4010 6302
224 239 326 296 li‘!

1452 252 1818 308 ΡιιΑΞΕΑΤιΟ
1855 253 1944 307 AD
1984 253 2144 310 TOM.
2186 254 2269 308 Ill.

3373 265 3500 322 H8.

217 364 433 425 peteret
489 361 846 416 sacerdotalis
893 364 1099 419 ordinis
1145 366 1308 430 viros,
1356 366 1801 434 quemadmodum
1832 370 1876 424 Α
1904 364 2264 418 decretalibus
2290 363 2598 418 corumdem
2648 365 2903 434 epistolis,
2935 382 3038 420 non
3087 369 3324 439 indigent
3355 372 3469 425 elu-

221 446 523 514 impetebat
553 453 656 504 sub
684 451 844 505 Decio
888 462 943 507 et
987 455 1337 512 Diocletiano.
1368 457 1566 512 Verum
1599 457 1685 510 ubi
1716 457 1807 510 de-

219 547 468 590 cumanze
517 538 668 593 illius
707 544 1102 609 persecutionis
1149 547 1380 615 procella
1422 547 1724 611 deferbuit,
1753 555 1807 600 et

219 623 362 678 Petri
401 629 598 682 navim
636 646 759 685 cum
791 637 1062 689 navarcho
1091 637 1380 692 absorbere
1395 637 1506 706 jam
1538 655 1643 693 non
1673 654 1806 693 con-

221 716 410 778 tendit,
467 718 768 776 intestinus
825 724 1089 779 hmresum
1127 738 1306 783 motus
1355 739 1410 784 et
1457 731 1804 784 schismatum

221 804 544 873 navigantes
576 811 868 876 concussit,
913 823 965 867 et
996 830 1026 868 e
1056 816 1207 872 clavo
1251 819 1537 874 deturbare
1565 821 1806 874 modera-

223 899 388 962 torem
423 894 614 964 ipsum
645 902 900 956 connisus
925 914 1026 958 est.
1060 906 1342 962 Tumultus
1390 910 1532 963 illius
1557 918 1806 965 auctores

215 980 356 1048 iusta
389 987 745 1055 expulsione,
784 1001 840 1043 ut
868 1008 966 1060 par
995 1002 1109 1046 erat
1132 1035 1146 1058 ,
1196 1010 1226 1048 t:
1253 1007 1394 1051 coetu
1423 998 1652 1052 ﬁdelium
1682 1013 1806 1067 pro-

215 1068 338 1134 iecti
368 1091 402 1135 ,ε
433 1074 847 1143 degenerarunt
903 1096 966 1134 ex
1006 1083 1167 1136 sociis
1218 1084 1429 1139 itineris
1474 1086 1524 1138 in
1582 1086 1799 1153 piratas.

222 1157 617 1218 Hzcresiarchm
668 1176 821 1221 extra
869 1169 1166 1225 Ecclesiam
1224 1173 1377 1241 ejecti
1422 1175 1643 1230 hostiles
1689 1179 1804 1230 ani-

220 1263 330 1300 mos
361 1252 752 1318 manifestam,
803 1257 1153 1314 intruduntur
1189 1278 1330 1332 saepe
1368 1280 1396 1317 a
1445 1266 1800 1336 principibus,

219 1352 394 1394 secum
426 1343 480 1396 in
507 1359 754 1399 errorem
787 1350 1095 1415 pertractis,
1125 1353 1190 1404 ad
1215 1357 1554 1424 occupandos
1583 1358 1800 1411 eosdem

221 1432 461 1495 thronos,
501 1450 532 1486 a
560 1437 764 1503 quibus
792 1437 1006 1492 fuerant
1051 1442 1298 1511 depositi.
1341 1445 1470 1500 lude
1502 1455 1681 1500 autem
1711 1449 1802 1502 de-

221 1527 401 1573 tonant
433 1532 635 1577 contra
667 1525 964 1582 Romanam
999 1530 1156 1585 ﬁdem
1203 1548 1265 1588 ac
1307 1536 1486 1588 sedem
1520 1553 1532 1588 :
1564 1537 1704 1605 quod
1748 1538 1800 1592 in

221 1606 840 1679 Constantinopolitanis
873 1632 978 1670 non
1025 1620 1193 1674 semel
1239 1622 1510 1692 contigit:
1542 1623 1666 1679 freti
1709 1642 1801 1694 po-

1910 455 2177 508 cidatione
2223 464 2317 509 aut
2369 456 2682 524 probatione
2731 456 2833 509 ulla
2897 457 2947 510 in
3007 459 3396 528 prolegoaienis
3455 481 3466 516 :

1909 559 2031 598 cum
2062 560 2172 613 pra:
2203 546 2448 600 manibus
2467 547 2704 600 omnium
2724 548 2830 602 sint
2851 547 3188 606 Collectioncs
3214 567 3472 606 canonum

1909 641 2130 697 veteres,
2183 635 2479 702 prmscrtim
2523 634 2728 689 Latina:
2775 651 3045 703 :quarum
3097 639 3469 694 collectionum

1907 722 2126 775 exordia
2181 723 2419 792 plerique
2468 725 2761 792 scriptores
2788 726 2963 780 mtatis
3005 738 3202 781 nostra:
3235 727 3473 782 referunt

1906 809 1975 862 ad
2002 811 2243 877 quintum
2274 811 2522 866 sacculum
2551 813 2772 877 Christi,
2801 823 2857 867 et
2885 826 3167 885 augmenta
3198 819 3472 887 reperiunt

1907 893 1962 952 in
1999 908 2152 954 sexto
2193 917 2291 970 per
2317 902 2623 972 Dionysium
2654 914 3010 973 cognomento
3034 905 3332 976 Exiguum,
3380 917 3476 966 aut

1906 988 1959 1042 in
1989 990 2248 1057 proximis
2284 992 2534 1046 aetatibus
2550 1001 2734 1045 curata
2782 1008 2875 1061 per
2917 993 3250 1048 Cresconium
3281 1006 3333 1049 ct
3369 995 3474 1050 Isi—

1904 1077 2111 1130 dorum.
2162 1078 2268 1133 Sed
2321 1089 2376 1134 et
2429 1082 2758 1137 recentiores
2804 1083 3157 1138 illustratores
3199 1087 3340 1154 juris
3383 1104 3474 1143 ca-

1904 1168 2083 1220 nonici
2109 1169 2320 1223 abunde
2365 1171 2710 1243 cumularunt
2757 1183 2999 1227 veterum
3051 1175 3378 1244 diligentiam
3416 1177 3474 1233 in

1904 1256 2252 1325 amplissimis
2278 1260 2552 1326 operibus,
2599 1263 2708 1315 acri
2733 1260 2938 1329 judicio
2968 1265 3209 1320 subactis
3233 1276 3284 1321 et
3313 1267 3475 1322 casti-

1903 1345 2040 1413 gatis
2071 1362 2083 1398 :
2113 1348 2254 1414 quod
2284 1349 2506 1416 perinde
2547 1352 2726 1405 evenit
2758 1353 2809 1405 iu
2851 1353 3162 1423 colligendis
3191 1357 3475 1411 decretali-

1901 1432 2002 1487 bus
2048 1435 2288 1502 epistolis
2311 1476 2326 1498 ,
2359 1453 2422 1490 ac
2473 1438 2613 1492 inter
2645 1455 2738 1494 eas
2765 1443 3109 1498 secernendis
3141 1447 3387 1514 genuinis
3420 1459 3475 1502 et

1902 1523 2044 1577 veris
2071 1525 2138 1578 ab
2165 1527 2483 1594 apocryphis
2509 1536 2564 1600 et
2598 1530 2982 1598 snpposititiis;
3013 1532 3083 1585 ita
3111 1542 3168 1586 ut
3195 1549 3320 1601 pars
3361 1537 3473 1590 lucc

1901 1624 2172 1684 gestorum
2215 1617 2600 1684 pontiﬁcaliuin
2645 1620 2842 1675 nullius
2880 1623 3120 1692 opusculi
3180 1625 3355 1696 indiga
3396 1629 3473 1679 vi-

221 1699 379 1750 tentia
406 1702 599 1754 seculi
632 1705 913 1761 catholica
947 1709 1224 1779 religionis
1253 1713 1446 1782 dogma
1488 1717 1803 1773 subvertere
1832 1698 1876 1755 Β
1905 1705 2112 1759 ἀείδων·

220 1797 271 1839 et
297 1791 594 1856 apostolica
625 1791 748 1860 jura
778 1797 1080 1853 convellere
1106 1815 1168 1855 ac
1201 1801 1462 1859 subruere
1508 1806 1796 1860 connitun-

225 1881 324 1928 tur.
374 1877 656 1936 infractus
708 1885 922 1939 interim
971 1889 1183 1945 animus
1224 1891 1371 1946 Petri
1428 1909 1799 1950 successorum

223 1967 591 2024 concreditam
648 1972 749 2026 sibi
783 1979 1160 2033 auctoritatem
1201 1991 1417 2048 tuetur,
1473 1994 1526 2038 et
1565 1988 1630 2039 ad
1679 1987 1799 2041 ﬁdei

222 2056 578 2110 constantiam
619 2063 978 2129 retinendam,
1026 2077 1081 2121 et
1131 2070 1350 2126 unitatis
1400 2088 1464 2127 ac
1507 2074 1800 2144 disciplina:

225 2143 454 2198 ordinem
487 2153 820 2207 servandum
849 2155 982 2212 alios
1022 2160 1302 2230 episcopos
1338 2164 1537 2219 ﬁrmat.
1561 2167 1615 2220 In
1639 2143 1801 2224 variis

223 2240 429 2288 elatum
460 2239 678 2293 vicibus
721 2244 940 2310 aequalis
972 2261 1036 2302 ac
1079 2250 1180 2304 sibi
1233 2262 1489 2308 constans
1525 2255 1800 2310 Romano--

227 2336 336 2374 rum
366 2327 670 2392 ptmsulum
700 2332 850 2401 vigor
891 2338 1208 2402 promissam
1256 2343 1356 2396 sibi
1408 2343 1664 2400 divinitus
1690 2347 1796 2400 vim

228 2414 556 2482 manifestat,
585 2428 640 2471 et
666 2432 831 2489 petra:
867 2424 1006 2479 illius
1047 2427 1374 2495 ﬁrmitatem,
1402 2442 1590 2486 contra
1637 2449 1796 2502 quant

228 2513 383 2570 porta:
408 2507 576 2561 inferi
611 2527 714 2564 non
739 2515 1121 2580 praevalebunt.
1153 2519 1462 2586 llujusmodi
1490 2534 1666 2579 autem
1708 2542 1796 2580 so-

228 2590 435 2649 liditatis
464 2600 693 2668 :eqnalis
733 2603 784 2655 in
826 2613 972 2659 tanta
1019 2609 1282 2665 varietate
1307 2612 1674 2669 discriminum
1705 2633 1802 2686 per

232 2682 321 2736 tria
353 2686 437 2739 illa
462 2692 666 2744 saecula
697 2709 724 2744 a
753 2705 946 2762 quarto
973 2697 1038 2749 ad
1072 2711 1278 2753 sextum
1307 2717 1428 2755 acra:
1455 2703 1795 2770 Christiana,

230 2788 336 2841 qua:
391 2778 701 2835 Romanum
754 2785 1036 2853 imperium
1090 2791 1286 2843 misere
1336 2792 1694 2847 tlilaccrarunt
1734 2809 1798 2848 ac

229 2877 555 2936 everterunt,
589 2874 904 2941 percellcrct
931 2879 1108 2932 minus
1137 2880 1412 2934 evidenter
1440 2881 1656 2937 lectoris
1683 2884 1796 2937 ani-

233 2966 383 3016 mum,
409 2955 452 3007 si
489 2959 858 3025 membratim,
894 2971 950 3014 ut
980 2963 1052 3016 ita
1095 2965 1290 3030 dicam,
1315 2967 1543 3021 dissecta
1573 2969 1622 3019 in
1651 2977 1796 3022 textu

1975 1796 2061 1847 Η.
2092 1792 2244 1860 Quod
2273 1805 2450 1849 autem
2495 1799 2728 1866 pertinet
2765 1800 2829 1853 ad
2858 1808 3061 1869 partem
3091 1801 3312 1856 alteram
3343 1819 3476 1872 pon-

1905 1881 2050 1936 tiﬁcii
2081 1885 2342 1947 muneris,
2373 1895 2428 1940 et
2469 1887 2534 1941 ad
2563 1890 2772 1957 praxim
2817 1891 2981 1944 divini
3009 1893 3183 1947 cultus
3214 1893 3313 1947 rite
3339 1909 3474 1963 pm-

1901 1976 2148 2029 standam
2181 1993 2276 2047 per
2325 1978 2669 2036 fundationes
2695 1989 2970 2038 sacrorum
2996 1985 3233 2041 locorum
3272 2003 3336 2041 ac
3365 2002 3473 2041 coe-

1905 2073 2075 2127 tuum,
2104 2082 2399 2137 eorumque
2423 2071 2726 2128 dotationes
2750 2089 2812 2128 ac
2833 2076 3197 2132 dedicationes
3218 2119 3232 2140 ,
3265 2094 3472 2134 necnon

1901 2169 1997 2224 per
2051 2155 2420 2213 institutiones
2475 2170 2529 2214 et
2579 2163 2946 2218 ordinationes
2993 2167 3368 2231 sacerdotum,
3418 2179 3474 2224 et

1901 2247 2094 2302 seriem
2139 2249 2423 2304 ministerii
2451 2251 2703 2306 decenter
2747 2254 2814 2309 ab
2841 2255 2909 2308 iis
2937 2255 3190 2320 obeundi,
3223 2259 3336 2312 haec
3359 2275 3471 2312 om-

1901 2337 1990 2390 nia
2021 2323 2226 2391 utiliter
2248 2340 2540 2393 admittunt
2565 2341 2826 2395 delectum
2864 2344 3241 2412 opusculorum
3271 2346 3476 2415 aliquot

1903 2425 1987 2478 his
2027 2426 2423 2497 prolegomenis
2479 2418 2886 2484 inserendorum
2940 2434 3006 2486 ad
3061 2434 3470 2489 illustrationem

1901 2526 1994 2570 aut
2017 2518 2516 2587 eontprobationem
2545 2521 2781 2575 historia:
2808 2523 2862 2574 in
2886 2521 3024 2577 Vitis
3041 2523 3278 2592 digestw.
3303 2526 3474 2581 Annis

1898 2608 2040 2660 enim
2087 2607 2256 2663 ferme
2307 2612 2560 2665 lercentis
2604 2613 2670 2665 ab
2699 2621 2859 2678 aetate
2905 2612 3239 2668 Constantini
3271 2626 3326 2670 et
3351 2616 3469 2687 Syl-

1899 2699 2061 2751 vestri
2086 2698 2150 2751 ad
2179 2698 2426 2768 Magnum
2453 2699 2770 2770 Gregorium
2800 2712 2854 2756 et
2879 2706 2944 2756 ad
2971 2703 3252 2772 imperium
3281 2705 3472 2761 Phoca:

1899 2787 2142 2856 proxime
2168 2790 2484 2854 numeratis,
2516 2806 2632 2858 quae
2656 2792 2908 2846 materies
2930 2803 3010 2846 est
3032 2794 3190 2862 hujus
3208 2795 3467 2859 tomi,oc-

1899 2886 2125 2929 currunt
2150 2878 2430 2946 principum
2453 2878 2814 2945 fundationes,
2843 2897 2905 2935 ac
2933 2882 3238 2938 dotationes
3280 2885 3469 2940 Eccle-

1902 2962 2122 3030 Siarum,
2142 2981 2309 3022 sacrae
2330 2970 2674 3038 supellectilis
2697 2987 2890 3040 genera
2914 2974 3117 3028 :cdibus
3138 2976 3246 3028 Deo
3275 2976 3470 3030 dicatis

231 3054 286 3094 ac
313 3043 360 3096 in
392 3048 544 3100 notis
567 3049 906 3104 solummodo
953 3069 1050 3121 per
1079 3063 1259 3122 partes
1288 3057 1650 3110 exhiberetur.
1676 3058 1796 3112 Col-
1825 3028 1868 3089 C
1901 3055 2066 3120 illata,
2098 3066 2259 3124 atque
2290 3059 2646 3113 instrumenta
2679 3061 2880 3131 reliqua
2909 3062 3074 3116 divini
3098 3064 3289 3127 cultus,
3331 3067 3469 3118 anti-

233 3126 424 3198 ligenda
473 3145 598 3188 erat
649 3139 959 3192 continuata
1014 3143 1248 3209 quadam
1309 3144 1664 3200 delineationc
1708 3162 1791 3201 ve-

233 3216 317 3272 luti
346 3222 395 3275 in
421 3240 594 3279 unum
633 3242 830 3296 corpus
851 3230 1092 3284 historia:
1122 3249 1134 3285 :
1163 3235 1302 3301 quod
1339 3251 1458 3289 cum
1489 3239 1800 3305 prmstiterit

237 3307 304 3361 ill.
347 3327 406 3365 ac
455 3330 577 3368 rev.
633 3315 695 3370 D.
751 3319 1189 3390 archiep’sc0pus
1229 3323 1585 3381 Ctesareensis
1639 3326 1796 3384 Joan.

234 3396 468 3456 Claudius
494 3403 771 3459 Sommier
803 3408 852 3460 in
883 3410 1200 3477 prmfatione
1243 3415 1309 3467 ad
1355 3423 1558 3469 tomum
1606 3434 1793 3472 secun-

235 3487 344 3541 dum
364 3505 473 3546 sua:
500 3493 754 3548 Historia:
780 3498 1094 3566 dogmaticae
1122 3499 1178 3554 S.
1212 3502 1383 3567 Sedis,
1403 3506 1709 3561 curavimus
1740 3507 1792 3560 in

235 3580 617 3651 prolegomenis
648 3586 868 3656 hujusce
899 3592 1023 3643 tomi
1052 3593 1284 3659 primunt
1311 3610 1374 3649 ex
1402 3597 1674 3664 opusculis
1709 3599 1793 3653 edi

236 3683 368 3725 nutu.
393 3676 440 3727 i.
475 3676 612 3729 Illud
638 3694 706 3731 ex
733 3679 938 3735 Gallico
971 3682 1222 3738 idiomate
1258 3685 1309 3738 in
1340 3685 1589 3740 Latinum
1623 3698 1798 3744 trans-

237 3762 344 3817 tulit
367 3763 430 3818 V.
461 3768 528 3821 C.
579 3769 641 3821 D.
701 3769 988 3838 Cajctanus
1035 3775 1199 3828 Ccnni
1231 3817 1245 3841 ,
1288 3778 1355 3831 ab
1387 3777 1689 3845 hujusmodi
1722 3781 1796 3833 la-

238 3851 352 3908 bore
380 3871 465 3912 me
491 3860 759 3924 revelans,
791 3865 1080 3932 cteteroqui
1113 3876 1432 3936 occupatum
1466 3868 1518 3920 in
1561 3870 1704 3923 notis
1727 3885 1794 3924 ex

239 3941 458 4009 ejusdem
489 3951 738 4017 praesulis
767 3952 905 4006 libro
932 3953 1120 4008 Latine
1151 3955 1457 4021 reddendis,
1479 3965 1532 4011 et
1562 3958 1612 4011 in
1639 3960 1794 4012 chro-

242 4034 434 4104 nologia
478 4041 868 4105 continuanda,
895 4059 1011 4111 qua:
1042 4037 1368 4113 postremum
1398 4046 1570 4101 locum
1600 4048 1650 4101 in
1681 4063 1798 4117 pro-

240 4119 521 4190 legomenis
553 4138 716 4185 tenet.

304 4211 383 4266 10.
427 4214 671 4270 Primum
723 4218 888 4288 igitur
935 4222 1249 4289 opusculum
1295 4224 1424 4277 illud
1472 4226 1702 4294 pertinet
1730 4227 1796 4281 ad

244 4301 626 4365 dilucidandum
670 4320 1013 4380 conspectum
1043 4312 1311 4367 llistoriaa.
1343 4314 1547 4370 Czetera
1581 4318 1633 4371 in
1665 4311 1795 4386 pro-

1898 3146 2019 3214 quis
2045 3147 2352 3203 nominibus
2377 3150 2465 3204 hic
2505 3151 2735 3204 indicata
2771 3168 2865 3221 per
2891 3152 3332 3209 bibliothecarios
3371 3172 3468 3224 pro

1901 3244 2140 3305 tempore
2191 3257 2203 3290 :
2251 3253 2371 3307 qure
2419 3240 2674 3293 vocabula
2736 3255 2906 3309 neque
2955 3250 3080 3294 ante
3143 3243 3469 3297 admiserant

1898 3324 2103 3380 Latina:
2135 3327 2327 3397 lingua:
2355 3329 2664 3396 scriptorcs,
2694 3344 2792 3382 nec
2835 3331 3030 3398 posteri
3064 3332 3128 3385 ad
3161 3332 3298 3384 hanc
3336 3343 3437 3386 aeta

1901 3424 2007 3468 tem
2041 3417 2398 3470 retinuerunt.
2427 3417 2557 3471 Erat
2583 3418 2749 3487 igitur
2785 3417 3099 3472 illustranda
3130 3421 3244 3474 haec
3277 3423 3471 3477 obscu-

1899 3505 2034 3559 ritas
2061 3520 2162 3575 0pc
2214 3505 2632 3560 nomenclatoris
2666 3507 2887 3571 eruditi,
2927 3510 3018 3577 qui
3066 3509 3239 3563 facem
3274 3526 3462 3579 oppor-

1900 3601 2027 3646 tune
2054 3592 2354 3661 praeferret.
2383 3592 2701 3648 Prtetulerat
2745 3609 2872 3648 vero
2921 3596 3179 3664 providus
3230 3598 3471 3653 historia:

1895 3689 2176 3748 reparator
2196 3681 2503 3744 Panvinius,
2526 3682 2651 3735 dum
2675 3683 2987 3751 opusculum
3016 3687 3272 3739 conderet
3296 3696 3470 3741 trans~

1895 3771 2118 3825 missum
2138 3771 2428 3827 Laurentio
2447 3773 2635 3840 Celso,
2667 3775 2978 3844 editumque
3010 3777 3150 3847 typis
3195 3793 3313 3832 cum
3350 3778 3470 3831 Pla-

1898 3859 2008 3911 tina
2045 3861 2111 3912 de
2156 3860 2292 3915 Vitis
2321 3863 2633 3930 pontilicum
2675 3863 2914 3918 Colonia:
2961 3866 3100 3934 apud
3151 3865 3466 3920 Scholinnm

1895 3963 2036 4001 anno
2079 3949 2229 4013 1574,
2263 3951 2348 4005 cui
2395 3952 2579 4005 titulus
2625 3953 2879 4022 prteﬁxus
2904 3963 2986 4008 est
3027 3974 3038 4007 :
3092 3955 3466 4025 Interpretatio

1895 4055 2077 4091 vocum
2127 4038 2592 4093 ecclesiasticarum
2655 4058 2769 4110 qua:
2823 4043 3055 4095 obscurm
3109 4045 3184 4097 vel
3228 4045 3465 4096 barbara:

1894 4128 2152 4180 videntur.
2184 4127 2434 4180 Animum
2463 4127 2802 4189 induxeram,
2848 4138 2908 4182 ut
2937 4129 3035 4181 hoc
3069 4129 3240 4197 ipsum
3277 4129 3468 4181 Ραηυί-

1897 4219 1970 4270 nii
1999 4217 2311 4286 opusculum
2343 4217 2430 4270 hic
2463 4217 2776 4271 reettderem
2810 4227 3065 4286 tanquam
3119 4219 3318 4271 fontem
3356 4220 3466 4286 pri-

1897 4321 2043 4359 mum
2075 4305 2617 4370 Ilieralexicorum,ct
2647 4315 3006 4375 opportunum
3047 4307 3178 4361 satis
3207 4308 3272 4359 ad
3310 4321 3466 4360 voces

243 4388 519 4460 legomenis
556 4369 1136 4454 collecta'refenmmr
1177 4403 1243 4454 ad
1298 4369 1790 4473 comprobatione",
1821 4369 1870 4428 Β
1897 4396 2170 4450 Anastasii
2204 4395 2571 4457 elucidandas,
2612 4395 2849 4465 illudque
2901 4412 3006 4449 non
3055 4397 3215 4450 nimis
3249 4395 3465 4448 obvium

243 4491 496 4548 gestorum
521 4502 643 4554 qua:
686 4487 738 4540 in
782 4489 969 4542 eadem
1010 4489 1244 4542 Historia
1275 4506 1366 4544 seu
1403 4491 1536 4546 Vitis
1581 4494 1793 4562 [πηλιιίίί-

245 4587 348 4626 cum
377 4587 763 4632 memorantur.
783 4578 946 4633 Gesta
970 4594 1098 4632 vero
1120 4581 1385 4648 pra2cipua
1407 4593 1691 4636 versantur
1713 4583 1794 4636 vel

245 4661 291 4714 in
315 4667 604 4722 statuendis
629 4669 830 4737 regulis
875 4670 997 4724 ﬁdei
1030 4687 1094 4724 ac
1133 4687 1366 4734 morum,
1396 4672 1478 4723 vel
1510 4672 1560 4724 in
1591 4673 1795 4742 legibus

245 4750 576 4811 decernendis
624 4759 690 4811 de
735 4760 837 4810 ritu
893 4760 1059 4812 divini
1118 4760 1295 4813 cultus
1343 4771 1594 4815 accurate
1639 4776 1795 4815 exer-

246 4845 480 4910 cendo,et
505 4849 704 4913 causis,
723 4850 1004 4918 ctjudiciis
1038 4852 1428 4920 pertinentibus
1449 4853 1516 4905 ad
1545 4854 1790 4907 eumdem

247 4933 422 4988 cultum
449 4952 462 4990 :
487 4953 592 5006 quo
625 4938 676 4992 in
710 4954 876 4992 censu
901 4942 1119 4993 veniunt
1159 4941 1470 5005 electiones,
1500 4943 1794 4997 ordinatio-

249 5037 348 5090 nes,
372 5036 424 5081 et
461 5032 894 5085 consecrationes
920 5034 1259 5086 sacerdotum
1296 5035 1556 5103 majorum
1588 5051 1650 5089 ac
1694 5037 1793 5088 mi-

252 5125 442 5181 norum,
491 5133 554 5172 ac
603 5118 1005 5183 ministrorum,
1043 5119 1421 5186 fundationes,
1471 5123 1794 5186 dotationes,

251 5197 584 5263 dedicationes
611 5224 886 5263 sacrarum
927 5212 1117 5265 aedium
1143 5253 1156 5273 ,
1206 5213 1473 5282 totiusque
1497 5213 1660 5268 divini
1693 5215 1794 5279 mi-

255 5291 434 5350 nisterii
467 5314 641 5352 canon
666 5309 720 5353 et
743 5300 878 5354 ordo
917 5301 982 5354 ad
1010 5316 1072 5354 ea
1110 5303 1440 5370 peragenda.

313 5384 369 5438 Et
395 5389 478 5443 illa
521 5391 735 5458 quidem
766 5401 888 5460 qua:
929 5394 1198 5461 pertinent
1231 5396 1297 5448 ad
1342 5395 1556 5464 regulas
1582 5394 1702 5448 ﬁdei
1735 5410 1798 5449 ac

258 5485 437 5530 morum
467 5480 548 5533 vel
575 5480 628 5532 in
673 5481 917 5536 conciliis
959 5483 1246 5536 constituta
1281 5500 1373 5553 per
1399 5500 1637 5538 smnmos
1667 5500 1798 5552 pon-

260 5560 405 5618 tiﬁces
425 5567 636 5624 indictis
667 5578 720 5625 et
748 5571 1083 5640 approbatis,
1118 5573 1199 5628 vel
1226 5582 1375 5627 extra
1413 5573 1698 5627 concilium
1743 5575 1792 5625 in

1897 4501 2008 4557 pra:
2038 4487 2258 4538 raritate
2275 4485 2870 4553 exemplorum.Verum
2891 4501 3014 4539 cum
3040 4485 3146 4551 jam
3167 4486 3465 4553 prodierint

1900 4577 1952 4630 in
1977 4575 2145 4629 lucem
2177 4574 2362 4636 lexica,
2389 4574 2555 4627 multo
2585 4575 3123 4642 amplior-metemus
3151 4577 3246 4628 a:vi
3286 4575 3466 4627 erudi-

1901 4666 2043 4719 tione
2068 4666 2284 4728 referta,
2303 4663 2470 4717 Macri
2494 4665 2792 4733 przcscrlim
2820 4673 2873 4716 et
2895 4661 3102 4731 Cangii,
3120 4679 3236 4730 qua:
3259 4663 3465 4716 iteratis

1901 4756 2462 4826 impressionibusjam
2495 4772 2600 4808 non
2631 4755 2920 4809 difﬁculter
2944 4764 3234 4822 parantur,
3261 4764 3464 4824 tempe-

1901 4846 2013 4898 ravi
2037 4862 2065 4898 a
2083 4845 2326 4898 Panvinii
2349 4845 2627 4912 opusculo,
2643 4844 2867 4910 aliisque
2885 4841 3150 4895 similibus
3175 4844 3312 4895 inter
3338 4857 3465 4911 pro-

1902 4935 2177 5003 lcgomena
2203 4932 2758 4988 recensemlis.Visurn
2785 4931 2914 4984 mihi
2934 4939 3014 4985 est
3030 4940 3380 5000 praestare,ut
3397 4930 3469 4986 af-

1901 5025 2100 5080 ferrem
2133 5027 2336 5094 aliquot
2363 5025 2570 5093 publica
2595 5025 2912 5076 documenta
2931 5022 3071 5076 illius
3085 5024 3259 5077 aetatis
3277 5024 3341 5077 de
3364 5039 3467 5090 qua

1902 5118 1989 5171 hic
2023 5117 2252 5187 agimus,
2281 5116 2333 5168 in
2371 5115 2564 5183 quibus
2617 5113 2971 5166 ecclesiarum
3014 5111 3258 5166 fundatio
3290 5126 3353 5165 ac
3382 5111 3474 5166 d0-

1903 5205 2034 5258 tatio
2065 5206 2364 5258 sociaretur
2388 5217 2511 5256 cum
2540 5200 2890 5272 cxpressione
2934 5215 3103 5255 sacro:
3133 5198 3472 5268 suppellecti-

1903 5295 1984 5355 lis,
2018 5295 2262 5349 obscuris
2287 5308 2348 5345 ac
2369 5292 2614 5345 barbaris
2645 5290 2860 5346 vocibus
2884 5289 3274 5345 bibliothecarii
3307 5288 3474 5342 etiam

1902 5389 1955 5441 in
1985 5395 2130 5440 textu
2159 5384 2464 5439 enuntiatze.

1975 5477 2059 5530 12.
2094 5473 2428 5528 Prwferenda
2465 5488 2594 5528 vero
2640 5473 2738 5528 fuit
2768 5472 2980 5527 crcteris
3023 5471 3204 5524 charta
3252 5469 3340 5523 illa
3381 5466 3470 5520 Ti-

1903 5567 2104 5622 burtini
2147 5564 2349 5619 archivi
2391 5563 2710 5618 Cornutiana
2758 5563 3022 5633 appellata
3057 5578 3086 5615 a
3117 5558 3474 5630 scriptoribus
