3996 5412
562 296 668 356 H9

1298 296 1389 350 AD
1424 292 1865 350 ANASTASIUM
1906 288 2414 345 PROLEGOMENA
2452 289 2630 346 EDIT.
2669 287 3095 346 ROM.-VATIC.

3730 289 3836 346 ιεο

558 404 923 480 diplomaticis
953 422 969 462 :
1001 422 1122 476 qua:
1145 406 1381 476 primum
1409 408 1461 461 in
1487 407 1661 463 lucem
1692 404 1953 477 producta
1986 402 2088 456 l'uit
2115 419 2149 457 a
2178 405 2220 463 A
2251 398 2505 455 Contenti
2560 411 2738 456 autem
2791 403 2995 457 erimus
3048 400 3141 455 illo
3176 400 3329 470 quasi
3364 399 3660 470 specimine
3714 400 3837 453 illu-

565 499 627 552 V.
658 496 720 552 C.
749 496 983 566 .losepho
1013 494 1298 560 Suaresio,
1346 504 1473 551 tunc
1503 496 1719 552 erudito
1771 495 2110 550 adolescente
2132 535 2145 558 ,

558 587 902 658 postmodum
919 585 1285 640 illustrissimo
1306 586 1559 655 episcopo
1586 586 1927 651 Vasionensi,
1952 586 2148 640 deinde

559 692 754 744 recusa
814 691 843 729 a
896 676 975 730 rei
1028 674 1390 745 diplomatica:
1446 677 1685 731 omnium
1746 676 2145 731 consultissima

557 766 897 831 Mabillonio,
930 774 985 820 et
1021 765 1232 819 cmteris
1257 765 1461 821 chartis
1488 766 1541 822 in
1567 780 1731 835 opere
1758 766 1849 821 illo
1875 766 2033 836 plane
2059 767 2143 820 in-

558 856 913 926 comparabili
964 854 1208 910 collectis
1247 854 1372 924 jure
1431 858 1732 927 praemissa.
1794 854 1940 913 Satis
1997 856 2144 910 enim

560 945 727 1001 fuerit
748 962 815 1001 ex
842 944 1151 1015 hujusmodi
1184 947 1508 1002 documento
1549 946 1692 1001 illius
1720 948 1899 1003 anatis
1928 947 1994 1003 de
2038 962 2144 1016 qua

557 1037 651 1092 hic
677 1036 908 1106 agimus,
949 1045 1004 1090 et
1031 1036 1083 1089 in
1112 1036 1359 1105 publicas
1388 1035 1597 1090 tabulas
1623 1035 1790 1091 relato
1836 1035 2010 1090 Leone
2039 1036 2148 1089 Au-

557 1135 708 1195 gusto
741 1134 989 1196 quartum
1022 1135 1068 1179 et
1106 1125 1373 1180 Probtano
1401 1125 1549 1180 Cosa.
1596 1126 1813 1198 (nempe
1840 1142 1963 1181 certe
1991 1126 2148 1181 ειπε-

557 1214 751 1270 stiante
773 1230 917 1269 anno
941 1215 1093 1285 471),
1124 1217 1274 1282 satis,
1304 1217 1543 1287 inquam,
1563 1218 1670 1272 erit
1695 1218 1818 1272 inde
1855 1219 2145 1271 ostendere

560 1306 1007 1361 consuetudinem
1065 1307 1415 1362 donationum
1469 1323 1535 1362 ac
1589 1307 1922 1361 dotationum
1972 1308 2147 1361 sacris

559 1397 765 1452 aedibus
799 1399 1185 1468 praestitarum,
1218 1407 1272 1453 et
1294 1398 1552 1453 vocabula
1582 1397 1859 1467 complura
1886 1413 2143 1468 generum

560 1500 627 1542 ac
667 1489 970 1557 specierum
1001 1502 1171 1543 sacra:
1195 1488 1568 1558 supellectilis,
1593 1488 1646 1541 in
1677 1497 1824 1542 textu
1850 1486 2143 1541 Bibliothe-

559 1580 693 1634 carii
729 1587 785 1636 et
816 1580 869 1634 in
900 1580 1089 1635 charta
1138 1580 1467 1636 Cornutiana
1517 1582 1742 1652 perinde
1774 1580 2136 1635 occurrentia.

2257 503 2432 549 strare
2459 495 2837 566 prolegomcna
2868 494 3014 549 tertii
3042 493 3202 563 hujus
3231 493 3381 556 tomi,
3410 508 3534 547 cum
3564 491 3671 545 alia
3703 506 3833 560 pro-

2255 582 2360 636 lata
2392 585 2501 637 sint
2528 599 2593 638 ex
2624 584 3064 654 inscriptionibus
3089 584 3316 638 vetustis
3346 583 3397 637 in
3423 582 3741 651 praefatione
3763 583 3835 637 ad

2256 684 2456 729 tomum
2480 676 2713 745 primum
2753 691 2979 729 numero
3006 674 3078 729 45
3108 684 3163 728 et
3187 690 3336 744 seqq.

2325 767 2410 821 15.
2474 766 2633 821 llisce
2690 766 2851 837 igitur
2899 765 3172 835 opusculis
3225 765 3606 836 prolegomena
3649 773 3831 819 nostra

2251 869 2372 910 cum
2434 854 2891 918 instruxerimus,
2939 854 3128 908 eadem
3182 853 3571 922 complebimus
3625 851 3831 920 adjecta

2253 945 2602 1015 chronologia
2639 946 2931 1016 pontiﬁcio,
2969 944 3214 999 Caesarea
3260 952 3314 997 et
3348 943 3623 999 consulari
3672 946 3832 998 trium

2255 1038 2572 1093 saeculorum
2603 1038 2727 1092 huic
2762 1047 2908 1091 tomo
2933 1035 3433 1091 commcndatorum
3454 1050 3652 1104 :quam
3677 1035 3832 1090 ador-

2256 1133 2487 1187 nandam
2515 1133 2698 1187 curavi
2724 1133 2790 1186 ad
2819 1132 2992 1186 instar
3034 1130 3389 1202 praecedentis
3416 1138 3566 1183 tumo
3595 1128 3833 1183 secundo

2258 1221 2534 1291 disposita:
2556 1238 2653 1291 per
2680 1236 2851 1277 annos
2875 1221 3114 1288 singulos
3143 1235 3266 1275 cum
3292 1219 3636 1274 documentis
3664 1218 3833 1272 moni-

2254 1321 2555 1366 mentorum
2596 1322 2839 1367 veterum
2891 1312 3137 1366 eamdem
3187 1311 3663 1380 comprobantium
3707 1326 3724 1364 :
3776 1318 3834 1363 ut

2249 1384 2445 1456 deinde
2491 1402 2556 1455 ad
2593 1402 2863 1456 sertioues
2918 1410 3098 1455 textus
3148 1399 3634 1463 bibliothecarius,
3682 1405 3740 1454 et
3765 1397 3829 1451 ad

2249 1506 2434 1544 earnm
2466 1500 2621 1546 notas
2648 1492 2925 1562 ingressus
2949 1492 3017 1546 de
3048 1505 3199 1546 more
3226 1497 3433 1560 pateat,
3454 1498 3510 1545 et
3533 1490 3686 1561 regia
3714 1504 3830 1543 mu-

2251 1584 2431 1636 niatur
2464 1583 2570 1636 via.

996 1850 1706 2074 CATALMUS
1751 1887 2451 2043 PONTII‘IGUM
2560 1888 3256 2044 unum:
3298 1855 3378 1938 (α)

1296 2154 1503 2228 Quem
1539 2152 1905 2233 Cbspianus
1943 2160 2145 2215 totum
2179 2154 2244 2215 in
2285 2156 2508 2219 Fastos
2540 2172 2693 2217 suos
2732 2154 3079 2217 transtulit.

554 2321 664 2387 Ex
712 2322 960 2399 ΛΕρὶἀῆ
1006 2324 1305 2386 Eucherii
1371 2321 1826 2383 Commentario
1890 2320 1952 2379 in
2010 2320 2317 2380 Cononem
2374 2320 2723 2381 Paschalem
2780 2323 3065 2393 Victorii,
3111 2338 3259 2399 pag.
3316 2321 3437 2383 269
3498 2318 3822 2385 Edt't‘t'om's

850 2402 1213 2466 lantiniana:
1246 2401 1601 2473 Antverpiw
1634 2399 2026 2461 MDCXXXI
2041 2402 2257 2472 l’,cum
2283 2400 2455 2459 notis
2488 2400 2938 2477 marginalibus
2971 2399 3237 2480 ejusdem
3265 2399 3585 2462 Eucherii.

617 2647 922 2714 lmperaute
950 2648 1169 2705 Tiberio
1192 2648 1403 2771 (Σαξιτο
1433 2662 1624 2718 passus
1645 2656 1729 2701 est
1752 2647 2011 2701 Dominus
2034 2662 2131 2701 no-
2163 2650 2210 2708 Β
2311 2644 2688 2702 TnLnsrnouus
2733 2649 2888 2702 annis
2941 2649 3189 2703 undecim
3214 2689 3230 2713 ,
3280 2649 3558 2704 mensibus
3617 2650 3820 2717 tribus,

617 2738 660 2771 ει·
686 2719 844 2771 Jesus
872 2721 1121 2771 Christus
1162 2719 1268 2770 duo
1307 2734 1372 2771 us
1403 2718 1643 2771 Geminis
1684 2716 2012 2771 consulibus.
2040 2732 2132 2770 vui
2240 2718 2428 2771 diebus
2457 2718 2644 2771 tribus.
2688 2718 2810 2771 Fuit
2841 2719 3168 2771 temporibus
3212 2718 3468 2771 Antonini
3509 2718 3762 2771 Macrini.
3790 2737 3819 2771 a

1236 2734 1268 2770 Ο

547 2731 660 2776 ster
686 2719 844 2774 Jesus
872 2721 1121 2775 Christus
1162 2716 1372 2771 duo‘bus
1403 2716 1643 2772 Geminis
1684 2716 2012 2777 consulibus,
2040 2732 2132 2770 vut

547 2788 815 2859 Kalendas
843 2790 1063 2859 Aprilis,
1091 2796 1146 2841 et
1174 2798 1293 2856 post
1323 2783 1759 2859 ascenstttn‘ejus
1794 2786 2136 2840 beatissimus

546 2858 742 2929 Petrus
785 2857 1149 2929 episcopatum
1182 2857 1573 2929 isuscepit.pEx
1616 2871 1722 2929 quo
1767 2866 2007 2925 tempore
2041 2869 2135 2923 per

546 2927 944 2985 successionem
973 2927 1336 2997 dispositum,
1389 2927 1512 2995 quis
1560 2927 1860 2997 episcopus,
1905 2934 1959 2980 et
2003 2934 2136 2994 quot

507 3000 707 3054 ‘annis
730 2999 964 3068 prmfuit,
1000 2998 1084 3052 vel
1111 2998 1568 3068 quoimperante.
1963 3064 1994 3068 ,Α
2032 3065 2046 3068 _
2114 3018 2119 3021 ‘

617 3064 835 3123 Peritos
869 3069 1024 3122 annis
1053 3064 1240 3137 viginti
1267 3064 1525 3137 quinque,
1556 3080 1742 3137 mense
1781 3064 2134 3137 uno,_diebus

546 3153 762 3193 novem.
795 3140 918 3193 Fuit
960 3134 1297 3206 temporibus
1321 3134 1519 3190 Tiberii
1548 3135 1797 3206 Cmsaris,
1832 3134 2050 3206 etiCaii,
2078 3143 2133 3188 et

545 3206 747 3263 Tiberii
788 3208 1017 3269 Claudii,
1060 3204 1114 3261 et
1150 3205 1377 3260 Nemnis
1418 3223 1431 3259 :
1477 3222 1507 3258 a
1538 3205 1819 3260 consulatu
1855 3204 2046 3258 Vinicii
2078 3212 2134 3257 et

544 3277 772 3347 Longini
805 3294 975 3347 usque
1002 3276 1233 3347 Neronis
1257 3286 1307 3347 et
1346 3276 1678 3347 Veteristb).
1726 3274 1924 3347 Passus
1952 3283 2130 3347 autem

546 3342 691 3401 cum'
702 3347 868 3403 Paulo
891 3342 982 3402 die
1009 3346 1166 3400 tertia
1197 3346 1464 3402 Kalendas
1484 3342 1671 3409 Julias,
1697 3344 2005 3399 consulibus
2027 3342 2126 3398 SS.

547 3417 866 3473 imoerante‘
878 3417 1110 3473 Nerone.

663 3503 780 3541 usus
817 3488 974 3541 annis
1002 3486 1304 3545 duodecim.
1338 3485 1614 3540 mensibus
1658 3492 1908 3553 quatuor,
1941 3482 2131 3553 diebus

546 3557 850 3611 duodecim.
902 3557 1025 3610 Fuit
1070 3556 1398 3623 temporibus
1445 3552 1712 3618 Neronis,
1766 3552 2129 3623 aiconsulatu

548 3626 826 3679 Saturnini
855 3635 909 3680 et
939 3622 1229 3695 Scipionis,
1258 3640 1424 3693 usque
1444 3625 1705 3691 Capitone
1729 3632 1782 3695 et
1811 3622 1966 3695 lium.

618 3696 867 3750 CLEIENS
882 3698 953 3763 (ε)
969 3692 1124 3750 anuis
1137 3692 1351 3757 novem,
1370 3695 1644 3749 mensibus
1659 3693 1923 3763 undecim.
1940 3692 2130 3763 diebus

547 3766 851 3819 duodecim.
887 3761 1012 3820 Fuit
1049 3765 1380 3834 temporibus
1408 3764 1590 3819 Gallum
1623 3772 1682 3834 e_t_
1719 3761 2056 3834 Vespasiani,
2098 3777 2129 3814 a

454 3876 463 3895 ,
548 3834 829 3903 consulatu
863 3834 1109 3891 Trachali
1137 3830 1191 3888 c't
1229 3834 1420 3899 ltalici,
1442 3849 1614 3903 usque
1641 3832 1969 3901 Vespasiano
1990 3830 2056 3883 Vl
2077 3840 2132 3886 et

549 3901 691 3958 Tito.

620 3974 834 4031 CLETUS
872 3976 1029 4031 annis
1060 3992 1152 4031 sex
1173 4017 1187 4041 ,
1227 3975 1500 4031 mensibus
1531 3975 1769 4032 duobus.
1803 3971 1991 4026 diebus
2035 3971 2129 4024 de-

548 4059 697 4116 cem.
723 4044 844 4099 Fuit
880 4047 1210 4116 temporibus
1256 4044 1563 4116 Vespasiani
1614 4042 1856 4116 et‘fl‘itit
1880 4052 1935 4095 et
1965 4041 2127 4116 initio

546 4112 857 4184 Qomitiani,
888 4130 916 4167 a
947 4112 1252 4171 consulibus
1266 4112 1713 4184 Vespasianonll
1736 4121 1791 4166 et
1829 4112 2129 4167 Domitiano

547 4180 595 4237 ν
624 4199 790 4257 usque
814 4185 1115 4257 Domitiano
1140 4187 1211 4241 IX
1239 4195 1289 4241 et
1329 4180 1484 4241 Rufo.

617 4251 937 4312 Auicmws
956 4251 1118 4311 annis
1135 4257 1437 4317 duodecim,
1478 4255 1750 4309 mensibus
1783 4256 1986 4316 decem,
2010 4251 2129 4305 die—

498 4358 513 4365 —
544 4324 649 4379 bus
676 4326 868 4381 tribus.
892 4326 1014 4379 Fuit
1056 4326 1386 4394 temporibus
1413 4324 1787 4394 Domitiani,a
1818 4322 2129 4394 consulibus

548 4394 853 4515 gpuiitiano
890 4394 936 4446 Χ
976 4405 1029 4448 et
1072 4390 1291 4459 Sabino,
1340 4409 1507 4462 usque
1557 4393 1858 4446 Domitiano
1892 4390 2032 4445 XVII
2075 4397 2129 4442 et

614 4472 845 4515 cmentc.

614 4472 845 4515 cmentc.

621 4533 923 4586 EVABISTUS
972 4531 1049 4601 (ά)
1098 4533 1252 4585 annis
1278 4532 1557 4595 tredecim,
1589 4531 1863 4585 mensibus
1899 4540 2124 4599 septem,

547 4602 739 4677 diebus
777 4602 1003 4677 duobus.
1048 4602 1188 4677 Fuit_
1218 4601 1548 4677 temporibus
1599 4601 1903 4677 novissimis
1942 4601 2125 4677 Domi-

551 4669 701 4734 tiani,
737 4681 786 4725 et
821 4670 1032 4733 Nervm,
1058 4679 1113 4725 et
1147 4669 1385 4738 Trajani,
1422 4687 1450 4723 a
1482 4671 1763 4725 consulatu
1799 4669 2033 4725 Valentis
2072 4681 2126 4724 et

554 4741 695 4812 Veri.
726 4757 894 4812 usque
920 4739 1074 4796 Gallo
1097 4748 1154 4795 et
1181 4739 1410 4794 Bradua.

615 4809 939 4866 Arminium
991 4812 1147 4865 annis
1185 4818 1414 4875 septem,
1454 4811 1730 4865 mensibus
1776 4812 2002 4875 duobus,
2042 4812 2127 4865 die

546 4894 673 4949 uno.
706 4881 829 4934 Fuit
860 4882 1190 4949 temporibus
1215 4878 1453 4949 Trajani,
1484 4897 1513 4932 a
1544 4881 1826 4935 consulatu
1857 4882 2052 4935 Palmm
2073 4889 2129 4934 et

548 4946 712 5038 Tutili,
738 4966 909 5019 usque
938 4946 1160 5038 Veli'ano
1185 4951 1254 5021 (ε)
1280 4946 1335 5003 (ξι
1364 4948 1579 5038 "ej-era
1599 5028 1611 5038 ι
1651 5020 1684 5038 ,,

2240 2718 2428 2771 diebus
2457 2718 2644 2771 tribus.
2688 2718 2810 2772 Fuit
2841 2719 3168 2787 temporibus
3212 2718 3468 2774 Antonini
3509 2718 3762 2782 Macrini,
3790 2737 3819 2774 a

2238 2788 2515 2911 Eousulatu
2545 2787 2741 2841 Titiani
2769 2799 2823 2844 et
2848 2788 3129 2856 Gallicani,
3159 2804 3328 2858 usque
3356 2788 3567 2844 Caesare
3604 2799 3660 2844 et
3699 2790 3817 2844 Bai-

2279 2872 2386 2910 mo.
3367 2899 3371 2901 .

2279 2872 2386 2910 tuo.
3367 2899 3371 2901 .

2308 2926 2544 2982 ΙΙγηικυε
2572 2928 2728 2983 annis
2761 2928 3067 2995 duodecim,
3093 2928 3367 2984 mensibus
3406 2928 3596 2989 tribus,
3632 2928 3819 2984 diebus

2236 3012 2350 3050 sex.
2384 2997 2506 3050 Fuit
2546 2998 2874 3066 temporibus
2912 2997 3058 3063 Veri,
3088 3015 3118 3053 a
3162 2996 3439 3053 consulatu
3467 2996 3736 3053 Gallicani
3770 3008 3822 3054 et

2236 3067 2468 3129 Veteris,
2501 3082 2669 3135 usque
2703 3066 2973 3122 Pnesente
2999 3078 3052 3122 et
3078 3068 3294 3124 Ruﬁno.

2306 3135 2434 3190 Pius
2460 3138 2615 3206 annis
2657 3137 2866 3205 viginti,
2895 3139 3167 3192 mensibus
3202 3144 3451 3206 quatuor,
3501 3138 3698 3194 diebus
3740 3139 3815 3192 vi-

2272 3208 2365 3259 iuti
2392 3220 2516 3275 uno.
2551 3204 2675 3259 Fuit
2704 3204 3033 3275 temporibus
3058 3204 3311 3263 Antonini
3347 3208 3449 3273 Pii,
3479 3225 3508 3262 a
3531 3209 3815 3263 consulatu

2280 3276 2375 3329 lari
2405 3285 2458 3329 ct
2498 3274 2705 3347 Severi,
2753 3274 2922 3347 usque
2951 3279 3157 3332 duobus
3182 3279 3459 3347 Augustis.
3500 3277 3615 3332 Sub
3660 3278 3818 3347 hujus

2233 3347 2542 3417 episcopatu
2566 3344 2735 3417 frater
2759 3344 2874 3415 ejus
2897 3347 3119 3402 Hermes
3138 3344 3332 3399 librum
3363 3348 3602 3416 scripsit,
3633 3348 3687 3401 in
3713 3344 3817 3417 quo

2234 3416 2517 3488 mandatur
2556 3415 2976 3488 contineturque
3006 3417 3151 3488 quod
3181 3418 3229 3471 ei
3272 3417 3527 3487 prmcepit
3568 3415 3812 3488 angelus,

2233 3502 2354 3540 cum
2386 3485 2531 3555 venit
2561 3484 2627 3537 ad
2656 3498 2778 3555 eum
2809 3486 2861 3538 in
2895 3485 3078 3540 habitu
3109 3487 3358 3555 pastoris.
3449 3484 3464 3487 ⁷
3647 3484 3671 3488 ⁷
3850 3531 3870 3542 -

2304 3556 2372 3623 (f)
2411 3554 2591 3609 Son-zu
2633 3554 2792 3608 annis
2833 3571 3043 3615 novem,
3095 3554 3370 3611 mensibus
3398 3558 3589 3619 tribus,
3624 3557 3814 3612 diebus

2233 3626 2460 3680 duobus.
2513 3623 2636 3678 Fuit
2675 3625 3000 3689 temporibus
3037 3625 3292 3680 Antonini
3338 3636 3393 3680 et
3438 3627 3744 3689 Commodi,
3782 3644 3813 3682 a

2233 3694 2512 3818 ἓοιιδιιιεηιι
2538 3691 2662 3747 Veri
2687 3703 2740 3746 et
2766 3691 3079 3760 Erenniani,
3123 3710 3293 3765 usque
3325 3695 3569 3775 .Paterno
3596 3704 3650 3751 et
3681 3697 3813 3751 Bra-

2271 3780 2350 3818 ua.

2271 3780 2350 3818 ua.

2303 3836 2378 3904 (g)
2404 3832 2614 3888 VICTOR
2648 3832 2803 3904 annis
2828 3847 3046 3904 novem,
3070 3835 3343 3890 mensibus
3370 3835 3597 3898 duobus,
3621 3836 3811 3895 diebus

2231 3901 2434 3964 decem,
2473 3902 2815 3976 a_con_sulatu
2857 3901 3133 3959 Saturnini
3181 3913 3236 3959 et
3275 3904 3432 3972 Galli,
3466 3919 3639 3976 usque
3667 3906 3812 3962 Prae-

2233 3984 2384 4030 sente
2411 3982 2464 4027 et
2490 3973 2785 4027 Extricato.
3478 4015 3485 4021 .

2302 4045 2378 4114 (Il)
2406 4042 2704 4114 CAELIBTUS
2738 4057 2907 4114 annos
2951 4043 3207 4113 quinque,
3239 4059 3455 4099 menses
3499 4045 3656 4109 duos,
3697 4044 3809 4101 dies

2230 4116 2436 4169 decem.
2475 4113 2599 4166 Fuit
2645 4113 2972 4183 temporibus
3016 4114 3239 4169 Macrini
3280 4124 3336 4168 et
3379 4114 3735 4183 Heliogabali,
3774 4132 3805 4169 a

2230 4183 2509 4307 Xrinsulaéu
2538 4181 2790 4236 Antonini
2816 4191 2871 4235 et
2899 4183 3147 4249 Adventi,
3177 4198 3345 4253 usque
3365 4181 3637 4239 Antonino
3662 4186 3725 4239 ΙΙΙ
3754 4194 3806 4240 ct

2300 4268 2433 4306 exan
2477 4268 2554 4307 ro.

2230 4256 2554 4307 Alexandro.

2301 4322 2552 4377 Uunasus
2581 4337 2749 4377 annos
2780 4330 2921 4386 octo,
2962 4336 3175 4378 menses
3207 4323 3475 4387 undecim,
3509 4323 3625 4379 dies
3670 4324 3804 4378 duo-

2230 4394 2425 4446 decim.
2487 4392 2610 4445 Fuit
2663 4392 2993 4461 temporibus
3046 4392 3377 4457 Alexandri,
3437 4408 3467 4446 a
3525 4394 3803 4449 consulatu

2230 4462 2443 4533 Maximi
2466 4470 2520 4517 et
2549 4461 2771 4524 AEIiani,
2800 4477 2968 4530 usque
2992 4461 3237 4533 Agricola
3260 4474 3314 4533 et
3338 4463 3697 4533 Clementino.

2300 4531 2604 4587 Posruuus
2634 4533 2792 4601 annis
2825 4531 3081 4601 quinque,
3122 4532 3396 4601 mensibus
3430 4532 3661 4597 duobus,
3695 4534 3802 4587 die—

2228 4604 2328 4657 bus
2353 4611 2576 4669 septem.
2602 4600 2728 4655 Fuit
2754 4600 3082 4670 temporibus
3119 4600 3428 4666 Alexandri,
3464 4618 3494 4655 a
3523 4603 3801 4656 consulatu

2226 4671 2535 4741 Pompeiani
2577 4679 2630 4725 et
2655 4670 2977 4742 Peliguiani.
3002 4671 3079 4725 Eo
3110 4681 3350 4740 tempore
3384 4672 3715 4742 Nepotianus
3742 4673 3802 4742 (ὁ)

2227 4739 2511 4810 episcopus
2552 4750 2607 4811 et
2654 4739 2968 4811 Hippolytus
2996 4739 3275 4811 presbyter
3311 4739 3529 4811 exsules
3560 4752 3689 4795 sunt
3709 4739 3803 4796 de;

2226 4808 2423 4879 portati
2466 4810 2518 4863 in
2561 4808 2789 4863 insulam
2834 4808 3080 4864 nocivam
3131 4808 3457 4871 Sardiniam,
3505 4810 3710 4865 Severo
3753 4820 3806 4864 et

2228 4882 2516 4945 Quintiano
2543 4879 2869 4934 consulibus.
2898 4879 2952 4933 In
2984 4880 3172 4933 eadem
3202 4881 3370 4934 insula
3401 4881 3696 4934 discinctus
3726 4890 3805 4934 est

2229 4948 3112 5040 eaeeae}.secessum
3137 4949 3556 5040 ςῑιίξρμςειῖηθιιεηε
3695 4951 3802 5004 λη-
