3996 5412
202 245 307 313 1⁸35

1211 243 1421 301 NOTE
1460 243 1528 300 IN
1567 244 1993 302 CATALOGUM
2033 244 2198 302 80M.
2240 243 2441 301 PONT.

3347 237 3451 295 126

198 360 387 419 lendas
433 358 652 429 Aprilis,
702 358 837 428 feria
881 371 939 422 ν,
986 355 1153 426 primo
1187 372 1306 410 vero
1349 358 1664 426 Azymorum
1692 356 1777 410 die
1805 362 1851 420 Α
1879 356 2185 420 auctoritas,
2204 363 2382 409 octavo
2402 350 2671 407 Kalendas
2693 348 2887 420 Aprilis
2910 357 3183 417 conceptus
3205 346 3449 401 tradituri

201 447 461 504 Dominus
485 459 661 503 noster
684 447 841 502 Jesus
863 444 1101 502 Christus
1126 462 1330 500 ctznans
1355 463 1472 499 cum
1507 444 1777 513 discipulis

200 540 333 601 suis,
377 549 652 607 postquam
679 538 762 590 sui
800 535 1031 605 corporis
1063 543 1110 589 et
1136 535 1404 604 sanguinis
1452 543 1780 586 sacramenta

200 628 470 698 patefecit,
496 627 566 680 ad
606 636 832 680 montem
872 623 1080 689 Oliveti,
1108 625 1241 678 sicut
1273 621 1554 692 Evangelia
1596 630 1780 675 sancta

198 726 483 779 testantur,
530 732 854 786 progressus,
889 714 1059 784 ibique
1097 714 1332 766 detentus
1367 722 1440 765 est
1476 730 1507 765 a
1552 708 1779 773 luditis,

199 806 444 861 tradente
473 805 750 875 discipulo.
784 805 980 858 Dehinc
1000 814 1147 857 sexta
1172 802 1304 872 feria
1326 802 1687 870 subsequente,
1726 799 1781 851 id

200 910 279 955 est
304 915 384 953 vn
428 898 698 953 Kalendas
737 895 955 967 Aprilis,
1002 894 1285 964 cruciﬁxus
1326 903 1398 946 est
1428 902 1475 946 et
1512 889 1780 959 sepultus;

203 988 361 1043 tertia
386 988 492 1053 die,
525 987 624 1042 hoc
650 996 726 1040 est
754 1001 788 1041 ν
814 984 1081 1039 Kalendas
1128 980 1344 1053 Aprilis,
1375 979 1649 1033 Dominica
1671 993 1786 1031 sur-

203 1077 339 1131 rexit
361 1094 395 1130 a
410 1074 831 1129 mortuis.Verha
858 1081 982 1127 sunt
994 1070 1217 1125 Victorii
1243 1069 1309 1123 ad
1329 1067 1591 1127 Hilarum,
1610 1064 1783 1119 sancti

204 1166 407 1224 Leonis
427 1167 605 1238 Magni
634 1176 760 1222 tunc
788 1163 1246 1225 archidiaconum,
1274 1158 1465 1214 deinde
1512 1169 1789 1211 successo-

209 1275 358 1325 rem,
398 1260 452 1313 in
502 1257 815 1328 przefatione
848 1252 1121 1325 paschalis
1148 1248 1326 1314 Festi,
1374 1247 1517 1302 edita
1555 1261 1651 1317 per
1682 1245 1788 1300 Bue

208 1348 479 1414 cherium,
510 1362 635 1418 pag.
666 1346 722 1402 9.

278 1438 360 1492 Ne
409 1447 588 1491 tamen
641 1434 881 1490 diﬂ'eram
932 1431 1202 1502 specimen
1258 1427 1473 1498 aliquod
1518 1425 1790 1480 ﬁrmitatis

209 1529 340 1585 dare
378 1528 540 1598 hujus
565 1525 947 1595 chronologiaz,
979 1522 1120 1576 unde
1162 1520 1301 1575 ratio
1325 1528 1624 1589 temporum
1652 1532 1787 1587 pon-

210 1616 427 1673 tiﬁcalis
480 1614 723 1671 historia:
773 1613 984 1666 initium
1013 1610 1183 1674 ducit,
1223 1609 1278 1663 in
1323 1607 1558 1663 medium
1606 1604 1787 1675 prole-

1878 464 1980 517 qua
2003 457 2050 500 et
2080 463 2283 516 passus.
2312 445 2463 500 Licet
2501 459 2629 498 vero
2675 442 2977 513 passionem
3020 439 3323 493 inchoatam
3367 438 3454 493 die

1879 549 1974 588 vm
2017 532 2283 587 Kalendas
2313 532 2443 587 feria
2474 532 2694 601 quinta,
2747 531 2801 583 in
2841 529 2997 583 horto
3053 524 3405 582 Gcthsemani
3433 565 3450 593 ,

1882 624 2184 681 confuderit
2203 633 2333 679 aetas
2354 623 2622 693 posterior
2643 636 2764 676 cum
2786 619 3032 688 passione
3058 617 3110 670 in
3141 630 3303 670 cruce
3327 630 3457 669 con-

1882 723 2149 771 summata
2170 715 2255 769 die
2281 730 2354 769 vn
2404 712 2692 776 Kalendas,
2726 709 2855 764 feria
2884 724 2958 772 vr,
2984 709 3037 761 in
3063 717 3243 761 monte
3269 704 3458 760 Calva-

1883 805 2015 869 riaa;
2051 814 2287 860 attamen
2336 803 2639 866 Victorius,
2688 801 2766 854 uti
2812 798 3075 861 vidimus,
3124 804 3180 851 et
3220 810 3341 849 cum
3390 808 3458 848 eo

1884 894 2194 964 chronologi
2225 894 2587 964 diligentiores
2619 891 2954 960 distinguunt
2975 888 3115 942 diem
3146 901 3236 938 \‘III
3265 883 3461 937 Kalen-

1883 983 1982 1038 das
2008 983 2283 1037 Passionis
2329 983 2536 1037 initium
2573 982 2625 1035 in
2655 981 2833 1043 horto,
2872 993 2903 1032 a
2944 978 3031 1032 die
3061 992 3132 1029 vn
3174 974 3459 1037 Kalendas,

1884 1074 2158 1129 Passionis
2224 1074 2453 1128 termino
2506 1073 2558 1127 in
2617 1071 2899 1143 Golgotha.
2960 1069 3026 1122 Et
3082 1066 3461 1135 castigatiores

1886 1162 2152 1218 Lactantii
2187 1163 2449 1216 editiones
2495 1159 2593 1230 (uti
2626 1160 3007 1230 Lugdunenses
3045 1155 3192 1218 duae,
3241 1150 3463 1207 Joannis

1886 1254 2166 1320 Tornaasii,
2189 1269 2329 1308 anno
2354 1254 2508 1318 1587,
2536 1260 2591 1307 et
2610 1252 2827 1306 Thonne
2853 1248 3096 1302 Souhron
3126 1258 3271 1297 anno
3298 1239 3460 1306 1594,

1887 1359 2009 1417 qua:
2041 1343 2293 1399 dicuntur
2321 1357 2384 1396 ea:
2410 1340 2515 1409 [ide
2549 1350 2598 1394 et
2635 1337 2944 1393 auctoritate
2971 1334 3221 1388 librorum
3271 1346 3462 1384 manu-

1889 1435 2200 1504 scriptorum
2240 1432 2557 1493 emendatm,
2610 1428 2704 1481 lib.
2738 1443 2823 1491 IV,
2852 1439 2972 1494 cap.
3021 1422 3106 1483 10,
3164 1420 3464 1475 divinarum

1889 1522 2289 1578 Institutionnm
2327 1520 2441 1574 haec
2488 1518 2727 1573 habent:
2769 1514 2972 1582 Exinde
3034 1509 3322 1565 tetrarchas
3366 1507 3466 1561 ha-

1893 1612 2110 1665 buerunt
2139 1609 2349 1680 (Judzei)
2374 1623 2533 1677 usque
2554 1605 2621 1659 ad
2648 1603 2925 1665 Herodem,
2956 1601 3044 1670 qui
3066 1599 3162 1668 fuit
3189 1597 3280 1651 sub
3305 1597 3467 1662 impe-

213 1725 352 1774 ram,
391 1708 475 1762 vel
522 1707 773 1761 indicabo
823 1718 1032 1759 summa
1062 1701 1250 1756 saltem
1292 1698 1466 1768 capila
1518 1694 1791 1766 probalio-
1822 1700 1864 1760 Β
1892 1702 1969 1754 rio
1995 1699 2186 1753 Tiberii
2215 1697 2461 1762 Ctesaris,
2494 1696 2644 1764 cujus
2684 1709 2821 1748 anno
2860 1690 3037 1761 quinto
3065 1689 3284 1750 decimo,
3309 1685 3362 1738 id
3388 1691 3465 1738 est

212 1815 364 1863 num,
391 1798 590 1868 quibus
615 1795 922 1851 Victoriana
948 1790 1296 1848 chronotaxis
1324 1805 1387 1844 ac
1417 1795 1597 1842 nostra
1620 1784 1789 1839 solide

213 1891 487 1954 innititur,
539 1899 596 1944 et
647 1895 907 1958 quantum
953 1885 1159 1956 patitur
1200 1882 1439 1937 historia:
1492 1878 1650 1943 ratio,
1698 1876 1793 1932 de—

216 1990 455 2037 monstra
463 1989 518 2032 ιιι
526 1996 573 2033 l'.

280 2072 339 2128 In
374 2071 583 2140 epocha
616 2068 885 2138 passionis
913 2066 1112 2122 Christi
1155 2060 1491 2125 stabilienda,
1533 2061 1641 2115 duo
1668 2066 1793 2113 sunt

215 2163 541 2220 auctoritate
590 2161 773 2215 divina
818 2159 974 2213 nobis
1008 2156 1190 2211 traditi
1239 2155 1579 2209 characteres
1610 2164 1797 2205 neces-

213 2256 359 2312 sario
386 2252 739 2315 observandi,
770 2264 962 2319 nempe
1000 2246 1273 2303 Paschalis
1306 2243 1612 2300 Judaaorum
1657 2241 1793 2305 dies,

213 2357 304 2399 seu
326 2342 533 2396 decima
562 2348 753 2413 quarta
780 2340 888 2393 dies
934 2337 1072 2391 lunia
1109 2336 1299 2389 mensis
1338 2333 1515 2404 primi,
1547 2346 1651 2400 qua
1705 2343 1798 2383 ne-

213 2445 363 2490 cosse
383 2440 509 2487 erat
538 2444 739 2500 agnum
777 2425 1076 2490 immolari;
1107 2436 1161 2479 et
1188 2423 1318 2477 feria
1345 2438 1399 2487 ν,
1423 2436 1593 2476 Cinnae
1620 2419 1797 2473 Domi-

219 2521 351 2576 nicze
375 2529 619 2589 tempus,
635 2534 700 2572 ac
723 2516 989 2588 passionis
1015 2515 1245 2576 initium,
1262 2529 1381 2582 qua:
1404 2511 1598 2565 deinde
1623 2509 1799 2579 passio

221 2608 872 2682 compleretur'postridie
899 2608 952 2661 in
990 2620 1150 2660 cruce
1177 2604 1308 2657 feria
1339 2618 1411 2665 νι,
1452 2608 1531 2664 ut,
1564 2598 1800 2653 Subhato

222 2703 389 2773 quieti
430 2702 582 2765 dato,
610 2699 767 2754 tertia
794 2699 903 2763 die,
934 2712 1053 2768 qua:
1081 2702 1198 2750 erat
1225 2691 1525 2755 Dominica,
1550 2688 1800 2744 Christus

224 2808 254 2847 a
290 2791 524 2845 mortuis
565 2797 891 2859 resurgeret.

290 2881 389 2935 His
413 2879 629 2934 duobus
672 2877 886 2932 indiciis
913 2883 1233 2945 temporum,
1271 2870 1449 2926 divina
1485 2867 1804 2923 auctoritate

224 2972 456 3029 ﬁrmatis
492 2972 547 3024 in
596 2969 903 3039 Evangelio,
957 2967 1062 3021 duo
1105 2966 1208 3019 alia
1244 2963 1528 3025 accedunt,
1582 2976 1687 3014 non
1739 2971 1803 3011 ea

1890 1792 2090 1846 duobus
2113 1788 2341 1845 Geminis
2381 1785 2696 1848 consulibus,
2727 1792 2845 1836 ante
2872 1780 3008 1833 diem
3047 1777 3318 1847 septimam
3348 1770 3466 1825 Ka-

1891 1879 2073 1935 lendas
2138 1876 2331 1948 Aprilis
2392 1874 2570 1929 Judaei
2632 1872 2896 1927 Christum
2961 1868 3105 1920 cruci
3170 1865 3465 1935 a/ﬁxerunt.

1892 1970 2165 2026 Betuleius
2191 1983 2426 2038 quoque,
2452 1979 2661 2020 necnon
2707 1962 2796 2016 alii
2826 1959 3121 2027 scriptores
3147 1955 3467 2015 observant,

1896 2063 1950 2117 in
1980 2061 2295 2116 melioribus
2338 2054 2603 2109 Lactantii
2652 2049 2976 2107 editionihus
3011 2044 3137 2113 legi,
3168 2053 3286 2095 ante
3333 2041 3471 2094 diem

1894 2150 2160 2219 septimam
2206 2144 2501 2207 Kalendas;
2530 2141 2657 2195 licet
2685 2139 2773 2193 alii
2809 2134 3098 2208 praeferant
3135 2146 3228 2186 eas
3279 2144 3396 2199 qua:
3436 2142 3469 2180 ι

1904 2241 2177 2296 Kalendas
2207 2235 2560 2308 perscriptum
2587 2229 2805 2285 habent.

1968 2331 2009 2384 E
2038 2328 2289 2383 Patribns
2322 2332 2501 2377 autem
2532 2319 2736 2376 Graecis
2788 2316 2846 2371 S.
2877 2314 3112 2369 Joannes
3156 2310 3474 2380 Chrysosto-

1899 2437 2019 2476 mus
2041 2422 2093 2473 in
2124 2416 2340 2472 homilia
2368 2415 2434 2468 de
2453 2412 2628 2467 Nativ.
2647 2410 2704 2466 S.
2724 2407 2947 2463 Joannis
2972 2405 3223 2474 Baptistae
3250 2401 3476 2471 loquens

1898 2510 1965 2565 de
1990 2506 2411 2563 Annnntiatione
2453 2502 2693 2571 Deiparte
2732 2495 2966 2566 Virginis
2993 2493 3104 2546 ait:
3141 2488 3267 2544 Fuit
3308 2486 3470 2556 igitur

1898 2600 2107 2672 quando
2152 2598 2263 2650 hac
2319 2592 2531 2665 angelus
2577 2589 2644 2643 ad
2704 2585 2931 2641 Mariam
3002 2578 3330 2635 annuntiavit
3377 2587 3477 2628 vm

1903 2664 2169 2745 Kalendas
2197 2684 2405 2753 Aprilis,
2430 2697 2601 2736 mense
2630 2677 2822 2732 Martio
2846 2717 2860 2740 ,
2899 2674 2988 2745 qui
3014 2683 3087 2726 est
3110 2670 3217 2724 dies
3257 2664 3477 2719 Pascha

1902 2777 2113 2833 Domini
2126 2787 2171 2829 et
2196 2770 2539 2842 conccptionis
2561 2771 2694 2837 ejus.
2714 2765 2779 2819 In
2800 2781 2903 2834 qua
2921 2763 3055 2817 enim
3076 2761 3160 2813 die
3180 2764 3478 2825 conceptus,

1903 2869 1958 2922 in
1982 2865 2162 2920 eadem
2183 2874 2230 2917 et
2255 2877 2438 2931 passus
2461 2869 2555 2913 est.
2580 2858 2640 2912 S.
2677 2853 2956 2910 Proterins
2993 2866 3060 2905 ex
3099 2844 3481 2902 Alexandrinis

1904 2958 1961 3012 in
1985 2955 2208 3027 epistola
2242 2951 2505 3014 Paschali,
2536 2950 2599 3003 ad
2628 2948 2687 3003 S.
2710 2947 2944 3001 Leonem
2969 2940 3217 3010 Magnum
3249 2933 3483 3007 perscri-

226 3063 443 3132 quidem
473 3038 807 3113 revelatione
848 3066 1118 3127 percepta,
1164 3054 1256 3109 sed
1289 3052 1483 3106 tradita
1531 3048 1802 3105 communi
1831 3038 1875 3099 C
1907 3063 2017 3123 pm,
2049 3062 2102 3105 et
2129 3050 2266 3120 apud
2293 3047 2613 3101 Bucherium
2638 3044 2778 3100 edita
2808 3056 2928 3112 pag.
2954 3039 3042 3101 85,
3062 3038 3200 3092 diem
3223 3039 3484 3102 susceptas

228 3152 544 3209 testimonio
564 3151 809 3213 Patrum,
825 3149 1091 3218 praecipue
1112 3146 1322 3200 illorum
1337 3144 1426 3214 qni
1443 3142 1808 3198 accuratiores

224 3241 449 3300 fuerunt
497 3244 551 3297 in
584 3252 886 3312 temporum
922 3240 1129 3293 ratione
1173 3237 1488 3307 colligenda,
1532 3245 1585 3290 et
1613 3234 1808 3290 saeculo

225 3335 429 3395 Christi
457 3337 839 3407 proximiores.
872 3326 1009 3386 Sunt
1035 3346 1162 3385 vero
1189 3329 1523 3385 Geminorum
1561 3325 1809 3381 consula-

226 3436 331 3493 tus,
370 3400 514 3482 Fulii
547 3426 757 3481 scilicet
775 3439 835 3478 ac
859 3421 1089 3477 Rubellii
1116 3420 1280 3493 (quod
1307 3428 1390 3473 est
1419 3416 1711 3488 primum);
1755 3400 1811 3470 et

225 3518 342 3576 dies
369 3535 469 3574 vm
516 3518 794 3572 Kalendas
820 3515 1016 3585 Aprilis
1067 3513 1319 3584 passione
1364 3510 1573 3565 Domini
1619 3524 1811 3563 conse-

226 3618 374 3665 crata
414 3608 581 3682 (quod
632 3616 721 3661 est
766 3604 1103 3674 secundum).
1157 3602 1420 3657 Paschale
1470 3600 1696 3665 festum,
1755 3599 1808 3653 in

223 3700 477 3757 eamdem
530 3713 815 3768 vesperam
861 3696 1104 3750 incidens
1130 3735 1144 3759 ,
1197 3709 1301 3762 qna
1342 3700 1461 3761 post
1504 3705 1808 3762 supremam

224 3806 440 3848 umnam
470 3789 725 3845 Christus
752 3789 1005 3842 Dominus
1030 3785 1334 3857 passionem
1376 3784 1725 3837 inchoaturus
1757 3782 1810 3835 in

224 3883 446 3939 hortum
474 3879 824 3936 Gethsemani
846 3877 1135 3941 concessit,
1165 3874 1484 3944 pariendum
1523 3887 1642 3927 esse
1685 3886 1810 3926 cum

222 3978 419 4042 quarta
451 3968 663 4023 decin‘ta
692 3967 779 4021 die
818 3966 974 4031 luna},
1018 3975 1073 4019 et
1120 3979 1218 4018 VIII
1273 3960 1540 4016 Kalendas
1588 3955 1825 4030 Aprilis:

223 4060 447 4132 collegit
498 4057 819 4128 Hippolytus
845 4064 1072 4126 martyr,
1115 4055 1188 4107 ita
1233 4052 1459 4107 incisum
1501 4048 1811 4118 relinquens

224 4168 368 4207 anno
392 4166 522 4205 uane
544 4148 785 4218 vulgaris
810 4147 915 4201 222
948 4145 1191 4201 ordinem
1222 4143 1541 4198 Paschatum
1571 4139 1809 4211 superio-

226 4255 345 4294 rum
372 4239 430 4294 in
462 4253 565 4293 suo
592 4236 757 4306 Cyclo

405 4342 441 4385 u
480 4338 622 4384 ιΔΛ.
655 4338 820 4382 sum
996 4325 1107 4380 DIE
1137 4323 1247 4378 VIII
1272 4322 1408 4378 ΚΑΙ,
1433 4322 1636 4377 APRIL

442 4430 644 4475 meo:
674 4428 751 4473 Xc
1007 4414 1249 4470 PASSIO
1271 4412 1562 4475 CHRISTI.

222 4512 383 4569 Plura
426 4512 495 4564 ad
526 4525 651 4563 eum
694 4507 917 4579 Cyclum
971 4505 1169 4562 contuli
1215 4505 1269 4559 in
1321 4504 1700 4559 dissertatione
1745 4500 1810 4555 de

223 4604 389 4677 Cyclo
418 4603 479 4657 S.
511 4598 785 4669 Hippolyti
820 4597 1073 4668 martyris
1097 4612 1212 4666 cap.
1239 4596 1294 4661 2,
1320 4611 1439 4666 pag.
1470 4594 1585 4648 107.
1613 4593 1810 4662 [lippo-

224 4694 337 4765 lyto
403 4693 753 4763 synchronus
830 4688 1189 4743 Tertullianus
1255 4688 1307 4741 in
1363 4686 1504 4741 libro
1553 4685 1810 4738 adversus

226 4787 444 4842 Jndzeos
470 4784 722 4839 eamdem
766 4781 907 4835 diem
934 4779 1183 4833 Paschati
1212 4777 1455 4832 attribuit
1480 4775 1678 4831 Christi
1716 4790 1807 4826 sn-

226 4890 413 4947 premo
444 4875 567 4944 (vm
605 4870 873 4924 Kalendas
911 4866 1149 4939 Aprilis),
1194 4867 1517 4934 eosdemque
1562 4863 1811 4919 consules

228 4968 377 5035 (duos
404 4962 708 5030 Geminos).
736 4960 928 5014 Patres
953 4968 1008 5013 et
1033 4958 1320 5028 scriptores
1348 4958 1441 5027 qui
1486 4956 1712 5026 proximi
1742 4954 1810 5008 ab

228 5054 309 5109 his
334 5054 666 5115 ﬂoruerunt,
696 5059 859 5119 atque
889 5048 924 5101 ii
955 5046 1290 5116 potissimum
1322 5047 1413 5118 qui
1456 5061 1541 5099 res
1580 5046 1811 5098 chrono-

227 5143 431 5213 logicas
479 5141 704 5212 penitus
753 5140 1122 5205 inspexerunt,
1169 5138 1383 5191 eosJem
1421 5134 1668 5190 consules
1709 5131 1812 5187 Ge-

228 5235 393 5286 minos
420 5229 786 5297 eamdemque
829 5225 971 5280 diem
1001 5239 1096 5278 vm
1142 5222 1409 5279 Kalendas
1439 5222 1633 5294 Aprilis
1687 5237 1810 5276 cum

228 5316 426 5376 Christi
450 5316 711 5387 passione
736 5318 1085 5381 componunt.

1906 3142 2139 3197 carnisa
2168 3137 2350 3194 divino
2393 3134 2570 3191 Verbo
2613 3149 2737 3189 cum
2782 3133 2869 3186 die
2905 3142 3073 3185 coena:
3117 3126 3217 3180 sub
3256 3135 3483 3191 vespera

1906 3232 2172 3303 passionis
2198 3231 2264 3282 ah
2287 3244 2354 3284 eo
2378 3227 2663 3283 celebrata:
2685 3223 2862 3295 pariat
2882 3222 2968 3275 his
2989 3218 3203 3274 verbis:
3232 3214 3484 3267 Dominus

1905 3320 2170 3391 plenitudo
2207 3319 2330 3388 legis
2378 3318 2635 3379 existens,
2679 3318 2888 3385 quando
2934 3310 3178 3391 dignatus
3214 3313 3288 3357 est
3331 3304 3484 3355 homo

1906 3412 2046 3481 ﬁeri,
2074 3410 2255 3480 quinta
2284 3407 2436 3477 feria,
2466 3404 2667 3458 decima
2699 3409 2890 3471 quarta
2929 3397 3054 3450 luna
3092 3386 3281 3448 mensis
3303 3389 3481 3458 primi,

1907 3504 1963 3557 in
1998 3499 2262 3556 caenaculo
2283 3514 2399 3551 cum
2430 3492 2699 3565 discipulis
2724 3489 2929 3544 Pascha
2953 3484 3295 3546 manducans,
3324 3478 3484 3549 paulo

1906 3601 2019 3661 post
2043 3588 2239 3651 aluda
2267 3585 2534 3649 traditur;
2561 3592 2609 3636 et
2650 3577 2879 3650 sequenti
2926 3576 3029 3639 die,
3063 3572 3242 3643 quinta
3285 3567 3488 3622 decima

1908 3681 2034 3734 luna
2064 3677 2408 3747 cruciﬁgitur,
2438 3674 2490 3727 id
2526 3681 2598 3728 est
2642 3679 2789 3725 sexta
2815 3667 2947 3737 feria
2966 3705 2981 3730 ,
3027 3673 3135 3718 etc.
3165 3661 3428 3729 'l‘empcro
3454 3672 3488 3711 a

1907 3771 2149 3840 pluribus
2178 3767 2473 3822 referendis
2501 3782 2516 3829 ;
2550 3779 2674 3818 cum
2705 3761 3010 3815 iudicentur
3041 3757 3182 3828 apud
3209 3755 3284 3809 La
3321 3753 3491 3807 Barre

1909 3863 1963 3917 in
1994 3861 2135 3915 notis
2164 3861 2230 3914 ad
2254 3855 2567 3912 Tertulliani
2594 3856 2771 3909 locum
2806 3852 2928 3906 libr.
2973 3851 3236 3904 adversus
3275 3844 3490 3901 Judmos

1907 3966 2030 4022 pag.
2064 3949 2164 4003 III)
2193 3947 2331 4000 illius
2356 3944 2641 4006 editionis;
2670 3950 2727 3996 et
2752 3940 2893 4010 apud
2922 3938 2989 3991 [ἰ.
3018 3937 3077 3990 P.
3110 3936 3159 3989 le
3194 3933 3403 4002 Nourry
3434 3931 3489 3985 in

1909 4040 2054 4097 notis
2077 4039 2142 4094 ad
2170 4038 2365 4091 librum
2396 4030 2758 4087 LueiiCmcilii
2789 4030 2854 4082 de
2891 4026 3150 4080 Mortibus
3174 4029 3488 4092 persecuto-

1910 4145 2054 4194 rum,
2085 4142 2205 4196 cap.
2251 4125 2308 4188 4,
2337 4138 2460 4193 pag.
2514 4120 2641 4185 159,
2692 4132 2812 4188 qua:
2860 4114 3031 4169 fusius
3082 4123 3378 4182 prosequor
3427 4120 3491 4159 ac

1912 4220 2218 4293 diligentius
2245 4216 2487 4284 expendo
2533 4215 2583 4267 iu
2619 4208 3003 4265 Dissertatioue
3047 4206 3112 4259 de
3143 4202 3354 4271 Epocba
3380 4198 3490 4252 Do-

1911 4287 2143 4368 minicaa‘
2171 4306 2443 4362 Passionis
2487 4303 2752 4357 inchoatae
2788 4307 2933 4351 recte
2977 4289 3353 4348 constituenda
3400 4287 3489 4341 die

1836 4388 1888 4449 Ῑ)
1915 4419 2007 4457 vm
2041 4398 2328 4462 Kalendas,
2382 4403 2436 4450 et
2466 4391 2730 4464 passionis
2752 4392 3154 4443 consummata),
3179 4380 3291 4434 sive
3314 4377 3496 4432 cruci-

1916 4496 2147 4557 (ixionis,
2175 4492 2262 4545 die
2304 4505 2377 4543 vn
2417 4486 2685 4543 Kalendas
2730 4480 2961 4550 Aprilis,
3009 4475 3213 4532 duobus
3255 4471 3498 4527 Geminis

1913 4585 2257 4645 consulibus,
2318 4595 2460 4633 anno
2518 4576 2754 4645 vulgaris
2805 4586 2929 4627 mra:
2975 4568 3080 4633 28,
3137 4564 3313 4619 aetatis
3367 4576 3497 4617 vero

1914 4675 2111 4731 Christi
2146 4670 2355 4726 Domini
2377 4670 2445 4723 55
2467 4669 2699 4722 labente.

1985 4748 2226 4831 Quatuor
2255 4761 2415 4832 igitur
2441 4760 2790 4814 characteres
2815 4750 2919 4805 diei
2945 4755 3002 4803 et
3026 4743 3150 4800 anni
3196 4738 3491 4794 Dominicre

1913 4855 2181 4927 passionis
2202 4868 2265 4908 ac
2281 4830 2504 4913 mortis,
2528 4848 2663 4903 duos
2687 4842 2903 4914 quidem
2946 4837 3123 4892 divina
3166 4830 3499 4886 revelatione

1916 4919 2115 5010 certos,
2132 4945 2265 4999 duds
2289 4951 2467 4996 autem
2491 4953 2557 4990 ex
2587 4933 2873 4990 traditione
2901 4942 2965 4981 ac
2990 4922 3256 4981 sententia
3279 4919 3501 4974 Patrum

1917 5042 2182 5104 receptos,
2214 5041 2323 5086 lum
2354 5032 2406 5084 in
2438 5027 2685 5091 Oriente,
2716 5033 2825 5077 tum
2856 5020 2910 5073 in
2938 5017 3260 5080 Occidente,
3285 5012 3502 5067 student

1915 5124 2225 5194 chronologi
2255 5118 2564 5177 conciliare.
2610 5116 2722 5172 Sed
2743 5112 2895 5168 irrito
2924 5120 3119 5164 conatu
3148 5122 3237 5162 res
3279 5102 3382 5157 illis
3406 5100 3503 5155 ha-

1918 5188 2331 5271 ctenusteittata
2375 5214 2491 5266 est,
2535 5219 2603 5258 ex
2650 5221 2757 5276 quo
2794 5206 3136 5255 recesserunt
3185 5211 3216 5248 a
3263 5188 3503 5245 Victorio

1920 5310 1973 5362 in
2023 5304 2295 5377 pariattdis
2337 5296 2540 5353 duobus
2586 5296 2822 5353 Geminis
2863 5291 3161 5347 consulibus
3206 5299 3326 5340 cum
3363 5292 3504 5334 anno
3572 5340 3589 5353 ι

1915 5398 1932 5412 ι
1955 5398 1966 5409 ο
2014 5371 2049 5412 .-.
2107 5396 2179 5412 ,ομ
2218 5387 2450 5412 ---Λ-..-2η
2477 5401 2598 5412 ..η-...ιι
2629 5384 2829 5412 [ειηέηιῖ
2856 5381 2925 5412 ΦΩ
2979 5379 3084 5412 "ne:
3109 5377 3249 5412 οηίιη
3274 5371 3359 5412 ῘΙΙΡ
3379 5382 3503 5412 mm

2255 5401 2450 5412 --I_‘--II
2477 5401 2598 5412 Mm
