3996 5412
577 351 678 412 127

1253 309 1256 313 ⁵
1295 346 1389 405 AD
1425 341 1861 404 ANASTASIUM
1903 343 2410 403 l’ROLEGOMENA
2448 343 2624 398 EDIT.
2665 337 3088 399 ROM.-VATIG.

3721 340 3826 404 I28

576 481 630 524 et
684 467 914 522 retinent
956 464 1216 535 epocham
1270 463 1533 534 passionis
1582 463 1669 517 die
1717 479 1812 517 vui
1883 463 2146 517 Kalendas
2173 467 2303 526 Aet
2351 460 2665 515 memoriam
2724 460 2993 530 passionis
3046 459 3509 530 instituit:quam
3561 463 3615 516 in
3665 462 3824 519 hate

576 559 810 630 Aprilis;
843 571 961 625 quae
991 556 1104 610 dies
1147 554 1393 624 componi
1444 568 1775 622 nequaquam
1816 561 1989 622 potest
2025 567 2148 606 cum

576 656 806 718 quatuor
827 645 1076 701 indicatis
1095 641 1522 702 characteribus,
1551 641 1594 694 si
1623 641 1868 694 consules
1898 641 1968 693 ita
1989 639 2148 694 collo-

575 733 782 793 centur.
813 737 944 790 Nam
990 735 1036 790 si
1080 734 1384 804 passionem
1424 731 1703 786 conferant
1745 731 1797 784 in
1843 746 2039 784 amunn
2079 731 2149 784 28

577 827 906 883 bissextilem
933 826 1060 896 (quo
1092 824 1216 876 luna
1263 830 1454 892 quarta
1497 822 1698 875 decima
1740 821 2006 890 paschalis
2051 817 2147 874 Ju-

575 917 810 970 dacorum
833 924 976 968 recte
1001 913 1240 983 pariatur
1266 926 1388 965 cum
1434 925 1504 962 vn
1559 909 1822 963 Kalendas
1851 908 2072 977 Aprilis,
2097 915 2151 962 et

574 1021 695 1059 cum
721 1003 1039 1079 praecedenti
1083 1014 1306 1068 vespera
1339 998 1442 1052 diei
1473 1014 1564 1052 vni
1597 997 1885 1061 Kalendas,
1915 1006 1972 1050 ut
2011 995 2150 1050 infra

575 1095 900 1164 ostendam),
928 1093 1182 1146 deserunt
1202 1089 1314 1159 jam
1356 1090 1723 1144 characterem
1774 1087 1914 1141 illius
1960 1101 2151 1140 consu-

573 1183 739 1250 latus,
795 1195 1058 1237 assertum
1112 1197 1142 1234 a
1205 1180 1534 1234 Tertulliano
1565 1219 1577 1243 ,
1623 1178 1936 1241 Lactantio,
1985 1176 2151 1232 Lucio

573 1273 808 1336 Caecilio,
827 1272 1139 1344 Augustino,
1169 1269 1404 1336 Sulpicio
1427 1255 1654 1332 Severo,
1670 1267 1905 1321 Victorio
1926 1266 2152 1336 aliisque

576 1364 828 1420 Patribus
847 1375 899 1418 et
933 1363 1270 1432 cbronologis
1299 1380 1310 1414 :
1342 1361 1761 1431 insuperferiam
1791 1371 2012 1423 aeuum,
2033 1374 2151 1428 quae

575 1465 754 1510 certus
777 1465 860 1509 est
880 1456 1159 1510 character
1181 1453 1472 1507 Dominica:
1495 1449 1880 1514 crucifixionis,
1906 1451 1957 1503 in
1982 1450 2152 1503 Evan—

575 1544 712 1616 gelio
735 1546 1082 1614 perscriptus,
1122 1559 1226 1597 non
1250 1541 1504 1605 retinent,
1534 1541 1577 1594 si
1601 1541 1870 1610 assignant
1897 1540 2034 1594 diem
2056 1555 2150 1593 VIII

575 1635 842 1690 Kalendas
885 1634 1084 1704 Aprilis
1105 1635 1228 1686 anni
1254 1631 1541 1686 bisscxtilis
1563 1631 1632 1684 28
1650 1631 1789 1700 (qua:
1812 1630 1910 1684 fuit
1942 1630 2074 1684 feria
2098 1629 2148 1700 ν)

575 1723 862 1779 conﬁxioni
904 1721 1174 1790 Uuigeniti
1220 1721 1314 1774 Dei
1362 1721 1414 1774 in
1459 1735 1640 1774 cruce.
1701 1719 1794 1774 Sin
1836 1735 1963 1774 vero
2009 1719 2149 1772 hanc

2249 549 2510 603 inehoans
2536 549 2723 603 eadem
2777 557 2936 604 nocte
2978 548 3086 603 diei
3139 548 3227 611 25,
3283 559 3600 619 prosecutus
3637 561 3724 607 est
3768 553 3824 608 in

2248 637 2496 708 praztorio
2546 637 2890 692 illucescente
2937 635 3072 690 feria
3103 652 3156 690 vi
3185 646 3242 691 et
3279 637 3367 692 die
3417 637 3526 702 26,
3579 639 3650 694 ab
3689 638 3828 695 hora

2248 737 2397 782 sexta
2425 728 2492 782 ad
2515 743 2711 782 nonam
2740 728 2792 782 in
2817 741 2977 782 cruce
2998 727 3263 797 pendens,
3305 736 3360 782 et
3391 728 3822 784 Consummatunt

2247 827 2321 870 est
2365 819 2754 888 pronuntians,
2808 829 3032 871 mortem
3071 817 3318 872 obeundo
3369 819 3702 894 complevit,
3747 833 3823 874 vn

2249 907 2516 962 Kalendas
2569 907 2767 976 Aprilis
2826 908 3234 962 numerantihus
3282 907 3542 962 Romanis
3589 907 3643 961 in
3680 921 3820 964 antu:

2244 995 2448 1066 juliano
2477 997 2736 1051 bissextili
2757 1012 2880 1052 aera:
2905 995 3104 1052 Christi
3133 997 3435 1052 communis
3455 997 3547 1050 28.

2251 1075 2254 1078 ’
2319 1086 2719 1141 Ostendendum
2755 1086 2895 1151 erit,
2938 1087 3174 1141 secundo
3215 1087 3364 1150 loco,
3397 1087 3532 1142 duos
3570 1086 3827 1143 Geminos

2251 1175 2498 1230 consules
2527 1191 2632 1230 non
2662 1175 2935 1244 pertinere
2962 1174 3028 1228 ad
3057 1189 3256 1229 annum
3276 1175 3366 1240 29,
3391 1184 3448 1230 ut
3469 1176 3828 1230 communiter

2251 1265 2536 1334 Opiuantur
2555 1263 2886 1334 chrunologi,
2901 1265 2996 1320 sed
3015 1265 3083 1318 ad
3108 1281 3307 1319 annum
3329 1265 3420 1332 28,
3444 1267 3522 1320 ιιιὶ
3545 1263 3828 1322 collocavit

2253 1355 2545 1410 Victorius.

2324 1449 2618 1518 Utramque
2638 1449 2990 1504 assertionem
3011 1446 3234 1518 ejusque
3263 1448 3588 1505 documenta
3613 1458 3828 1504 eontra-

2251 1539 2379 1592 ham
2425 1553 2492 1592 ex
2521 1536 2787 1592 dill'usiori
2825 1537 3306 1600 demonstratione,
3361 1553 3521 1607 quam
3574 1537 3730 1592 attuli
3772 1537 3828 1593 in

2252 1629 2640 1683 Dissertatione
2692 1627 2926 1682 indicata
2960 1629 3025 1682 de
3065 1629 3268 1706 epocha
3313 1627 3583 1697 passionis
3628 1625 3828 1683 Christi

2251 1721 2618 1789 componenda
2666 1735 2789 1774 cum
2837 1735 2979 1775 anno
3023 1719 3260 1791 vulgaris
3295 1735 3418 1774 rem:
3459 1717 3563 1785 28,
3623 1719 3831 1774 duobus

573 1813 825 1868 dillerunt
850 1815 917 1867 ad
975 1827 1065 1866 vttt
1099 1811 1366 1865 Kalendas
1392 1811 1590 1880 Aprilis
1630 1811 1753 1864 anni
1781 1810 2008 1880 proximi
2049 1810 2142 1874 29,
2173 1797 2220 1859 Β
2248 1810 2488 1866 Geminis
2504 1809 2832 1866 consulibus.

573 1919 728 1972 quem
753 1904 965 1972 signant
981 1903 1184 1956 duohus
1203 1900 1442 1956 Geminis
1463 1901 1790 1965 consulibus,
1808 1903 1906 1956 hos
1929 1901 2145 1972 quidem

571 1992 829 2056 retinent,
851 2000 908 2045 et
932 1992 1300 2046 characterem
1330 1989 1478 2044 feria:
1505 2007 1578 2054 Vl,
1628 1989 1721 2044 sed
1743 1991 1906 2044 alium
1954 1991 2149 2044 chara-

573 2091 775 2137 cterem
834 2081 1056 2150 perinde
1109 2090 1316 2134 certum
1377 2079 1431 2133 in
1484 2079 1816 2150 Evangelio,
1865 2079 2150 2134 Paschatis

571 2173 778 2228 scilicet
806 2171 1131 2238 Iudaeorum,
1157 2187 1260 2224 non
1286 2171 1442 2226 modo
1478 2181 1664 2226 arcent
1686 2189 1716 2226 a
1743 2173 1827 2227 die
1851 2173 1921 2227 25
1947 2171 2146 2237 Martii,

573 2265 668 2319 sed
694 2279 724 2317 a
753 2272 862 2318 toto
888 2278 1069 2317 mense
1115 2263 1423 2317 excludunt.
1453 2261 1754 2317 Ostendunt
1777 2263 1918 2316 enim
1957 2261 2150 2317 tabulae

574 2365 816 2410 motuum
849 2353 1245 2419 luuisolarium,
1273 2355 1398 2406 totis
1425 2353 1670 2407 undecim
1707 2352 1894 2407 diebus
1909 2350 2033 2407 ante
2057 2369 2148 2407 uti

572 2446 838 2504 Kalendas
851 2445 1046 2516 Aprilis
1073 2445 1250 2499 lunam
1273 2453 1518 2514 quartam
1533 2445 1796 2500 decimam
1809 2445 2151 2514 praecessisse

572 2535 764 2594 Martio
790 2536 1000 2591 .luliano
1022 2536 1145 2589 anni
1171 2534 1259 2601 29,
1289 2551 1386 2590 nec
1411 2545 1691 2604 propterea
1727 2535 1890 2590 fuisse
1919 2535 2151 2589 Pascha-

569 2627 675 2684 lem
704 2645 720 2694 ;
757 2642 878 2683 cum
917 2642 981 2681 ea
1009 2626 1132 2679 luna
1161 2625 1540 2694 :equinoctium
1594 2625 2151 2682 antecederetrdiebus

571 2717 692 2788 plus
718 2732 876 2786 quam
919 2718 1125 2770 decem.
1169 2713 1348 2780 Quare
1389 2713 1597 2768 decima
1640 2723 1830 2782 quarta
1873 2712 2151 2768 Paschalis

576 2808 742 2877 quaeri
771 2807 926 2860 debet
973 2819 1114 2859 anno
1141 2803 1242 2869 29,
1290 2804 1434 2858 circa
1480 2803 1600 2858 ldus
1633 2803 1849 2872 Aprilis.
1898 2804 2150 2860 ltetinere

577 2899 740 2968 igitur
760 2910 1030 2968 nequeunt
1051 2900 1189 2953 diem
1215 2915 1308 2952 vm
1338 2897 1602 2954 Kalendas
1622 2897 1800 2951 suhiis
1821 2895 2148 2966 consulibus,

575 3007 712 3059 quos
737 2991 1003 3045 collocant
1029 2993 1082 3044 in
1111 2992 1286 3048 Fastis
1313 2993 1378 3045 ad
1409 3005 1606 3044 annum
1631 2987 1698 3042 29
1727 3003 1850 3042 εει-ω
1893 2987 2148 3057 vulgaris.

576 3079 751 3146 Quare
773 3078 1098 3148 impossibile
1123 3083 1340 3135 omnino
1367 3079 1607 3134 redditur
1626 3085 1861 3148 quatuor
1883 3076 2000 3130 illos
2021 3077 2152 3132 cha-

577 3179 814 3226 racteres
857 3187 1178 3242 componere
1202 3189 1324 3228 cum
1360 3172 1706 3228 Geminorum
1750 3169 2030 3226 consulatu
2078 3169 2149 3224 ita

575 3258 758 3316 dilato.

645 3349 914 3409 Retracus
935 3368 1065 3410 vero
1090 3353 1275 3410 iisdem
1291 3355 1532 3412 Geminis
1553 3353 1860 3410 consulibus
1881 3353 1933 3407 in
1955 3366 2153 3407 annum

575 3447 1000 3518 praecedentem,
1049 3462 1278 3517 eumque
1319 3446 1682 3512 bissextilem,
1727 3445 1962 3514 vulgaris
1996 3459 2152 3507 rem,

577 3537 773 3591 Christi
797 3537 886 3598 28,
919 3553 1040 3591 cum
1063 3537 1320 3602 Victorio,
1357 3553 1442 3592 res
1468 3553 1655 3592 omnes
1702 3537 1868 3592 nitide
1895 3552 1958 3592 ac
1978 3551 2155 3605 aequa-

575 3627 752 3682 biliter
774 3629 1090 3696 procedunt,
1106 3639 1160 3684 et
1181 3630 1404 3699 singulis
1424 3644 1487 3684 ex
1505 3638 1732 3697 quatuor
1752 3627 2156 3683 characterihus

577 3732 673 3771 sua
699 3717 832 3772 ﬁdes
858 3727 1089 3772 constat.
1113 3719 1244 3773 Cum
1283 3720 1424 3773 enim
1458 3719 1589 3774 feria
1615 3735 1644 3771 v
1676 3733 1818 3772 anno
1859 3717 1930 3773 28
1957 3718 2156 3772 incidat

580 3807 636 3861 in
681 3809 820 3862 diem
859 3808 929 3862 25
970 3808 1184 3876 Martii,
1233 3826 1325 3865 seu
1363 3826 1459 3864 vm
1505 3809 1769 3864 Kalendas
1810 3809 2054 3877 Aprilis;
2101 3817 2154 3862 tt

579 3913 704 3954 cum
729 3899 937 3954 decima
965 3910 1154 3970 quarta
1185 3900 1308 3954 luna
1337 3901 1536 3954 mensis
1562 3899 1722 3954 Nisan
1752 3914 1816 3953 eo
1851 3915 1992 3953 anno
2021 3897 2155 3954 refe—

577 3996 730 4044 ratur
755 3999 944 4044 exacte
977 3991 1044 4045 ad
1085 3989 1225 4045 diem
1261 3991 1332 4045 26
1377 3989 1555 4044 Martii
1603 3990 1714 4045 sive
1771 4005 1840 4044 vn
1891 3989 2156 4044 Kalendas

577 4078 778 4148 Aprilis
805 4079 939 4134 feria
969 4095 1021 4135 Vl
1053 4080 1134 4150 (ut
1181 4096 1302 4135 mox
1339 4080 1640 4147 ostendam)
1675 4077 1799 4147 jure
1823 4079 1936 4134 dies
1985 4093 2155 4135 cmnte

491 4234 496 4240 ἱ
577 4166 868 4224 Dominicae
893 4181 948 4224 et
995 4171 1260 4240 passionis
1287 4171 1340 4224 in
1371 4172 1528 4225 horto
1572 4171 1835 4224 inchoata:
1880 4171 2068 4224 incidit
2103 4171 2153 4224 in

579 4259 768 4315 feriam
797 4277 848 4326 v,
886 4261 986 4315 sub
1014 4277 1233 4331 vespera
1263 4263 1364 4316 diei
1390 4262 1462 4315 25
1489 4261 1687 4320 illartii,
1720 4277 1812 4314 seu
1845 4276 1940 4313 vni
1964 4259 2157 4312 Kalen-

581 4349 678 4404 das
703 4349 937 4418 Aprilis,
965 4349 1042 4402 uti
1073 4349 1292 4418 prrcfert
1331 4350 1516 4404 Canon
1565 4347 1838 4402 Paschalis
1869 4347 1926 4400 S.
1961 4347 2156 4414 llippo-

2317 1901 2557 1955 Priorem
2584 1900 2728 1954 illam
2754 1900 3104 1956 assertionem
3128 1899 3201 1954 ita
3229 1899 3539 1956 demonstro
3561 1896 3618 1954 in
3640 1899 3827 1955 eadem

2249 1991 2642 2054 dissertatione,
2679 1990 2918 2044 sectione
2942 1989 2996 2053 5,
3030 2005 3177 2044 num.
3208 1989 3264 2043 4.

2319 2079 2576 2136 Rationes
2615 2080 2756 2135 luna:
2785 2081 3006 2136 decimae
3033 2090 3238 2151 quarta:
3266 2077 3545 2134 Paschalis
3581 2093 3728 2133 anno
3761 2075 3830 2134 ἥ

2249 2188 2370 2228 terte
2404 2173 2706 2227 communis
2735 2172 2807 2226 ita
2833 2180 2957 2226 sunt
2983 2181 3203 2241 apertae,
3231 2183 3290 2226 ut
3311 2171 3402 2241 qui
3433 2168 3643 2224 tabulas
3670 2185 3734 2224 ea
3764 2168 3827 2226 de

2252 2281 2310 2319 re
2333 2265 2742 2328 concinnarunt,
2763 2271 2874 2318 tam
2900 2272 3108 2318 veteres
3129 2279 3290 2333 quam
3314 2272 3575 2330 recentes,
3601 2262 3672 2317 de
3695 2261 3826 2317 festo

2251 2356 2562 2420 Paschalis,
2619 2365 2730 2408 tum
2783 2353 2990 2408 Judaici
3042 2364 3152 2408 tum
3210 2353 3524 2416 Christiani,
3572 2367 3638 2407 eo
3687 2367 3826 2406 anno

2253 2448 2392 2501 inter
2416 2462 2474 2501 se
2504 2461 2608 2500 non
2638 2444 2976 2499 dissentiant.
3020 2443 3243 2498 Victorii
3287 2441 3472 2496 Canon
3513 2440 3827 2506 Paschalis,

2253 2535 2379 2590 inde
2425 2549 2650 2589 exorsus
2695 2533 2998 2598 Periodum,
3031 2531 3274 2587 attribuit
3299 2531 3400 2586 diei
3431 2531 3726 2586 Dominicte
3758 2531 3828 2586 28

2253 2625 2431 2681 Martii
2478 2633 2689 2680 aetatem
2726 2625 2864 2678 luna:
2901 2623 3120 2678 decimae
3145 2632 3330 2686 sextae,
3351 2633 3404 2678 et
3434 2633 3827 2692 consequenter

2253 2717 2434 2772 lunam
2459 2727 2704 2787 quartam
2734 2717 2998 2772 decimam
3027 2715 3213 2784 alligat
3243 2713 3388 2768 feria:
3419 2730 3472 2768 Vl
3529 2713 3708 2768 Martii
3735 2715 3826 2776 26,

2255 2823 2360 2877 qua
2386 2807 2642 2862 Dominus
2663 2807 2716 2860 in
2741 2820 2955 2860 crucem
2979 2815 3130 2860 actus
3154 2805 3456 2874 passionem
3480 2800 3660 2857 morte
3686 2817 3830 2856 com-

2254 2898 2454 2969 plebat,
2483 2897 2789 2952 inchoatam
2824 2909 3047 2964 vespere
3077 2892 3400 2966 praecedenti
3427 2933 3440 2956 .
3477 2901 3532 2946 et
3570 2892 3830 2962 mysterio

2256 2991 2523 3047 incruenti
2571 2987 2825 3044 sacriﬁcii
2879 3003 2909 3042 a
2955 3003 3013 3042 se
3059 2987 3402 3042 dedicatam:
3436 3001 3555 3055 qua:
3608 2999 3828 3052 vespera

2255 3081 2402 3146 licet,
2433 3081 2791 3136 Romanorum
2817 3094 2988 3142 more,
3018 3079 3415 3132 numerantium
3448 3077 3564 3131 dies
3593 3091 3626 3130 a
3656 3077 3830 3130 media

2257 3181 2414 3227 nocte
2444 3173 2494 3226 in
2541 3171 2769 3225 mediam
2823 3171 2921 3240 (uti
2964 3179 3230 3224 tcsmntur
3275 3167 3580 3224 Macrobius
3607 3167 3827 3222 Saturn.

2223 3270 2375 3332 ‘cap.
2405 3263 2476 3326 3,
2507 3270 2562 3316 et
2603 3259 2772 3316 Aulus
2807 3260 3010 3316 Gellius
3055 3258 3208 3314 Noct.
3249 3259 3548 3314 Atticarum
3587 3257 3686 3313 lib.
3733 3273 3829 3322 ιιι,

2256 3367 2376 3421 cap.
2407 3351 2462 3414 2,
2496 3359 2551 3406 et
2575 3359 2700 3405 ante
2733 3351 2832 3404 hos
2862 3347 3068 3404 Plinius
3095 3351 3185 3406 lib.
3213 3366 3275 3414 ιι,
3299 3365 3416 3420 cap.
3445 3351 3558 3418 77),
3596 3348 3835 3420 pertine-

2256 3453 2338 3498 ret
2370 3442 2433 3496 ad
2461 3442 2600 3497 diem
2629 3441 2719 3505 25,
2753 3450 2990 3494 attamen
3015 3440 3359 3495 Hebraeorum
3389 3440 3600 3511 legibus
3629 3439 3830 3494 refere-

2257 3535 2421 3588 batur
2457 3534 2525 3588 ad
2555 3533 2763 3588 initium
2803 3533 2906 3587 diei
2937 3531 3346 3602 subsequentis,
3379 3531 3452 3586 ita
3486 3531 3835 3602 pra:cipiente

2255 3627 2482 3682 Domino
2503 3626 2724 3681 Levitici
2750 3641 2906 3688 xxm,
2932 3625 3032 3679 52:
3075 3627 3117 3678 Α
3147 3641 3355 3694 vespera
3383 3640 3542 3694 usque
3579 3624 3638 3678 iu
3667 3639 3838 3693 vespe-

2258 3737 2370 3774 ram
2399 3719 2720 3774 celebrabitis
2746 3718 2976 3773 Saldmta
3003 3729 3189 3772 uestra.
3217 3717 3260 3772 E
3284 3716 3683 3772 recentioribus
3713 3730 3836 3770 vero

2263 3811 2324 3866 P.
2372 3809 2694 3864 Franciscus
2737 3807 3052 3870 Bordenus,
3105 3805 3374 3878 generalis
3429 3806 3570 3860 tertii
3630 3805 3836 3859 ordinis

2257 3901 2318 3957 S.
2350 3901 2618 3957 Francisci
2653 3901 2703 3954 in
2734 3897 2951 3953 Tabulis
2975 3897 3321 3953 Paschalibus
3361 3898 3428 3952 ab
3467 3911 3612 3950 anno
3651 3897 3834 3951 incar-

2256 3994 2492 4050 nationis
2555 3992 2847 4048 Dominica:
2893 3990 3158 4045 ordinatis
3210 3989 3277 4043 ad
3329 4003 3502 4043 annos
3544 3987 3629 4042 bis
3693 3986 3837 4042 mille

2255 4091 2645 4151 consequentes
2662 4081 2814 4148 juxta
2837 4096 3036 4136 annum
3066 4079 3334 4135 lulianum
3365 4086 3489 4132 ante
3527 4078 3832 4132 correctio-

2256 4192 2380 4231 nem
2427 4175 2714 4245 Gregorii,
2757 4183 2811 4230 et
2861 4171 3016 4240 juxta
3065 4172 3456 4244 Gregorianum
3504 4179 3626 4240 post
3682 4169 3838 4240 hujus

2255 4262 2526 4333 pontiﬁcis
2547 4263 2992 4322 ememlatiouem,
3017 4262 3206 4315 iisdem
3232 4261 3388 4330 plane
3415 4259 3662 4313 numeris
3684 4256 3839 4312 ellert

2255 4362 2497 4422 epactam
2541 4367 2626 4406 xvr
2667 4359 2722 4406 et
2765 4352 2968 4405 Pascha
3004 4351 3374 4416 Christianum
3422 4346 3508 4402 die
3555 4346 3838 4400 Dominica

579 4435 703 4509 lyti,
725 4453 1050 4492 enumerans
1071 4447 1317 4506 quartam
1341 4437 1602 4491 decimam
1632 4435 1808 4488 lunam
1833 4433 2152 4488 Paschatum
2181 4467 2230 4527 υ
2253 4443 2325 4498 28
2355 4443 2712 4506 Martigauno
2732 4441 2968 4510 vulgaris
2996 4454 3116 4494 mne
3145 4437 3344 4492 Christi
3373 4436 3444 4492 28

579 4526 996 4597 praecedentium
1050 4536 1262 4582 aetatem
1293 4541 1478 4590 suam,
1532 4541 1730 4578 annum
1781 4525 1990 4579 scilicet
2031 4540 2154 4580 :crac

581 4615 781 4674 Christi
801 4617 924 4680 222,
952 4632 1059 4687 quo
1085 4617 1382 4672 scribebat:
1407 4626 1462 4671 et
1484 4615 1606 4686 jure
1627 4615 1742 4670 dies
1769 4626 2156 4670 consummatae

582 4709 849 4778 passionis
895 4710 948 4764 in
997 4725 1158 4764 cruce
1209 4709 1440 4764 refertur
1490 4708 1556 4762 ad
1613 4696 1800 4762 feriam
1835 4724 1885 4762 γι
1915 4707 2158 4776 proxime

583 4807 1019 4869 consequentem,
1049 4815 1170 4869 qua:
1198 4813 1340 4853 anno
1361 4797 1432 4853 28
1462 4798 1562 4852 fuit
1601 4797 1670 4852 26
1705 4797 1881 4851 Martii
1923 4797 2118 4852 Juliani
2141 4837 2156 4862 ,

583 4888 698 4942 sive
743 4903 814 4941 vn
859 4887 1124 4941 Kalendas
1174 4886 1372 4956 Aprilis
1409 4927 1425 4952 ,
1462 4887 1539 4940 uti
1585 4886 1852 4942 Victorius
1905 4887 2061 4943 ducet
2107 4896 2162 4942 et

585 4973 834 5032 indicata:
861 4978 1128 5034 editiones
1164 4976 1430 5032 Lactantii
1459 4977 1767 5046 praeferunt.

657 5067 1144 5124 Demonstrandum
1175 5069 1306 5124 mihi
1352 5080 1434 5124 est
1477 5071 1637 5138 igitur
1675 5073 1867 5140 primo,
1909 5083 2159 5140 quartam

588 5156 851 5211 decimam
893 5157 1030 5211 diem
1077 5158 1216 5212 lunae
1259 5159 1459 5214 mensis
1504 5159 1697 5224 Nisan,
1747 5175 1839 5214 seu
1885 5161 2162 5216 Paschalis

586 5243 891 5292 Jttdmnrnm
933 5249 1150 5292 mensis.
1187 5250 1436 5292 invi-liceo
1458 5266 1599 5292 mmn
1619 5249 1688 5292 98
1716 5267 1834 5292 φατι
1862 5267 2161 5292 ρηηιηιιιηια

2329 4533 2539 4588 Emdem
2567 4540 2714 4587 certe
2751 4531 2988 4585 rationes
3026 4528 3265 4598 apprime
3313 4524 3642 4596 respondent
3679 4522 3841 4579 moti-

2259 4625 2361 4679 bus
2386 4623 2756 4688 luminarium,
2799 4631 2853 4676 ut
2887 4620 3076 4676 calculi
3117 4617 3432 4682 ostendent,
3483 4615 3738 4670 subducti
3775 4631 3838 4670 ex

2263 4714 2460 4769 tabulis
2487 4711 2886 4776 astronomicis,
2921 4713 2989 4764 ad
3029 4718 3191 4779 caput
3216 4709 3344 4762 anni
3365 4705 3573 4762 Iudaici
3611 4704 3685 4758 ita
3721 4703 3841 4760 red-

2263 4806 2512 4862 dentibus
2541 4803 2882 4858 neumeniam
2911 4801 3089 4856 'l’hisri
3132 4815 3226 4854 seu
3261 4798 3419 4869 primi
3462 4795 3670 4850 mensis
3717 4796 3840 4850 anni

2264 4894 2437 4949 civilis
2454 4892 2756 4948 Judieorum
2784 4906 2880 4962 per
2902 4907 3097 4944 annum
3123 4888 3359 4960 vulgaris
3379 4903 3500 4942 aet-te
3521 4885 3841 4942 Christianae

2267 4983 2358 5048 27,
2389 4999 2418 5036 a
2451 4999 2556 5054 qua
2587 4981 2869 5036 neomeuia
2900 4977 2941 5032 Τ
2948 4979 3079 5034 hisri
3111 4979 3226 5034 dies
3256 4977 3356 5031 l77
3383 4976 3632 5048 proxime
3659 4989 3842 5030 conse-

2269 5091 2438 5146 quens
2459 5074 2693 5128 ostendit
2729 5072 3064 5126 neomeuiam
3107 5068 3274 5124 Nisan
3330 5068 3445 5140 (sex
3475 5067 3840 5120 lunationibtts

2269 5165 2338 5220 ab
2373 5163 2458 5217 illa
2501 5163 2775 5224 dissitam,
2805 5169 2862 5216 et
2881 5175 3000 5231 quae
3036 5169 3195 5228 caput
3237 5168 3320 5215 est
3363 5158 3488 5212 anni
3526 5159 3709 5222 sacri,
3748 5170 3836 5210 seu

2268 5255 2542 5292 nvnmlinln
2571 5255 2759 5292 quando
2780 5253 2934 5292 ηιοῖιηδ
2981 5253 3052 5292 ila
3083 5251 3330 5292 anne-"ali
3355 5253 3406 5292 in
3430 5249 3598 5292 capris
3623 5245 3836 5292 littorin
