4010 6302
550 391 645 445 151

1274 392 1367 447 AD
1395 390 1834 447 ANASTASIUM
1867 388 2378 447 PROLEGOMENA
2417 391 2591 445 EDl'l'.
2635 390 3070 448 ROM.-VATIC.

3719 395 3826 455 ιδς

548 504 783 567 Tacitus,
836 503 1147 571 Suetonius,
1179 502 1277 559 Dio
1330 506 1666 577 caeteriquc)
1709 505 1910 561 distare
1954 505 2131 574 spatio
2161 507 2206 564 Λ
2237 502 2473 557 indicato
2536 502 2801 558 Orcadum
2868 496 3164 559 insularum
3229 504 3459 573 spectari
3536 505 3818 564 debuisse.

549 609 812 648 annorum
860 593 1221 663 quindecima
1249 594 1451 649 duobus
1520 595 1749 650 Geminis
1798 594 2123 658 consulibus,

550 683 699 739 Fuﬁo
726 683 955 739 Gemino
988 691 1043 738 et
1070 683 1312 739 Rubellio
1333 683 1578 739 Gemino.
1612 683 1791 739 Series
1828 683 1971 737 enim
2018 699 2125 738 non

546 772 846 843 interrupta
895 774 1121 828 istorum
1173 774 1478 843 quindecim
1529 789 1791 828 annorum
1849 774 2047 845 legitur
2071 774 2122 827 in

546 870 830 925 Fastorum
859 871 1297 935 Collectionibus,
1335 886 1456 940 qua:
1484 871 1711 925 resultat
1752 870 1916 923 etiam
1945 885 2011 923 ex
2038 869 2126 923 hi-

547 962 761 1015 storicis
787 962 961 1016 aetatis
984 961 1230 1031 Augusti.
1261 959 1396 1013 Nam
1427 958 1675 1019 Velleius.
1707 960 1796 1028 qui
1825 957 2002 1012 Marco
2034 958 2095 1013 Vi
2114 990 2126 998 -

545 1050 690 1104 nicio
712 1051 944 1116 consuli,
974 1059 1097 1120 post
1125 1052 1258 1104 duos
1287 1048 1528 1119 geminos
1573 1063 1775 1101 annum
1811 1048 2125 1116 proximum

546 1139 833 1209 aperienti,
865 1155 1019 1195 suum
1071 1154 1205 1208 opus
1261 1145 1557 1206 nuncupat,
1590 1152 1713 1191 cum
1754 1136 1876 1189 libr.
1910 1152 1971 1199 ll,
2003 1152 2123 1205 cap.

547 1226 670 1290 125,
699 1227 945 1299 Pompeio
974 1228 1291 1298 Apuleioque
1316 1225 1615 1281 consulibus
1644 1226 1871 1294 Augusti
1897 1235 2125 1280 mortem

546 1318 841 1384 retulisset,
868 1328 922 1373 ct
947 1319 1154 1372 initium
1184 1318 1394 1388 imperii
1425 1317 1648 1381 Tiberii,
1676 1333 1795 1387 cap.
1827 1316 1952 1382 126,
1981 1317 2125 1386 ejus-

546 1406 666 1461 dem
731 1407 850 1461 libri
882 1408 1103 1461 sedecim
1132 1424 1297 1461 annos
1329 1408 1529 1462 diserte
1581 1406 1705 1460 inde
1757 1416 2009 1461 numerat
2058 1406 2126 1460 ad

545 1497 817 1551 consulem
859 1496 1145 1550 Vinicium.
1196 1495 1514 1562 Quindecim
1561 1504 1844 1565 propterea
1880 1495 2069 1549 statuit
2095 1511 2125 1550 a

544 1586 749 1639 duobus
778 1584 956 1639 Sextis
991 1586 1056 1639 ad
1079 1586 1214 1640 duos
1235 1584 1514 1650 Geminos,
1548 1601 1685 1653 quos
1731 1583 1969 1646 Vinicius
1994 1600 2125 1638 con-

544 1674 779 1730 tinenter
805 1676 1173 1745 consequitur.
1206 1675 1387 1742 Quare
1434 1675 1479 1729 si
1524 1676 1629 1728 duo
1682 1674 1830 1729 Sexti
1886 1676 2124 1729 consules

538 1767 812 1835 pertinent
838 1767 903 1819 ad
935 1782 1135 1819 annum
1170 1780 1292 1818 mra:
1343 1764 1543 1819 Christi
1593 1763 1826 1833 vulgaris
1865 1764 2122 1817 decimum

2302 595 2432 663 Quis
2467 597 2648 667 itaque
2679 612 2875 667 negare
2900 598 3071 667 possit
3110 598 3484 653 characterem
3533 598 3678 653 hunc
3706 614 3821 654 cm-

2229 685 2441 742 lestium
2478 696 2739 751 motuum,
2796 688 2981 743 Dionis
3006 687 3059 741 in
3090 686 3326 743 Historia
3378 687 3581 743 diserte
3610 703 3820 744 memo-

2228 788 2427 839 ratum,
2499 778 2739 835 indicare
2785 780 3069 835 evidenter
3139 779 3479 835 consulatum
3531 780 3818 850 utriusque

2229 866 2379 922 Sexti
2402 883 2523 923 esse
2550 868 2868 938 pariandum
2897 885 3021 923 cum
3047 885 3192 925 anno
3229 869 3468 940 vulgaris
3490 885 3615 925 εει-ω
3660 871 3819 924 tertio

2226 955 2467 1007 decimo?
2495 955 2729 1025 duosque
2782 953 3024 1009 Geminos
3071 972 3192 1011 esse
3245 957 3645 1026 componendus
3690 972 3818 1011 cum

2227 1061 2371 1101 anno
2398 1047 2667 1102 bissextili
2703 1048 2944 1119 ejusdem
2976 1064 3100 1103 atrae
3128 1049 3219 1114 28,
3247 1050 3324 1104 uti
3387 1048 3659 1105 Victorius
3686 1064 3821 1105 con-

2228 1135 2406 1190 stituit
2435 1132 2463 1184 ἲ
3277 1198 3295 1215 .

2300 1227 2522 1293 Quaeres
2570 1243 2699 1281 num
2749 1227 2958 1282 duobus
2979 1227 3220 1283 Geminis
3253 1226 3565 1283 consulibus
3593 1244 3695 1298 per
3721 1245 3820 1282 an-

2227 1331 2355 1369 num
2385 1317 2659 1380 retractis,
2686 1318 2855 1371 series
2906 1332 3120 1386 quoque
3172 1318 3453 1373 consulum
3499 1319 3820 1389 praeceden-

2228 1404 2362 1458 tium
2401 1421 2573 1474 usque
2594 1408 2660 1460 ad
2686 1406 2990 1460 Cxesariana
3018 1418 3257 1477 tempora
3283 1409 3353 1462 sit
3375 1410 3715 1465 tantumdem
3737 1409 3819 1465 in-

2226 1494 2385 1548 simul
2414 1497 2783 1550 retrahenda?
2817 1497 2872 1550 ld
2923 1513 3052 1550 vero
3084 1498 3257 1568 ipsmn
3310 1500 3622 1554 asserimus.
3673 1499 3818 1569 Quin

2228 1585 2393 1639 etiam
2446 1601 2642 1640 novum
2675 1597 3051 1656 argumentum
3082 1603 3145 1642 ac
3166 1589 3657 1644 demonstrationem
3691 1606 3820 1661 pro-

2224 1674 2473 1730 ducimus
2502 1676 2765 1745 ejusmodi
2787 1678 3194 1733 rctrocessionis
3216 1680 3524 1734 necessario
3545 1679 3814 1735 adhiben-

2225 1766 2304 1819 da:
2332 1765 2385 1818 in
2425 1760 2776 1835 disponendis
2828 1768 3200 1824 consulatibus
3248 1770 3308 1824 C.
3340 1768 3465 1823 Julii
3529 1770 3762 1826 Caesaris
3796 1787 3813 1827 :

550 1867 822 1928 quartum,
868 1856 972 1909 duo
1021 1853 1225 1909 Gemini
1250 1863 1376 1908 sunt
1424 1855 1729 1910 necessario
1765 1854 2120 1923 componendi
2152 1850 2197 1909 Β
2227 1854 2381 1925 cujus
2413 1871 2594 1911 eomes
2623 1857 2929 1912 individuus
2955 1857 3312 1926 expeditionis
3354 1858 3652 1926 Hispanicae
3704 1859 3819 1915 An-

537 1962 662 2005 cum
691 1963 833 2001 anno
860 1946 1098 2014 ejusdem
1126 1961 1247 2000 {PRD
1272 1946 1362 2009 29,
1389 1946 1468 1999 uti
1514 1960 1704 2000 omnes
1751 1946 1863 1999 l‘ere
1889 1945 2120 1999 chrono-

537 2028 645 2108 logi
674 2037 905 2107 pariant.
934 2035 1028 2089 Sin
1068 2036 1172 2089 duo
1205 2034 1354 2089 Sexti
1379 2035 1489 2089 sint
1508 2035 1787 2089 evidenter
1809 2032 2118 2087 retrahendi

539 2140 660 2181 cum
691 2136 863 2181 morte
886 2127 1113 2197 Augusti
1143 2127 1209 2180 ad
1237 2141 1436 2179 annum
1462 2141 1585 2180 mra:
1609 2125 1934 2188 communis,
1960 2123 2118 2177 Chri-

537 2217 604 2271 sti
626 2214 795 2279 XIII,
820 2216 1169 2285 consequitur
1209 2225 1264 2270 et
1293 2214 1424 2267 duos
1477 2211 1720 2268 Geminos
1751 2214 2024 2283 pertinere
2051 2212 2118 2266 ad

538 2320 736 2358 annum
761 2302 1079 2356 ‘bissextilcm
1104 2303 1193 2366 28,
1225 2303 1299 2356 uti
1333 2303 1606 2357 Victorius
1631 2302 1933 2357 constituit.
1986 2301 2119 2355 Esse

537 2401 718 2449 autem
749 2394 821 2448 ita
849 2394 1203 2448 retrahendos
1238 2394 1377 2448 duos
1411 2393 1606 2448 Sexlos
1654 2392 1902 2447 consules
1928 2399 1984 2446 et
2009 2390 2117 2444 Au—

536 2485 678 2555 gusti
730 2470 956 2538 mortem
1004 2486 1072 2538 ad
1123 2499 1322 2539 annum
1372 2484 1440 2538 15
1486 2499 1609 2538 tera:
1654 2484 2012 2551 Christiania,
2051 2500 2118 2539 ex

536 2573 849 2628 charactere
878 2574 1137 2642 temporis
1164 2574 1216 2626 in
1243 2573 1431 2627 Dionis
1462 2570 1698 2627 Historia
1732 2574 1900 2629 relato
1922 2576 1981 2629 ﬁt
2009 2576 2120 2629 evi-

536 2663 690 2719 dens.

607 2755 705 2808 Dio
733 2753 871 2808 libro
922 2768 1006 2807 Lvt
1058 2753 1202 2807 inter
1230 2752 1474 2822 prodigia
1503 2768 1624 2822 quae
1675 2760 1731 2807 et
1771 2752 2119 2821 praeiudicata

537 2848 676 2917 vulgi
708 2847 961 2918 opinione
984 2863 1048 2901 ac
1074 2848 1460 2917 superstitione
1490 2857 1719 2902 mortem
1749 2848 1973 2919 Augusti
1996 2863 2120 2917 por-

536 2940 756 2994 tendere
786 2940 1166 3004 credebantur,
1192 2937 1359 2993 Sexto
1384 2938 1609 3008 Apuleio
1637 2947 1693 2993 et
1742 2938 1910 2994 Sexto
1953 2939 2116 2993 Pom-

535 3030 656 3097 peio
696 3028 1025 3093 consulibus,
1081 3036 1366 3083 enumerat
1422 3028 1639 3081 totalem
1666 3027 1908 3097 eclipsim
1938 3029 2068 3083 solis
2099 3045 2115 3085 :

536 3120 686 3174 Anno
717 3121 1024 3189 insequenti,
1058 3120 1152 3183 ait,
1182 3118 1345 3174 Sexto
1375 3118 1615 3187 Apuleio,
1651 3118 1807 3174 Sexto
1866 3118 2116 3190 Pompeio

2222 1945 2306 2000 lus
2338 1944 2559 2005 Hirtius.
2607 1947 2858 2015 idemque
2889 1947 3177 2001 historicus
3219 1947 3686 2015 diligentissimus,
3708 1965 3811 2019 per

2219 2035 2335 2090 dies
2385 2036 2621 2105 singulos
2649 2051 2974 2091 enumerans
3020 2038 3329 2092 obsidiones
3376 2038 3701 2106 oppidorum
3756 2047 3817 2096 et

2222 2127 2472 2181 militaria
2502 2136 2649 2194 gesta
2695 2128 2775 2182 sui
2816 2129 3177 2196 imperatoris,
3229 2128 3501 2183 tninistrat
3530 2130 3582 2183 in
3610 2130 3810 2186 castris

2221 2217 2360 2284 apud
2387 2215 2644 2285 Hispalim
2690 2217 2850 2270 motis
2873 2218 2958 2271 die
2989 2233 3047 2272 tu
3082 2217 3264 2270 Nonas
3299 2217 3501 2283 Martii,
3531 2219 3662 2272 hora
3697 2219 3806 2274 cir-

2219 2306 2355 2359 citer
2381 2316 2526 2359 sexta
2548 2317 2801 2359 nocturna
2828 2308 3046 2377 quando
3075 2306 3196 2360 luna
3245 2318 3531 2376 conspecta
3571 2308 3695 2373 fuit,
3724 2309 3802 2363 in-

2220 2400 2418 2454 dicium
2450 2398 2788 2454 manifestum
2818 2400 2966 2461 anni,
2991 2413 3153 2467 quem
3195 2408 3393 2452 vocant
3444 2398 3803 2463 confusionis,

2221 2492 2462 2559 pariandi
2497 2506 2620 2545 cum
2650 2493 2752 2545 hac
2788 2491 3129 2560 expeditione
3172 2489 3549 2557 Hispaniensi:
3582 2500 3638 2545 et
3683 2490 3808 2544 alli-

2220 2578 2377 2647 gaudi
2412 2593 2616 2632 annum
2641 2578 2872 2633 Caesaris
2898 2577 3252 2631 emortualem
3283 2592 3403 2631 cum
3429 2575 3657 2631 Juliante
3678 2592 3808 2635 oor-

2222 2666 2482 2720 rectionis
2514 2666 2689 2734 primo
2717 2675 2847 2719 ante
2873 2681 3036 2719 seram
3062 2664 3261 2719 Christi
3288 2663 3398 2729 45;
3439 2666 3579 2719 unde
3610 2679 3813 2720 conse-

2220 2755 2402 2822 quitur
2427 2764 2483 2807 et
2506 2755 2640 2810 duos
2662 2754 2858 2821 Sextos
2883 2756 3130 2809 obtinere
3176 2754 3387 2806 tertium
3432 2754 3718 2818 decimum.
3746 2762 3813 2810 et

2220 2844 2357 2899 duos
2382 2844 2636 2900 Geminos
2658 2845 3164 2899 duodetricesimum
3185 2858 3307 2898 mra:
3331 2842 3585 2913 vulgaris.
3615 2842 3814 2898 Fusius

2221 2934 2337 2988 haec
2363 2935 2633 3004 disputata
2657 2944 2709 2990 et
2734 2936 2802 2991 ab
2824 2936 2969 2990 omni
2997 2933 3308 2989 dillicultate
3358 2935 3606 3003 expedita
3656 2934 3810 3004 leges

2222 3026 2275 3079 in
2299 3028 2677 3081 dissertatione
2704 3038 2885 3081 nostra
2919 3034 3233 3085 memorata,
3267 3028 3318 3078 in
3345 3041 3448 3093 qua
3475 3026 3667 3080 horum
3694 3040 3811 3080 caa-

2224 3114 2436 3169 lestinm
2464 3124 2706 3169 motuum
2737 3124 2899 3185 atque
2943 3115 3222 3184 cclipsium
3254 3114 3488 3170 calculos
3528 3124 3806 3181 accurate,

535 3184 854 3274 consulibus,
878 3213 931 3264 in
951 3210 1293 3281 Campaniam
1320 3184 1582 3280 profectus
1607 3211 1890 3281 Augustus,
1919 3184 2115 3265 exliibi-
2143 3184 2188 3246 C
2220 3218 2277 3262 ut
2307 3223 2488 3277 spero,
2516 3184 3131 3263 subductosostendam.

535 3310 589 3355 to
615 3300 837 3369 Neapoli
865 3300 1178 3371 spectaculo,
1214 3299 1368 3354 Nola:
1393 3302 1548 3353 morti
1574 3303 1842 3355 concessit.
1864 3300 2116 3369 Prodigia

534 3404 651 3460 quw
678 3391 731 3442 id
760 3390 806 3442 ei
830 3391 1168 3459 prwdicerent
1200 3406 1359 3459 neque
1398 3391 1639 3453 minima,
1689 3406 1852 3460 neque
1897 3390 2117 3445 obscura

532 3488 827 3532 evenerant.
862 3494 956 3533 sor.
984 3494 1156 3533 rorus
1183 3494 1513 3534 neracann.
1538 3477 1657 3535 ὀτι
1686 3482 1785 3554 γὰρ
1831 3482 1965 3541 ἥλιος
2009 3487 2117 3542 πᾶς

535 3570 748 3635 ιξὲλιπε,
780 3581 887 3625 etc.
929 3570 1169 3641 Torquet
1196 3572 1409 3641 ingentia
1442 3571 1888 3641 chronologorum
1916 3574 2119 3641 pariter

535 3669 592 3713 et
641 3673 1073 3714 astronomorum
1128 3661 1391 3730 eclipseos
1420 3661 1577 3715 istius
1606 3661 1876 3731 indagatio
1896 3676 1994 3730 per
2015 3676 2114 3715 an-

536 3766 664 3804 num
693 3761 936 3820 quartum
958 3750 1213 3803 decimum
1256 3765 1378 3804 tene
1423 3750 1744 3804 Christiana?
1776 3768 1789 3803 :
1818 3765 1925 3820 quo
1970 3759 2118 3805 certe

536 3840 681 3894 nulla
742 3838 1001 3907 ejusmodi
1056 3839 1271 3909 eclipsis
1315 3839 1468 3907 juxta
1518 3855 1866 3909 quascunque
1911 3841 2118 3896 tabulas

534 3929 837 3984 cwlcstium
889 3940 1127 3983 motuum
1159 3929 1389 3999 spectari
1428 3930 1621 3999 potuit.
1659 3930 1729 3982 At
1757 3931 1800 3985 si
1843 3931 1981 3985 hanc
2034 3931 2117 3985 in-

536 4021 755 4090 quirant
802 4020 954 4088 juxta
1021 4022 1236 4074 easdem
1298 4020 1509 4076 tabulas
1539 4018 1943 4092 anno’vulgaris
1994 4036 2117 4076 mra:

534 4111 688 4165 tertio
711 4111 934 4171 decimo,
991 4111 1231 4166 collectis
1277 4112 1517 4166 numeris
1548 4121 1873 4181 cognoscent
1903 4111 2118 4165 eviden-

538 4206 640 4264 ter,
675 4200 762 4253 die
798 4200 866 4254 28
897 4200 1097 4269 Aprilis
1119 4200 1384 4255 defeetum
1409 4201 1539 4256 solis
1562 4200 1615 4255 in
1655 4201 1898 4271 pluribus
1940 4200 2115 4255 Euro-

535 4305 616 4359 ι)ιὲ
648 4290 940 4357 provinciis
964 4290 1310 4357 spectabilem
1351 4290 1666 4357 contigisse,
1699 4290 1824 4343 dum
1870 4297 2118 4359 vergeret

536 4379 605 4431 ad
636 4394 909 4433 occasum.
948 4380 1190 4433 Totalem
1217 4380 1351 4434 disci
1398 4381 1835 4435 obscurationem
1883 4380 1996 4434 sole
2026 4395 2117 4435 oc-

537 4470 753 4524 cidente
800 4471 971 4524 visam
1010 4471 1192 4538 parvis
1221 4471 1408 4525 insulis
1434 4470 1503 4523 ab
1527 4485 1721 4525 occasu
1745 4470 2117 4540 adjacentibus

535 4559 829 4614 Britannia:
880 4560 1023 4612 circa
1070 4559 1339 4614 borealem
1373 4560 1657 4614 Scotorum
1719 4569 1975 4626 tractum,
2010 4561 2120 4616 dis-

537 4659 663 4706 cent
703 4667 769 4705 ex
797 4652 1173 4720 supputatione
1204 4665 1269 4705 ac
1306 4652 1695 4722 diagrammate
1758 4655 1810 4709 in
1861 4655 2118 4710 disserta-

538 4741 686 4795 tione
713 4748 893 4794 nostra
921 4740 1088 4796 relato
1120 4759 1133 4795 :
1167 4741 1395 4795 similem
1420 4743 1571 4797 alteri
1595 4744 1779 4814 eclipsi
1812 4745 2117 4815 spectandae

537 4830 627 4885 die
652 4829 724 4883 22
749 4830 892 4896 Maii,
924 4847 1065 4885 anno
1099 4831 1251 4896 1724,
1276 4832 1387 4887 sole
1410 4834 1615 4902 pariter
1647 4834 1947 4900 occidente,
1996 4851 2117 4905 spe-

537 4921 835 4975 ctatoribus
880 4921 1069 4990 positis
1093 4922 1145 4975 in
1174 4920 1353 4976 littore
1408 4923 1635 4977 occiduo
1685 4924 1935 4988 Etruriae,
1967 4927 2111 4980 circa

537 5008 855 5064 Liburnum.
885 5010 962 5063 Ex
988 5012 1175 5066 iisdem
1209 5010 1428 5067 Tabulis
1475 5012 1829 5079 Cassinianis,
1856 5013 2114 5081 Hirianis,

537 5097 968 5154 Bononiensibus
992 5110 1045 5153 et
1068 5100 1395 5157 Britannicis
1424 5092 1657 5172 utraqtie
1684 5102 1904 5172 eclipsis
1936 5103 2115 5158 totalis

536 5190 763 5259 perinde
786 5188 1055 5260 colligitur
1087 5209 1100 5245 ε
1128 5207 1248 5261 quae
1271 5194 1534 5263 partialis,
1564 5203 1624 5247 ut
1646 5208 1866 5250 necesse
1893 5203 1975 5249 est
1993 5208 2116 5248 eve-

536 5279 679 5345 nire,
705 5279 868 5334 fuerit
901 5290 1165 5336 terrarum
1194 5283 1452 5339 tractibus
1478 5284 1531 5339 in
1555 5285 1753 5340 vicinia
1784 5284 1975 5355 positis
1996 5283 2116 5338 Bri-

537 5371 757 5437 tanniaz,
790 5369 1060 5427 inferioris
1088 5371 1415 5440 Germania),
1462 5374 1650 5430 Galliae
1683 5390 1748 5431 ac
1787 5375 2112 5442 Lusitania;

537 5460 631 5514 sed
669 5460 864 5529 phases
890 5460 1130 5529 partialis
1157 5461 1458 5517 observata:
1485 5464 1569 5519 his
1596 5465 1650 5520 in
1684 5465 2011 5535 regionibus,
2032 5473 2115 5520 to-

535 5552 701 5607 talem
728 5552 1099 5610 demonstrant
1129 5553 1183 5608 in
1212 5554 1459 5625 proximo
1481 5556 1697 5613 climate
1722 5572 1787 5613 ac
1808 5557 2113 5614 meridiano

2290 3299 2554 3353 Constant
2587 3299 2754 3369 igitur
2776 3300 2827 3353 in
2865 3298 3212 3368 chronologia
3238 3296 3462 3352 Victorii
3493 3312 3559 3351 ac
3587 3306 3801 3361 nostra,

2218 3388 2568 3459 consignante
2588 3388 2722 3442 feria
2750 3403 2803 3453 v,
2827 3388 2915 3442 die
2932 3388 3004 3441 25
3029 3387 3201 3442 Martii
3229 3385 3449 3451 Juliani,
3498 3402 3640 3440 anno
3687 3402 3812 3440 terre

2218 3479 2455 3550 vulgaris
2476 3479 2546 3535 28
2583 3494 2755 3548 eoque
2784 3478 3069 3543 bissextili,
3111 3477 3321 3531 duobus
3345 3476 3588 3531 Geminis
3611 3491 3814 3530 consu-

2218 3567 2359 3622 libus
2395 3582 2608 3623 caenam
2633 3566 2965 3621 Dominicam
2991 3574 3043 3620 et
3063 3565 3333 3636 passionis
3372 3564 3676 3631 exordium,
3700 3564 3812 3620 die-

2218 3673 2322 3728 que
2372 3659 2617 3728 proximo
2661 3658 2733 3713 26
2762 3657 2961 3723 Martii,
2992 3658 3122 3713 feria
3148 3674 3225 3723 vt,
3272 3656 3681 3713 cruciﬁxionem
3741 3672 3809 3711 ac

2218 3759 2448 3804 mortem
2479 3750 2712 3813 Domini,
2738 3760 2972 3818 quatuor
2997 3749 3070 3802 illi
3100 3749 3446 3804 characteres
3469 3752 3643 3803 amice
3663 3763 3813 3804 com-

2218 3840 2376 3907 positi
2406 3858 2419 3893 :
2446 3854 2582 3908 quos
2608 3840 2661 3893 in
2690 3839 2859 3893 dilato
2878 3838 3228 3894 Geminorum
3256 3838 3481 3909 collegio
3508 3838 3576 3891 ad
3604 3852 3811 3893 annum

2216 3927 2286 3983 29
2333 3927 2531 3983 frustra
2585 3929 2937 3997 requirebant
2976 3927 3314 3995 chronologi,
3344 3926 3480 3981 duos
3513 3926 3723 3981 scilicet
3750 3925 3807 3980 in

2218 4018 2421 4073 sanctis
2449 4017 2755 4087 Evangeliis
2780 4018 2959 4072 divina
2986 4017 3090 4072 ﬁde
3117 4016 3359 4070 ﬁrmatos
3404 4014 3691 4070 Paschalis
3737 4030 3807 4070 ac

2217 4109 2509 4171 Passionis,
2544 4124 2718 4164 cmnze
2741 4118 2796 4163 et
2820 4109 3078 4163 feriarum
3111 4122 3145 4161 v
3176 4116 3232 4162 et
3255 4122 3307 4162 vt
3333 4122 3455 4161 cum
3504 4106 3621 4172 ejus
3651 4105 3810 4160 initio

2221 4216 2285 4256 ac
2313 4201 2546 4255 termino
2582 4197 3110 4268 eomponendarum;
3159 4197 3294 4251 duos
3322 4211 3453 4250 vero
3488 4211 3519 4249 a
3545 4195 3810 4250 Patribus

2219 4293 2363 4346 aatati
2393 4286 2700 4362 apostolica:
2721 4289 3002 4361 proximis,
3032 4296 3089 4342 et
3119 4302 3148 4341 a
3170 4286 3519 4356 chronologis
3571 4285 3807 4354 peritio-

2220 4384 2371 4439 ribus
2398 4400 2520 4439 cum
2546 4382 2787 4438 Victorio
2815 4390 3163 4443 memoratos,
3191 4379 3294 4433 diei
3331 4378 3538 4433 scilicet
3562 4377 3633 4431 25
3662 4376 3807 4431 Mar-

2226 4473 2286 4527 tii
2313 4489 2436 4527 cum
2462 4488 2617 4529 caena
2646 4472 2948 4531 Dominica,
2988 4477 3043 4523 et
3063 4468 3286 4523 exordio
3314 4465 3599 4536 passionis,
3622 4473 3678 4518 et
3700 4465 3806 4520 diei

2224 4562 2294 4617 26
2317 4562 2555 4631 ejusdem
2584 4562 2784 4616 mensis
2805 4576 2926 4615 cum
2956 4558 3203 4613 alIixione
3232 4555 3609 4623 Redemptoris
3631 4554 3806 4609 nostri

2225 4652 2277 4707 in
2309 4666 2490 4714 cruce,
2513 4660 2568 4706 et
2597 4658 2973 4706 consummata
3003 4647 3255 4717 passione
3291 4644 3697 4714 componendae.

2291 4739 2389 4796 His
2414 4756 2541 4795 vero
2566 4739 3122 4794 animadversionibus
3167 4734 3407 4803 Catalogi
3436 4733 3604 4788 nostri
3648 4734 3809 4790 chro-

2220 4830 2488 4899 nologiam
2525 4830 2593 4884 ab
2640 4830 2844 4899 epocha
2898 4827 3166 4897 passionis
3214 4824 3463 4880 similiter
3489 4824 3806 4894 consignata

2220 4922 2477 4977 illustrari
2515 4930 2571 4975 et
2597 4920 2942 4991 comprobari
2967 4917 3307 4973 conﬁdimus.

2292 5013 2486 5068 Essent
2514 5026 2730 5083 quoque
2760 5019 2900 5065 nota:
2928 5008 3244 5063 adhibendae
3275 5006 3343 5060 ad
3377 5004 3584 5074 aliquot
3625 5002 3805 5072 ponti-

2220 5102 2380 5160 ﬁcum
2409 5103 2481 5158 ibi
2518 5102 2932 5164 reccnsitorum,
2959 5107 3012 5153 et
3038 5098 3107 5151 ad
3132 5096 3457 5151 omissurum
3487 5109 3654 5148 teram
3694 5101 3807 5147 sta-

2218 5193 2528 5248 biliendam.
2583 5192 2783 5245 Verum
2832 5191 2946 5244 suis
2993 5187 3128 5242 locis
3181 5186 3357 5256 aptius
3395 5184 3804 5241 collocabuntur

2216 5281 2303 5336 vel
2354 5281 2707 5350 disponentur
2741 5280 2794 5334 in
2821 5277 3203 5333 dissertatione
3248 5274 3312 5328 de
3342 5271 3609 5342 Catalogis
3667 5272 3803 5325 anti-

2216 5376 2332 5447 quis
2358 5375 2663 5446 pontiﬁcum
2691 5373 3069 5433 Romanorum,
3093 5383 3256 5439 quam
3290 5366 3451 5437 paulo
3493 5365 3636 5419 infra
3662 5372 3801 5418 atte-

2217 5478 2364 5529 xam,
2390 5472 2513 5534 post
2539 5462 2683 5518 illam
2711 5477 2831 5532 qua:
2854 5477 2885 5515 a
2911 5458 3141 5531 praesule
3188 5455 3583 5513 Schelestratio
3611 5463 3799 5525 peten-

2214 5556 2286 5610 da
2315 5564 2417 5611 est.

1639 5746 2653 5784 -——--==vo<=-———-—-
