4010 6302
525 283 630 343 “7

1257 287 1347 346 AD
1381 287 1828 349 ANASTASIUM
1867 289 2382 349 PROLEGOMENA
2417 289 2594 347 EDIT.
2634 291 3059 348 ROM.-VATlC.

3683 286 3787 342 ηε

1355 581 2109 710 FRANCISCI
2196 556 2975 698 BLANCHINI

1835 801 2462 863 ADNOTATIONES

615 970 715 1032 Ad
741 965 1074 1049 Catalogos
1109 971 1489 1050 superiores,
1524 986 1762 1030 necnon
1783 965 1879 1050 god
1904 968 2612 1050 specimino__scripturw
2639 967 2896 1029 secundi
2926 968 3336 1043 Corbciemis,
3377 975 3432 1030 et
3463 969 3706 1031 codici:

1774 1044 2169 1121 Fam—esiani,
2203 1044 2355 1108 libri

2445 1055 2574 1108 οητ.

596 1315 818 1372 Consilii
848 1319 1015 1372 nostri
1053 1318 1190 1372 ratio
1228 1317 1496 1372 reddenda
1524 1327 1638 1384 est,
1678 1333 1778 1373 cur
1807 1317 2014 1373 scilicet
2040 1333 2106 1374 ex
2139 1323 2184 1380 Λ
2215 1317 2414 1373 Italicis
2443 1299 2714 1372 ﬁdendum
2743 1333 2865 1372 esse
2892 1316 3168 1388 colligam,
3205 1326 3260 1372 et
3309 1319 3625 1373 nominatim
3678 1320 3806 1374 huic

525 1411 767 1481 pluribus
792 1412 1029 1480 antiquis
1054 1409 1323 1482 Catalogis
1354 1411 1667 1481 pontiﬁcum
1707 1409 2071 1465 Romanorum
2091 1451 2106 1476 ,

524 1518 660 1570 quos
681 1503 962 1572 proferunt
987 1504 1182 1556 eruditi
1209 1503 1523 1573 scriptores,
1539 1517 1634 1558 eos
1658 1518 1779 1558 esse
1799 1503 2109 1571 deligendos

525 1593 862 1664 putaverim,
907 1610 1044 1664 quos
1083 1595 1172 1649 hic
1216 1595 1418 1650 inserui
1457 1604 1566 1650 tres
1605 1610 1797 1665 nempe
1827 1611 1856 1648 a
1890 1594 2106 1651 Schcle-

522 1685 747 1751 stratio,
789 1686 974 1740 duosa
1005 1686 1311 1742 Mabillonio
1353 1687 1570 1757 petitos.
1615 1686 1844 1758 Congeri
1892 1685 2108 1757 quidem

525 1787 775 1847 poterant
803 1777 955 1832 multi
978 1777 1178 1847 plures,
1203 1779 1247 1832 si
1270 1779 1485 1834 animus
1511 1779 1695 1834 fuisset
1727 1780 2107 1849 multiplicitati

521 1871 741 1926 studere
767 1871 945 1940 potius
973 1886 1134 1940 quam
1170 1871 1418 1926 delectui.
1457 1872 1536 1928 Ex
1563 1873 1856 1942 appendice
1892 1869 2111 1928 Schcle-

524 1965 698 2020 stratii
737 1963 800 2017 ad
834 1981 969 2034 opus
997 1965 1433 2035 clironologicum
1471 1974 1594 2019 octo
1623 1965 1819 2020 diversi
1853 1977 2108 2035 suppete-

521 2055 677 2118 bant,
700 2069 836 2122 quos
865 2053 952 2108 ille
979 2054 1226 2108 distinxit
1257 2054 1495 2109 numeris
1523 2053 1586 2119 6,
1619 2055 1713 2120 i8,
1740 2055 1812 2108 2‘2
1831 2095 1846 2120 ,
1873 2055 1971 2116 26,
2005 2055 2073 2110 27
2095 2097 2108 2121 ,

521 2141 616 2210 29,
643 2146 732 2209 51,
758 2145 849 2208 52,
880 2161 944 2200 ex
983 2146 1253 2200 Vaticanis
1280 2146 1558 2201 codicibus
1588 2147 1923 2203 bibliotheca:
1951 2147 2108 2202 Pala-

523 2237 668 2303 tinae,
699 2237 1001 2303 Urbinatis,
1033 2237 1430 2300 Alexandrinm,
1456 2237 1682 2307 aliisque
1703 2254 1800 2307 per
1825 2239 1998 2308 ipsum
2029 2239 2111 2294 in-

521 2328 735 2383 dicatis.
788 2329 904 2383 Non
948 2331 1166 2384 deerant
1210 2329 1262 2382 in
1307 2328 1603 2384 Galliarum
1647 2329 1842 2398 pluteis
1869 2329 2110 2399 Catalogi

521 2418 864 2488 spectabiles,
892 2427 1090 2489 praeter
1121 2420 1254 2473 duos
1293 2434 1322 2472 a
1366 2416 1672 2474 Mabillonio
1715 2421 2070 2490 transcriptos
2093 2462 2108 2478 .

519 2526 643 2565 cum
669 2511 824 2565 unica
851 2511 1172 2566 bibliotheca
1195 2511 1502 2567 Colbertina
1532 2521 1656 2566 octo
1676 2513 1920 2567 diversos
1949 2513 2108 2568 mini-

523 2601 779 2656 straverit
809 2601 992 2671 Pagio,
1023 2615 1252 2655 excusas
1279 2601 1330 2655 in
1364 2601 1597 2656 secunda
1630 2601 1866 2656 editione
1895 2602 2111 2657 Criticae

521 2693 869 2756 Baronianze,
920 2708 1025 2746 una
1074 2709 1194 2746 cum
1245 2693 1452 2747 duobus
1499 2693 1778 2747 denarium
1824 2709 2107 2748 numerum
2144 2671 2185 2728 Β

522 2783 892 2854 implentibus,
920 2798 1028 2836 uno
1049 2783 1253 2837 scilicet
1276 2800 1340 2838 ex
1363 2784 1562 2854 Regiis,
1591 2785 1761 2840 altero
1780 2800 1845 2840 ex
1872 2783 2111 2840 Thuanis

525 2877 802 2931 codicibus
835 2876 1238 2946 manuscriptis.
1286 2875 1526 2947 Anglicis
1573 2893 1788 2947 quoque
1832 2892 1897 2932 ex
1948 2877 2112 2934 colle-

522 2967 794 3024 ctionihus
837 2976 1033 3039 praesto
1080 2977 1233 3023 erant
1280 2969 1448 3022 series
1489 2968 1802 3036 pontiﬁcum
1835 2969 2110 3023 Romano-

522 3072 668 3122 rum,
696 3059 784 3113 illa
811 3059 1108 3129 praesertim
1141 3074 1204 3113 ex
1235 3058 1521 3112 Bodleiana
1549 3075 1713 3129 quam
1736 3058 1978 3114 videmus
1999 3059 2112 3115 edi-

522 3155 635 3202 tam
665 3148 718 3202 in
746 3165 908 3219 opere
937 3150 1226 3218 posthumo
1248 3147 1547 3204 Pearsonii.

594 3241 797 3297 Verum
829 3241 1128 3296 habendam
1167 3257 1291 3297 esse
1328 3243 1592 3297 rationem
1625 3242 1751 3297 duxi
1783 3244 2110 3313 praestantiae

522 3331 703 3402 petitis
731 3346 892 3401 quam
921 3333 1108 3402 copiae.
1139 3331 1274 3387 Tres
1303 3332 1466 3404 igitur
1496 3332 1631 3403 elegi
1680 3346 1745 3386 ex
1788 3341 1910 3388 octo
1951 3332 2111 3389 Cata-

526 3421 665 3494 logis
693 3438 721 3476 a
751 3421 1136 3478 Sehclestratio
1161 3424 1341 3489 editis,
1363 3439 1592 3493 quorum
1619 3425 1958 3496 antiquitatis
1984 3435 2108 3481 nota

523 3523 579 3571 et
602 3513 779 3571 fontes
799 3531 904 3570 non
924 3515 1138 3570 obscuri
1170 3513 1618 3586 forent,ususque
1639 3517 1706 3572 ad
1733 3515 2108 3573 illustrandum

526 3606 870 3664 Anastasium
910 3608 1144 3663 maxime
1176 3610 1635 3664 accommodatus.
1686 3607 1810 3664 Tria
1849 3610 1993 3665 enim
2023 3610 2111 3666 illa

528 3715 648 3770 quze
676 3709 856 3755 textus
882 3709 1070 3754 noster
1096 3700 1304 3769 potiora
1334 3701 1514 3771 prodit
1542 3701 1594 3755 in
1622 3716 1946 3772 unoquoque
1972 3716 2110 3770 pon-

529 3789 673 3844 tiﬁce
719 3789 928 3856 (saltem
973 3799 1034 3844 ut
1083 3790 1420 3864 plurimum),
1470 3807 1662 3862 nempe
1707 3793 2109 3864 chronologiam

526 3883 688 3947 sedis,
719 3884 894 3947 annis,
923 3883 1221 3948 mensibus,
1264 3899 1328 3938 ac
1371 3885 1560 3939 diebus
1582 3885 1938 3955 explicatam,
1967 3886 2112 3939 ordi-

526 3972 774 4026 nationes
817 3973 1228 4043 episcoporum,
1261 3973 1699 4046 presbyterorum
1747 3991 1811 4030 ac
1855 3975 2110 4030 diacono-

526 4155 782 4212 nonnulla
836 4157 1122 4212 recensita.
1175 4156 1302 4212 Haec
1352 4159 1472 4219 tria,
1503 4158 1742 4228 inquam,
1771 4174 1837 4214 ex
1890 4158 2110 4212 totidem

527 4246 798 4319 Catalogis
828 4248 1198 4304 Schelestratii
1248 4250 1558 4321 singillatim
1588 4251 1959 4306 conﬁrmanda
1995 4267 2114 4306 sus-

529 4341 665 4410 cepi.
699 4341 824 4394 Tria
856 4341 945 4395 illa
973 4341 1350 4410 complectitur
1373 4342 1662 4414 Catalogns
1695 4344 1764 4398 ab
1791 4345 1904 4414 ipso
1933 4344 2114 4399 reddi-

534 4439 622 4487 tus
644 4446 707 4485 ex
732 4433 915 4487 codice
937 4433 1370 4502 octingentorum
1396 4436 1672 4504 sexaginta
1697 4436 1932 4506 quinque
1954 4451 2116 4490 anno-

531 4536 676 4586 rum,
703 4523 829 4576 dum
865 4523 978 4592 ipse
1003 4523 1267 4579 scriberet
1303 4527 1479 4594 (nunc
1507 4540 1636 4579 vero
1675 4524 1844 4581 ferme
1875 4542 2112 4596 nongen-

533 4613 746 4684 torum)
802 4612 1146 4667 bibliotheca!
1188 4610 1773 4670 Palatino-Vaticana.
1828 4615 2117 4688 Calalogus

535 4705 694 4771 alter,
725 4704 1087 4776 chronologize
1117 4713 1326 4760 tantum
1365 4707 1524 4761 index
1551 4716 1662 4770 est,
1695 4708 1788 4762 sed
1815 4708 1956 4762 inter
1983 4708 2116 4763 ﬁde-

535 4793 770 4850 lissimos
789 4795 1088 4850 habendus.
1115 4796 1532 4852 Describebatur
1546 4795 1699 4865 jussu
1723 4796 1871 4852 Pauli
1895 4798 2113 4853 secundi

467 4937 476 4942 ,
536 4899 601 4939 ex
633 4886 818 4940 codice
846 4885 1102 4941 Ecclesiae
1129 4885 1526 4957 Pergamensis,
1557 4902 1818 4941 annorum
1841 4887 2118 4959 octingen-

539 4987 715 5031 torum
755 4984 967 5032 actatem
1015 4977 1418 5048 praeferente.
1448 4978 1741 5034 Ostendam
1774 4980 1826 5034 in
1857 4980 2114 5034 disserta-

541 5070 687 5125 tione
715 5070 780 5124 de
807 5070 1046 5139 antiquis
1080 5065 1354 5142 Catalogis
1379 5071 1692 5142 pontillcum
1726 5072 2114 5136 Romanorum,

539 5174 634 5214 eos
658 5173 779 5214 esse
806 5160 1015 5214 caeteris
1037 5160 1421 5230 praeferendos,
1463 5161 1553 5231 qui
1593 5161 1846 5230 descripti
1879 5176 1999 5216 esse
2026 5176 2116 5216 no-

541 5258 764 5306 scuntur
785 5266 852 5306 ex
881 5251 1130 5323 genuinis
1154 5253 1518 5308 monumentis
1556 5253 1806 5308 Ecclesiae
1834 5253 2115 5317 Romanae,

529 4079 650 4119 rum
674 4074 1042 4130 enumeratas,
1069 4066 1285 4120 decreta
1315 4066 1546 4136 denique
1572 4065 1847 4137 complura
1877 4075 1933 4122 et
1959 4075 2109 4136 gesta
2139 4027 2182 4089 C

2213 1409 2594 1480 Bcrgomensi,
2647 1408 2905 1462 Romanis
2936 1407 3039 1462 illis
3076 1409 3388 1480 archctypis
3419 1418 3582 1464 tanta:
3609 1420 3804 1465 aucto-

2212 1501 2388 1555 ritatis
2417 1501 2656 1570 apprime
2703 1500 3089 1570 respondenti;
3121 1499 3210 1555 ubi
3257 1510 3468 1555 constet
3502 1515 3808 1557 consensus

2212 1593 2456 1647 codicum
2489 1599 2566 1645 tot
2595 1603 2718 1646 ante
2748 1591 2942 1646 saecula
2971 1592 3364 1662 descriptorum
3402 1608 3523 1646 cum
3560 1595 3808 1648 numeris

2212 1684 2591 1754 superstitibus
2623 1683 3082 1737 monimentorum
3111 1683 3400 1737 illustrium
3419 1683 3680 1752 Romanae
3705 1685 3808 1739 Ec-

2212 1777 2388 1832 clesiae
2409 1817 2422 1841 ,
2452 1792 2513 1832 ea
2552 1791 2656 1844 qua
2701 1775 2808 1830 dixi
2847 1784 3006 1829 artatc
3035 1776 3355 1845 positorum.
3402 1776 3678 1831 Delectum
3709 1791 3810 1830 no-

2215 1879 2387 1924 strum
2417 1870 2630 1940 egregie
2657 1868 3002 1924 conﬁrmabit
3040 1885 3341 1925 consensus
3377 1871 3534 1940 plane
3570 1869 3807 1925 admira-

2214 1962 2341 2016 bilis
2391 1961 2618 2015 duorum
2667 1961 2977 2016 llalicorum
3030 1962 3275 2016 codicum
3319 1971 3374 2016 et
3424 1961 3805 2033 Catalogorum

2215 2053 2339 2108 huic
2387 2050 2621 2106 allinium
2672 2051 2845 2121 pretio
2889 2051 3232 2121 antiquitatis
3270 2062 3324 2108 et
3364 2052 3558 2106 vicinia
3605 2051 3805 2117 Urbis,

2213 2159 2443 2215 quorum
2477 2143 2705 2198 alterum
2737 2143 2850 2212 jam
2891 2144 3034 2199 edidi
3082 2145 3262 2215 priore
3306 2157 3452 2199 tomo
3482 2161 3600 2216 pag.
3634 2145 3704 2210 4,
3737 2161 3804 2199 es

2213 2235 2441 2291 Cavensi
2484 2237 2671 2291 codice
2722 2252 2818 2306 per
2860 2235 3207 2291 Franciscum
3254 2236 3472 2290 Peniam
3517 2237 3809 2304 diligenter

2215 2325 2566 2396 descriptum,
2591 2324 2821 2380 alterum
2849 2340 2978 2380 vero
3001 2341 3068 2380 ex
3097 2325 3282 2380 codice
3327 2325 3522 2392 insigni
3571 2326 3809 2379 abbatia:

2215 2414 2492 2470 Farfensis
2538 2415 2692 2468 edam
2731 2415 2868 2469 infra
2892 2454 2908 2481 ,
2941 2415 3028 2470 cui
3057 2415 3338 2470 tribuenda
3380 2425 3464 2471 est
3506 2417 3808 2486 antiquitas

2215 2508 2676 2578 septingentorum
2717 2514 2771 2561 et
2809 2505 2946 2560 ultra
2977 2522 3262 2562 annorum.
3301 2506 3599 2562 Concordia
3641 2508 3809 2561 trium

2219 2601 2444 2656 istorum
2475 2599 2719 2654 codicum
2756 2608 2906 2653 tanta
2945 2599 3269 2668 antiquitate
3306 2600 3711 2670 praestantium,
3753 2611 3810 2654 et

2215 2705 2424 2746 summo
2451 2705 2719 2744 consensu
2759 2698 2870 2743 tum
2918 2690 3018 2744 sibi
3061 2689 3288 2744 invicem
3326 2691 3807 2759 respondentimn,

2214 2791 2324 2835 tum
2354 2780 2606 2836 indicatis
2628 2780 2993 2835 monumentis
3017 2780 3264 2850 genuinis
3287 2780 3522 2835 basilicae
3547 2779 3605 2835 S.
3631 2780 3809 2843 Pauli,

2213 2879 2441 2934 miriﬁce
2465 2879 2786 2949 comprobat
2810 2878 3176 2948 praestantiam
3211 2877 3459 2932 codicum
3496 2876 3809 2932 Italicorum

2218 2973 2268 3026 in
2297 2972 2571 3042 pontiﬁcia
2602 2971 2954 3041 chronologia
2981 2969 3253 3041 germanis
3289 2984 3356 3024 ex
3399 2969 3636 3026 fontibus
3667 2971 3814 3026 deri-

2210 3065 2385 3117 vanda
2414 3081 2428 3129 ;
2461 3063 2763 3133 prtescrtim
2810 3065 2853 3118 si
2899 3062 3252 3118 conferantur
3282 3064 3493 3118 numeri
3521 3064 3573 3118 in
3604 3065 3690 3119 his
3717 3081 3813 3118 ca-

2213 3156 2403 3228 talogis
2431 3157 2502 3210 ita
2533 3157 2780 3218 consoni,
2811 3171 2932 3210 cum
2963 3157 3208 3212 numeris
3234 3155 3463 3211 aliorum
3494 3164 3813 3211 exterorum

2211 3248 2460 3302 codicum
2500 3247 2649 3318 (sive
2693 3246 2807 3322 pari
2859 3246 3196 3316 antiquitatis
3244 3247 3433 3313 laude,
3479 3247 3592 3301 sive
3639 3246 3810 3301 etiam

2212 3336 2407 3406 majori
2431 3337 2864 3404 commendetur)
2885 3335 3039 3392 valde
3063 3337 3506 3392 dissentientibus
3529 3346 3642 3391 tum
3666 3337 3815 3391 inter

2211 3443 2270 3481 se
2291 3467 2305 3491 ,
2340 3436 2451 3481 tum
2482 3427 2550 3481 ab
2580 3426 2997 3483 indieationibus
3031 3428 3282 3498 genuinis
3318 3431 3576 3483 Actorum
3624 3429 3810 3498 publi-

2213 3532 2422 3582 eorum,
2453 3526 2560 3572 tam
2587 3531 2655 3572 ex
2685 3518 2930 3573 conciliis
2957 3534 3121 3588 quam
3160 3533 3224 3572 ex
3255 3519 3498 3588 epistolis
3534 3535 3598 3575 ac
3637 3520 3816 3590 diploo

2213 3607 2446 3663 malibus
2497 3609 2659 3662 certis
2718 3607 3035 3678 pontiﬁcum
3105 3608 3442 3680 aliorumque
3497 3611 3813 3681 principum

2213 3699 2549 3770 colligendis.
2599 3699 2712 3755 llac
2761 3701 2925 3771 igitur
2968 3699 3036 3756 de
3084 3715 3248 3755 causa
3296 3702 3590 3756 secundum
3648 3701 3808 3756 illum

2212 3791 2548 3860 Catalogmn,
2575 3806 2604 3844 a
2635 3791 2979 3862 Bergomensi
3011 3791 3198 3847 codice
3245 3792 3630 3861 transcriptum
3653 3833 3668 3856 ,
3724 3793 3817 3846 in-

2215 3895 2299 3939 ter
2338 3882 2826 3938 Schelestratianos
2855 3882 3048 3954 delegi,
3095 3884 3457 3955 chronologiae
3510 3885 3817 3954 pontiﬁcire

2219 3976 2450 4031 iudicem
2505 3991 2614 4046 pra:
2664 3976 2877 4032 caeteris
2931 3977 3138 4042 ﬁdum,
3185 3987 3239 4033 et
3293 3978 3539 4034 idoncmn
3601 3979 3816 4034 haben-

2215 4071 2340 4125 dunt

2286 4162 2500 4218 Tertius
2542 4162 2772 4234 denique
2819 4163 3140 4235 Catalogus,
3189 4165 3568 4235 antiquitatem
3610 4169 3804 4237 prodit

2215 4270 2476 4308 annorum
2510 4255 2726 4309 circiter
2769 4255 2894 4310 650.
2940 4256 3143 4312 Idcirco
3184 4266 3364 4312 autem
3409 4259 3625 4312 additur
3673 4259 3808 4314 huic

2217 4355 2402 4400 nostro
2436 4345 2706 4413 dclectui,
2737 4347 2878 4416 quod
2927 4357 3121 4416 praeter
3165 4347 3416 4403 nonnulla
3462 4349 3710 4414 decreta,
3758 4361 3819 4406 et

2216 4447 2366 4507 gesta
2404 4437 2715 4506 pontiﬁcum
2736 4478 2751 4502 ,
2781 4438 2985 4507 aliquot
3025 4439 3187 4493 ctiam
3225 4454 3407 4494 sacras
3435 4440 3820 4496 ordinationes

2215 4541 2268 4586 et
2297 4541 2608 4586 consuetam
2653 4533 3060 4604 chronologiam
3096 4549 3393 4597 annorum,
3435 4533 3700 4588 mensium
3748 4550 3821 4590 ac

2216 4623 2426 4677 dierum
2458 4623 2602 4676 sedis
2630 4623 2920 4690 unicuique
2951 4615 3297 4688 tributorum,
3331 4623 3531 4678 indicet
3563 4633 3819 4694 tempora

2215 4713 2518 4768 vacationis
2545 4713 2706 4777 sedis,
2735 4714 2869 4778 sive,
2899 4723 2959 4767 ut
2983 4716 3213 4785 exprimi
3252 4717 3386 4770 solet
3431 4716 3514 4770 his
3558 4715 3609 4769 in
3648 4715 3818 4770 Cata-

2219 4803 2376 4873 logis,
2407 4804 2602 4873 quibus
2627 4805 2857 4859 cessavit
2883 4806 3248 4875 episcopatus.
3278 4807 3428 4863 Licet
3469 4808 3611 4862 enim
3662 4807 3819 4863 inter

2216 4895 2475 4965 pontiﬁcii
2505 4902 2881 4963 tcmpora,seu
2911 4897 3203 4951 vacationis
3225 4898 3388 4959 sedis,
3414 4915 3516 4952 non
3546 4897 3617 4951 ita
3641 4902 3819 4954 certis

2217 4987 2558 5042 documentis
2595 4997 2786 5041 testata
2827 4989 2956 5054 sint,
3001 4999 3056 5043 ut
3087 4989 3335 5044 dubitare
3374 5007 3476 5044 non
3525 4991 3690 5044 semel
3732 4995 3815 5046 si-

2220 5088 2380 5142 naut,
2427 5079 2478 5132 id
2533 5088 2743 5148 tempus
2788 5094 2885 5147 pro
2931 5082 3082 5134 vario
3113 5082 3507 5135 numerantium
3539 5081 3815 5148 arbitrio,

2217 5169 2506 5238 aliquando
2553 5169 2785 5223 inchoati
2834 5188 2863 5223 a
2909 5173 2993 5225 die
3023 5172 3324 5227 decessoris
3349 5173 3668 5240 cmortuali,
3702 5176 3812 5229 ali-

2218 5260 2435 5328 quando
2463 5277 2492 5312 a
2521 5259 2878 5328 depositione,
2909 5268 2963 5314 ct
2988 5261 3228 5330 protrahi
3262 5278 3405 5317 nunc
3435 5263 3502 5316 ad
3531 5263 3672 5319 diem
3697 5265 3815 5320 ele-

541 5343 752 5411 publico
795 5343 1094 5412 przesertim
1133 5353 1295 5413 atque
1335 5345 1593 5399 sanctiori
1639 5344 1756 5399 loco
1805 5344 2020 5414 positis,
2064 5352 2118 5397 et
2145 5389 2195 5446 Β
2222 5352 2435 5416 ctionis,
2467 5368 2608 5408 nunc
2628 5355 2692 5407 ad
2717 5356 3128 5417 ordinationem.
3153 5366 3208 5411 et
3231 5358 3513 5412 occasione
3540 5359 3815 5413 schisma-

537 5450 633 5506 per
661 5450 781 5490 eam
806 5443 1014 5490 aetatem
1037 5452 1158 5506 qua:
1185 5438 1486 5493 almndaret
1513 5437 1855 5508 chronol0gis
1880 5437 2112 5493 cxacﬁo-

537 5527 722 5582 ribus:
761 5526 1001 5597 qualium
1031 5528 1253 5596 vestigia
1303 5529 1433 5582 satis
1481 5529 1690 5600 integra
1735 5527 2004 5598 proferam
2045 5543 2108 5582 ex

533 5619 814 5688 parietinis
835 5619 1184 5676 ecclesiarum
1213 5621 1650 5691 patriarchalium
1671 5662 1683 5684 ,
1722 5622 2016 5690 praesertim
2049 5620 2106 5674 S.

533 5709 683 5765 Pauli
734 5713 816 5766 via
864 5712 1116 5768 Ostiensi.
1168 5714 1568 5782 Antiquissiniis
1612 5714 1792 5784 itaque
1838 5715 2112 5770 codicibus

2223 5450 2332 5496 tum
2366 5453 2456 5497 aut
2490 5448 2922 5514 persecutionum
2962 5448 3317 5502 diversimode
3357 5448 3669 5517 iuterpolari
3693 5490 3708 5514 ,
3751 5462 3813 5504 ut

2222 5535 2334 5590 suis
2365 5536 2496 5591 locis
2528 5537 2844 5607 singillatim
2889 5540 3157 5593 constabit
3184 5557 3196 5603 ;
3239 5550 3475 5595 attamen
3517 5557 3585 5596 ne
3618 5542 3721 5596 hac
3756 5545 3810 5597 in

2220 5639 2369 5694 parte
2387 5627 2689 5682 fraudarem
2705 5631 3330 5686 textumAnastasianum
3345 5650 3404 5687 ea
3421 5634 3532 5687 sive
3547 5633 3766 5698 luce,sit
3780 5651 3814 5689 θ

2221 5719 2622 5790 suifragationc,
2652 5737 2809 5790 quam
2847 5723 3086 5794 Catalogi
3117 5736 3368 5794 przcstarc
3389 5735 3610 5794 possunt
3638 5728 3808 5781 histo-
