4010 6302
203 256 301 314 “9

1171 246 1379 307 NSTE
1415 247 1508 303 AD
1543 244 1956 304 CATALOGOS
1995 239 2450 304 SUPERIORES.

3349 243 3455 301 150

201 369 308 430 rite,
340 365 551 421 tertium
578 361 1171 419 huncaSchelestratio
1197 364 1548 418 mutuandum
1562 362 1768 434 putavi.
1801 372 1845 430 Α
1875 376 1997 416 nem
2025 360 2079 415 in
2106 361 2356 417 ductibus
2382 360 2682 416 litterarum
2717 366 2771 415 et
2809 357 3065 430 graphica
3094 356 3456 416 delineatione

264 459 404 513 Duos
431 472 559 512 vero
603 465 661 511 ut
702 456 951 511 adderem
996 472 1026 510 a
1056 455 1363 512 Mabillouio
1403 456 1654 513 collectos
1699 469 1769 510 ex

198 549 567 606 vetustissimis
595 548 871 604 codicibus
915 547 1253 604 bibliotheca:
1290 547 1632 604 Corbeiensis
1659 562 1770 604 ete-

199 644 330 700 nobii
361 643 544 714 plures
573 657 659 697 me
697 659 874 697 causa:
913 642 1270 713 impulerunt.
1304 642 1484 697 Prima
1513 651 1596 698 est
1623 643 1768 697 anti-

197 735 364 805 quitas
389 735 657 797 codicum,
689 748 796 804 quo
833 734 1051 788 nomine
1098 743 1208 787 tum
1248 733 1440 788 editori
1487 735 1562 788 rei
1601 735 1772 804 diplo-

200 827 394 880 tnatica:
419 825 824 880 Consultissimo
843 866 856 888 ,
891 834 1002 878 tum
1032 824 1261 880 eruditis
1289 827 1538 881 omnibus
1576 842 1771 896 magno

198 915 245 969 in
271 915 439 984 pretio
469 915 782 981 habentur;
822 931 945 970 cum
972 915 1258 986 Catalogus
1295 917 1472 985 prior,
1506 916 1571 970 ad
1602 931 1744 971 saccu

197 1021 276 1059 um
303 1014 519 1058 sextum
548 1004 623 1058 sit
648 1003 986 1070 referendus,
1007 1005 1083 1059 uti
1107 1021 1170 1061 ex
1196 1005 1438 1074 ejusdem
1472 1005 1767 1062 Mabillonii

197 1095 326 1149 notis
351 1095 656 1150 iudicabam
689 1097 741 1150 in
770 1094 1086 1166 praefatione
1113 1112 1262 1150 num.
1290 1100 1342 1160 4,
1371 1098 1640 1168 posterior
1671 1115 1770 1153 au-

198 1194 289 1241 tem
317 1185 610 1255 Catalogus
639 1187 784 1241 circa
831 1187 992 1241 ﬁnem
1040 1188 1254 1257 septimi
1304 1191 1488 1245 steculi
1537 1191 1771 1261 scriptus

196 1285 527 1346 agnoscatur.
562 1275 727 1330 lstius
758 1277 1042 1347 scriptura:
1072 1278 1345 1347 specimen
1374 1279 1502 1334 dum
1532 1289 1773 1334 contem-

195 1365 358 1433 plarer
387 1367 441 1420 in
471 1366 573 1422 Rei
604 1368 969 1437 Diplomaticze
997 1369 1093 1425 lib.
1123 1388 1178 1436 v,
1209 1372 1320 1426 tab.
1353 1371 1406 1436 8,
1438 1388 1586 1426 num.
1616 1371 1680 1437 5,
1716 1381 1772 1427 et

198 1473 291 1526 pra:
312 1459 559 1514 manibus
583 1459 838 1516 haberem
860 1464 1167 1534 exemplum
1195 1465 1260 1518 ad
1286 1480 1370 1520 me
1394 1467 1768 1521 transmissum

197 1544 254 1596 ab
274 1544 636 1601 illustrissimo
664 1549 781 1603 viro
821 1548 1072 1606 Mauritio
1102 1552 1413 1606 marchioue
1440 1555 1504 1608 de
1532 1553 1767 1620 Sanctis,

196 1634 457 1703 scriptura:
499 1624 706 1694 codicis
745 1639 1059 1696 Farnesiani
1099 1643 1250 1698 Vitas
1283 1643 1596 1714 pontiﬁcum
1625 1645 1770 1698 Ana-

1869 452 2149 522 utriusque
2194 451 2531 508 characteris
2567 451 2634 506 ad
2679 451 3098 523 archetyporum
3139 451 3302 507 ﬁdem
3330 453 3455 508 dili-

1869 552 2058 614 genter
2087 545 2282 608 exacti,
2321 553 2381 598 ut
2410 545 2558 614 paris
2587 544 2924 614 antiquitatis
2954 544 3210 600 indicium
3242 546 3455 601 utrobi-

1869 651 1972 707 que
2003 650 2263 708 apparere
2289 651 2393 690 non
2422 637 2802 691 dubitaverim.
2825 635 3010 692 Altera
3039 637 3200 708 igitur
3223 638 3340 694 haec
3365 651 3458 692 ra-

1872 728 1946 783 tio
1981 729 2082 782 fuit
2109 727 2338 782 addendi
2374 727 2531 797 hujus
2563 727 2781 782 secundi
2810 727 3048 798 Calalogi
3082 727 3458 794 Corbeiensis,

1871 835 1976 876 non
2005 819 2164 874 modo
2193 819 2258 873 ad
2285 818 2690 888 chronologiam
2717 820 3028 888 pontiﬁcum
3058 818 3456 887 illustrandum,

1871 914 1965 969 sed
2007 915 2172 969 etiam
2218 914 2286 968 ad
2336 913 2681 967 asserendam
2723 921 2938 968 mtatem
2986 912 3189 968 codicis
3231 912 3457 967 Anasta-

1872 1005 2032 1069 siani,
2062 1007 2302 1061 omnium
2330 1007 2690 1076 antiquissimi
2723 1006 2951 1062 habendi
2975 1005 3180 1075 judicio
3209 1005 3452 1060 virorum

1872 1097 1974 1152 hac
2003 1097 2054 1151 in
2084 1106 2202 1153 arte
2227 1098 2620 1168 praestantium,
2654 1097 2933 1159 Holsteuii,
2966 1097 3362 1160 Schelestratii,
3399 1104 3454 1150 et

1873 1185 2186 1243 Mabillonii.
2219 1187 2359 1256 Quin
2386 1190 2549 1244 etiam
2598 1198 2658 1244 ut
2695 1189 2862 1260 judex
2899 1205 3018 1245 esse
3045 1191 3218 1260 possit
3249 1189 3454 1242 utrius-

1871 1297 1975 1351 que
2002 1284 2288 1338 vetustatis
2319 1283 2564 1353 quisquis
2607 1298 2722 1339 rem
2765 1282 3164 1352 diplomaticam
3191 1290 3248 1337 et
3283 1289 3454 1336 artem

1871 1373 2309 1443 calligraphicam
2347 1372 2576 1436 excolit,
2613 1373 2893 1441 utriusque
2934 1373 3136 1428 codicis
3182 1372 3458 1442 specimen

1871 1465 1960 1520 hic
1988 1464 2333 1520 inserendum
2360 1465 2561 1519 curavi.
2599 1464 2806 1521 Habeat
2830 1467 3010 1536 itaque
3053 1465 3222 1520 lector
3249 1480 3318 1519 ex
3348 1464 3460 1518 Ma-

1872 1555 2162 1611 billoniauo
2212 1555 2459 1625 exemplo
2511 1555 2782 1624 specimen
2837 1556 3172 1612 characteris
3231 1552 3460 1609 secundi

1871 1645 2109 1717 Catalogi
2137 1646 2479 1702 Corbeiensis
2508 1647 2574 1700 ad
2619 1647 2908 1718 septimum
2959 1647 3161 1703 Christi
3206 1645 3462 1701 saeculum

197 1726 444 1783 stasianas
490 1730 792 1800 complexi,
835 1741 1038 1790 tantam
1081 1734 1413 1804 deprehendi
1461 1737 1768 1792 similitudi-
1803 1733 1848 1792 Β
1877 1739 2220 1808 pertinentis,
2249 1739 2392 1808 quod
2417 1738 2524 1794 tale
2551 1749 2635 1793 est

223 1881 481 1953 Specimen
513 1884 802 1960 Scriptura:
827 1891 1006 1946 saeculi
1043 1890 1150 1946 VII
1181 1910 1246 1948 ea:
1277 1895 1452 1950 codice
1488 1893 1806 1966 Regularum
1833 1894 1988 1949 Corb.
2025 1911 2084 1950 ηο
2116 1895 2221 1951 630
2242 1895 2384 1969 apud
2413 1894 2669 1954 Mabillon
2689 1899 2753 1953 de
2773 1914 2826 1953 re
2847 1855 2990 1971 bipl.
3020 1898 3112 1954 lib.
3147 1915 3198 1967 ν,
3222 1915 3337 1968 cap.
3365 1897 3419 1955 8.

203 2045 743 2228 Domino
757 2140 1044 2237 H6116

1240 2111 1980 2238 s‘EmLcnoms
1993 2133 2142 2212 ue
2158 2083 2816 2236 nenaellir
2833 2129 2996 2220 eu
3013 2129 3070 2216 ε
3095 2122 3254 2240 up
3277 2117 3448 2214 GR

207 2338 1139 2462 ommapnaereue
1159 2294 2464 2462 uboerptaeycubrxuone
2477 2336 2536 2418 c
2553 2294 2760 2417 Ole
2781 2327 2936 2416 NO
2949 2336 3092 2425 OB
3109 2337 3307 2418 eaq
3323 2340 3341 2410 ι
3359 2327 3410 2414 s

199 2526 1446 2677 sicoopapaeaugusa‘mo
1473 2488 1767 2609 uexLe

1870 2530 2243 2611 ITINUS
2262 2531 2319 2604 S
2336 2525 2992 2612 θιωυειυεκε

3070 2880 3170 2902 v‘
3279 2887 3349 2908 Ἃ
3401 2883 3455 2900 ἠ

203 2833 800 3084 ᾆΡΕΒΕ
810 2842 1198 3116 aut);
1208 2857 2076 3116 350mm,»:
2096 2867 2424 2980 Rud)
2496 2860 3046 3077 ’[ΟῘᾎΗΝΘΞ
3059 2880 3187 3016 ὦ
3203 2887 3349 3086 of
3363 2883 3491 2995 ὁὶ

451 3071 1174 3321 ιμρίρδλοεριέ
1193 3159 1366 3271 Ro
1377 3071 2485 3253 manweeclcsmca
2505 3075 2755 3226 ζ’οΗ
2767 3109 2908 3182 0H
2943 3096 3084 3191 εδ
3085 3119 3195 3241 51>
3214 3095 3508 3258 essm

683 3320 686 3321 ν
1847 3318 1876 3321 ‘
2046 3304 2098 3321 κ
2181 3319 2200 3321 -
2241 3301 2432 3321 Αμυ
2523 3265 3025 3321 βοηθῆτε
3083 3241 3219 3321 c.\
3248 3268 3436 3321 θλλι

192 3269 522 3446 Μικυὲ
545 3269 1832 3424 δέδιτλμέηυέκινςοεκεε

1835 3318 2012 3412 ὃν
2046 3301 2454 3399 διετςκτι
2514 3265 3028 3423 Seugius
3076 3241 3436 3423 εξᾼλῑέἱ

2504 3399 3134 3618 ’Ῑδινίμῌεδ
3171 3399 3334 3545 ’ἷδ
3425 3536 3432 3542 .

260 3773 584 3847 Scripturam
646 3775 802 3832 istius
852 3775 1091 3850 Catalogi
1143 3776 1486 3833 Corbeiensis
1533 3776 1752 3833 secundi
1784 3777 1826 3840 C
1859 3793 1958 3847 pus
1989 3778 2191 3832 exarati
2222 3777 2425 3832 codicis
2447 3775 2772 3846 exprimitur
2800 3775 2853 3830 in
2896 3775 3006 3830 ﬁne
3042 3789 3159 3844 ejus
3189 3784 3350 3846 prout
3373 3777 3459 3831 hic

203 3863 510 3920 referendam
540 3880 662 3920 esse
681 3865 747 3919 ad
773 3865 931 3919 ﬁnem
957 3865 1139 3920 saeculi
1170 3865 1384 3936 septimi
1414 3864 1753 3921 Mabillonius

203 3952 509 4010 demonstrat
539 3953 736 4025 duplici
775 3970 840 4010 ex
881 3970 1062 4012 causa.
1114 3955 1352 4010 Primum
1395 3970 1460 4010 ex
1505 3971 1571 4011 co
1611 3956 1753 4026 quod

206 4044 387 4102 desinat
414 4049 467 4103 in
492 4046 702 4103 Joanne
733 4056 886 4104 sexto
906 4090 922 4115 ,
950 4049 1041 4119 qui
1070 4064 1211 4104 anno
1239 4049 1330 4102 70l
1375 4048 1564 4104 sedere
1594 4049 1758 4120 etrapit

206 4151 286 4206 per
310 4153 474 4194 annos
501 4147 632 4194 tres.
666 4137 834 4208 llujus
862 4149 1043 4196 autem
1073 4140 1344 4211 pontiﬁcis
1381 4139 1506 4194 anui
1547 4155 1611 4195 ac
1642 4156 1760 4211 pro-

207 4228 315 4283 ximi
345 4230 641 4286 decessoris
669 4229 843 4302 Sergii
881 4246 988 4287 non
1031 4232 1139 4286 sint
1179 4231 1452 4302 expressi,
1500 4232 1593 4286 sed
1643 4239 1760 4286 tan-

211 4319 457 4374 tummodo
477 4320 818 4390 superiorum
847 4321 1427 4396 pontiﬁcum,quorum
1456 4330 1761 4391 postremus

209 4404 369 4463 Conon
396 4409 610 4466 sedisse
636 4421 970 4466 memoratur
1017 4412 1288 4468 mensibus
1326 4427 1379 4466 χι
1415 4411 1764 4468 numerandis

210 4510 265 4550 ex
288 4500 363 4553 die
388 4501 813 4557 consecrationis
849 4501 1091 4572 ejusdem
1131 4501 1408 4558 Dominica
1438 4501 1502 4556 2i
1538 4501 1758 4558 Octobr.

212 4592 318 4646 anni
343 4592 462 4660 686,
487 4595 556 4650 ad
577 4594 639 4648 21
670 4593 819 4666 Sept.
851 4595 974 4660 687,
1003 4595 1078 4650 uti
1104 4609 1202 4650 suo
1229 4595 1350 4651 loco
1373 4595 1614 4650 dicemus
1639 4611 1762 4650 cum

212 4680 489 4739 Anastasio.
511 4685 692 4752 Quare
711 4693 832 4754 post
851 4686 1056 4740 obitum
1081 4685 1316 4741 Cononis
1340 4685 1554 4742 vivente
1576 4683 1766 4757 Sergio

214 4773 420 4844 scriptus
448 4776 658 4832 videtur
679 4775 986 4847 Catalegus,
1009 4776 1094 4831 cui
1127 4776 1357 4831 subinde
1384 4791 1579 4832 nomen
1602 4775 1764 4831 Joan-

216 4864 286 4919 nis
307 4868 624 4924 successoris
651 4868 918 4938 quispiam
946 4868 1163 4938 adjecit.
1190 4867 1400 4924 Rursus
1429 4868 1768 4923 demonstrat

217 4952 529 5015 Mabillonius
572 4960 819 5015 eamdem
861 4968 1077 5015 aetatem
1110 4975 1229 5016 esse
1263 4959 1602 5016 tribuendam
1634 4962 1768 5016 scri-

219 5054 366 5112 ptura:
396 5049 554 5118 hujus
590 5050 828 5122 Catalogi
858 5066 925 5104 ex
954 5051 1358 5121 comparatione
1392 5050 1768 5108 characterum

1857 3867 2072 3938 legitur,
2107 3883 2298 3937 nempe
2326 3867 2464 3938 apud
2486 3867 2777 3921 canubium
2805 3865 3117 3921 Lussovium
3143 3882 3286 3922 anno
3315 3866 3453 3921 duo-

1857 3959 2057 4013 decimo
2098 3961 2230 4028 regis
2274 3957 2667 4018 Chlothncarii,
2709 3957 2993 4013 indictione
3046 3959 3453 4020 tertiodecimo,

1859 4065 1996 4103 anno
2044 4049 2442 4120 quadragesimo
2494 4048 2670 4101 Patris
2726 4049 2893 4102 nostri
2944 4048 3173 4117 feliciter
3220 4058 3453 4117 peracto.

1859 4137 2012 4207 Quod
2059 4139 2446 4208 interpretatus
2493 4152 2610 4192 sum
2661 4136 2728 4191 de
2763 4145 2953 4191 sancto
2991 4137 3358 4201 Columbano,
3403 4147 3459 4191 ct

1861 4231 1926 4285 de
1967 4228 2279 4285 Chlothario
2307 4226 2580 4292 secundo,
2621 4227 2776 4294 cujus
2821 4241 2998 4281 annus
3041 4227 3095 4280 in
3139 4226 3447 4295 Burgnndia

1862 4320 2211 4376 duodecimus
2249 4335 2371 4376 cum
2417 4335 2560 4375 anno
2591 4319 2794 4375 Christi
2830 4317 2966 4384 625,
3013 4318 3309 4372 indictione
3355 4331 3456 4371 xm

1862 4412 2108 4481 praedito,
2137 4411 2426 4467 ooincidit:
2459 4411 2712 4480 idemque
2737 4425 2765 4464 a
2794 4408 3230 4464 Luxoviensibus
3263 4407 3450 4462 forsan

1863 4503 2274 4573 computabatur
2295 4516 2470 4557 annus
2502 4500 2948 4571 quadragesimus
2993 4498 3315 4555 Columbani
3353 4495 3453 4552 ad-

1865 4603 2056 4649 ventus
2081 4593 2135 4648 in
2165 4592 2545 4662 Burgundiam.
2592 4591 2650 4647 Si
2685 4593 2807 4662 quis
2841 4605 2968 4646 vero
3011 4591 3063 4645 id
3117 4590 3182 4645 ad
3230 4603 3456 4658 regnum

1865 4683 2162 4738 Chlotharii
2195 4682 2363 4748 tertii,
2395 4691 2447 4737 et
2475 4682 2539 4738 ad
2569 4683 2808 4754 regimen
2844 4681 3172 4736 Waldeberti
3205 4678 3446 4741 abbatis,

1865 4775 1955 4845 qui
1982 4773 2223 4829 Luxovio
2247 4775 2403 4829 anuis
2428 4789 2496 4828 xi.
2526 4774 2762 4842 przet'uit,
2791 4771 3152 4827 revocandum
3177 4783 3296 4824 esse
3323 4783 3452 4823 con-

1872 4867 2074 4932 tendat,
2104 4866 2387 4922 dicendurm
2416 4875 2589 4930 esset,
2635 4862 3044 4919 Waldebertum
3077 4874 3281 4914 annum
3309 4856 3417 4912 665
3437 4897 3452 4921 ,

1870 4957 1960 5027 qui
1985 4958 2034 5013 ei
2061 4973 2346 5028 supremus
2372 4957 2638 5028 assignari
2660 4955 2815 5018 solet,
2845 4953 3168 5018 excessisse,
3194 4962 3247 5006 et
3270 4967 3458 5023 perve-

1873 5050 2016 5104 nisse
2045 5049 2112 5104 ad
2136 5065 2338 5104 annum
2366 5048 2490 5114 670,
2515 5048 2605 5117 qui
2633 5047 2732 5101 sub
2755 5045 3054 5102 Chlotharii
3080 5046 3222 5100 tertii
3249 5044 3471 5115 princi-

221 5151 324 5194 cum
349 5142 638 5213 specimine
667 5143 886 5200 omnino
919 5141 1078 5197 simili
1110 5142 1314 5198 codicis
1354 5142 1768 5209 Bellovacensis,
1801 5155 1849 5214 ι)
1873 5148 2002 5212 patu
2027 5141 2324 5197 indictione
2351 5155 2453 5195 xm
2477 5139 2901 5208 prasditus‘erat.
2933 5156 2952 5191 ι

222 5227 266 5282 in
291 5234 462 5290 eadem
491 5234 672 5292 tabula
716 5236 784 5302 8,
820 5248 1076 5306 expresso
1105 5250 1331 5288 numero
1359 5234 1414 5299 2,
1445 5235 1534 5289 ubi
1563 5235 1766 5304 epoeha

221 5322 474 5392 scriptura:
497 5325 832 5396 signiﬁcatur
859 5327 960 5380 hoc
995 5326 1307 5381 testimonio
1333 5344 1344 5379 :

283 5410 502 5484 Explecit
527 5433 646 5471 vero
672 5434 797 5487 opus
820 5418 1023 5488 favente
1062 5417 1285 5472 Domino
1309 5418 1448 5488 apud
1477 5419 1771 5501 etenubium

229 5499 504 5562 Lanuvium
551 5526 689 5564 anno
717 5509 782 5565 12
821 5511 954 5580 regis
983 5507 1340 5565 Cltlotacharii
1385 5499 1666 5566 indictione
1706 5512 1771 5566 15

227 5611 343 5651 anno
366 5599 433 5654 40
464 5599 642 5656 Patris
674 5602 838 5656 nostri
861 5602 1335 5673 {eliciterperactm

287 5687 500 5757 Exponit
523 5691 782 5760 cpocliam
814 5692 1152 5748 Mabillonius
1177 5693 1261 5749 his
1292 5693 1469 5750 verbis
1499 5711 1510 5747 :
1555 5713 1571 5746 ι
1605 5694 1768 5751 Tent-

1948 5232 2044 5289 Ilis
2075 5234 2237 5303 igitur
2257 5232 2591 5288 documentis
2622 5239 2816 5286 testata
2849 5246 2970 5286 cum
2999 5230 3072 5285 sit
3095 5239 3227 5284 atlas
3253 5228 3458 5284 codicis

1876 5325 2229 5380 Luxoviensis
2257 5333 2312 5380 et
2355 5322 2594 5394 Catalogi
2631 5321 3009 5387 Corbeiensis,
3039 5335 3270 5392 quorum
3308 5330 3457 5374 uter-

1876 5430 1983 5486 que
2031 5425 2286 5471 exaratus
2309 5423 2389 5469 est
2418 5415 2738 5470 charactere
2772 5415 2930 5489 plane
2967 5411 3262 5477 consimili,
3291 5424 3457 5483 appo-

1876 5508 2110 5563 nendum
2140 5507 2264 5564 duxi
2295 5505 2458 5576 hujus.
2475 5505 2721 5580 exemplo
2759 5508 3030 5579 specimen
3061 5505 3264 5561 codicis
3304 5503 3453 5558 Ana-

1876 5600 2672 5671 stasiani,antiquitateueteris
2703 5599 3046 5670 praeferendi,
3085 5595 3289 5666 judicio
3328 5595 3457 5648 utri-

1879 5708 2047 5763 usque
2085 5693 2333 5764 praesulis
2387 5691 2647 5750 Holstcnii
2674 5701 2730 5749 et
2762 5690 3154 5752 Schelestratii,
3185 5687 3272 5757 qui
3307 5694 3450 5741 tanta
