3996 5412
178 328 284 387 153

1186 315 1393 386 non:
1435 318 1527 383 AD
1563 321 1976 385 CATALOCOS
2013 317 2470 385 serentoues.

3350 331 3450 395 εδδ

175 477 181 481 -
248 444 390 498 lluic
450 441 821 498 testimonium
864 440 1125 497 Holstenii
1157 442 1414 496 addebam
1463 443 1514 496 in
1562 442 1761 497 Przefa-
1796 451 1839 502 Α
1874 439 2084 508 vocant)
2116 449 2391 503 exaratus,
2442 453 2504 491 ea
2533 447 2686 509 parte
2720 441 2938 497 mutilus
2959 458 3079 513 qua:
3106 445 3450 507 desideraba~~

180 538 331 590 tione
362 535 620 597 iudicata,
652 549 878 588 numero
907 533 962 598 6,
1003 535 1200 588 similia
1239 536 1522 589 observata
1565 536 1765 592 Labbei

177 644 242 681 ac
288 626 569 680 Lambecii
609 623 871 693 judicium
893 625 1219 695 optimorum
1253 629 1594 698 antiquitatis
1621 632 1769 684 codi-

177 734 304 774 cum
361 716 745 770 aﬂirmantium
785 717 929 771 visos
974 732 1004 770 a
1054 732 1113 772 se.
1145 719 1361 773 codices
1389 720 1604 788 optima:
1631 730 1770 776 nota“:

180 819 428 878 tempore
476 806 655 862 Caroli
708 807 883 878 Magni
947 817 1198 862 exaratos
1245 819 1298 864 et
1347 809 1604 882 Ludovici
1663 811 1768 876 Pii,

177 917 413 971 quorum
447 901 501 954 in
534 916 640 953 uno
679 898 814 952 Vita:
842 899 1073 952 Damaso
1100 900 1462 954 tribuebantur
1490 913 1768 972 antequam

179 1002 336 1045 natus
358 1000 489 1045 esset
518 991 854 1054 Anastasius,
885 1001 975 1044 aut
1004 990 1188 1044 saltem
1223 1007 1287 1044 ea:
1311 993 1499 1061 prioris
1531 994 1769 1062 infantia:

177 1083 481 1152 crepundiis
530 1083 843 1143 emersisset,
877 1081 928 1134 in
956 1080 1076 1134 aliis
1117 1082 1411 1150 apparebat
1438 1099 1504 1136 ex
1539 1085 1768 1139 termino

180 1177 430 1230 Vitarum
457 1175 688 1243 scriptas
728 1176 944 1228 easdem
978 1173 1143 1228 fuisse
1173 1175 1329 1228 annis
1368 1185 1582 1230 centum
1614 1187 1767 1232 ante-

177 1287 340 1342 quam
372 1270 697 1324 Anastasius
725 1280 1060 1324 nasceretur.
1089 1271 1387 1326 Vishorum
1419 1283 1766 1342 argumento-

177 1375 294 1412 rum
328 1361 387 1414 ﬁt
417 1360 723 1414 evidentior
753 1377 818 1415 ex
859 1362 1071 1415 oculata
1124 1363 1458 1432 inspectione
1485 1365 1766 1432 scriptura:

173 1453 392 1506 (Indicis
416 1452 486 1506 Fa
497 1453 761 1515 rnesiani,
791 1452 1012 1522 ejusque
1032 1454 1436 1524 comparatione
1457 1472 1579 1508 cum
1602 1455 1765 1508 simili

175 1543 494 1597 charactere
525 1543 772 1615 Catalogi
808 1545 1175 1610 Corbeiensis,
1208 1547 1272 1600 ad
1307 1547 1465 1601 ﬁnem
1495 1548 1708 1616 septimi
1734 1564 1763 1602 a

174 1635 390 1689 Christo
419 1636 604 1689 saaculi
632 1637 956 1706 pertinente.

243 1719 392 1793 Quod
417 1737 602 1782 autem
649 1730 928 1784 attinetad
955 1731 1362 1786 similitudinem
1398 1733 1558 1800 hujus
1581 1751 1765 1790 exem—

1875 541 1960 585 tur
1982 532 2146 585 etiam
2169 540 2328 585 :etate
2353 531 2634 594 llolstenii,
2666 533 2789 586 illml
2823 535 2994 605 ipsum
3019 538 3248 610 denique
3271 559 3454 598 exem-

1871 622 2010 692 plar,
2050 623 2191 676 umle
2225 623 2500 677 variantes
2528 623 2788 680 lectiones
2816 629 3011 695 praesul
3037 631 3127 686 ille
3153 638 3455 708 transcrip-

1871 723 2040 777 serat,
2069 711 2341 768 afﬁrmans
2372 726 2599 769 caeteros
2635 717 2846 772 codices
2873 719 2940 773 ab
2966 721 3066 775 huc
3091 738 3196 778 uno
3239 723 3451 782 Farne-

1872 807 2024 860 siano
2083 809 2406 877 antiquitate
2474 813 2741 880 superari.
2813 814 2866 868 Id
2931 814 3082 871 fratri
3155 834 3254 873 suo
3330 837 3455 878 cum

1871 897 2229 966 signiﬁcasset
2253 901 2494 954 marchio
2526 902 2808 959 Mauritius
2841 907 2982 961 datis
3013 909 3079 963 ad
3109 925 3232 964 eum
3259 911 3456 970 litteris

1873 989 1959 1042 die
2005 989 2071 1043 15
2115 990 2264 1060 Sept.
2307 993 2432 1046 anui
2475 993 2632 1059 1719,
2675 1005 2796 1066 post
2825 1013 3062 1053 annuum
3101 1002 3310 1057 scilicet
3331 1019 3456 1074 spa-

1873 1080 2006 1132 tium
2053 1096 2081 1133 a
2119 1082 2282 1150 priori
2309 1092 2453 1137 tonio
2482 1094 2679 1138 nostra:
2707 1087 2960 1142 editionis
2992 1090 3226 1160 vulgato,
3255 1109 3456 1163 easque

1873 1170 2082 1225 litteras
2125 1172 2252 1225 mihi
2304 1177 2713 1231 communicans
2763 1180 3003 1235 marchio
3047 1182 3281 1253 lgnatius
3328 1203 3453 1242 cum

1870 1262 2090 1317 offerret
2121 1265 2401 1334 utriusque
2436 1269 2670 1322 studium
2707 1279 2759 1323 et
2783 1285 2969 1326 curam
2998 1273 3050 1326 in
3076 1275 3326 1347 exemplo
3355 1294 3452 1332 seu

1871 1356 2166 1424 specimine
2197 1357 2480 1426 scriptura:
2507 1359 2792 1430 diligenter
2819 1362 3152 1419 elformando
3180 1382 3277 1436 per
3312 1370 3454 1439 peri—

1874 1455 1983 1498 tum
2033 1445 2445 1515 calligraplium,
2476 1448 2638 1520 elegit
2693 1449 2870 1505 Vitam
2924 1454 2980 1508 S.
3029 1453 3253 1527 Eug‘enii
3307 1469 3454 1514 tran-

1869 1539 2111 1593 scribere
2147 1558 2158 1594 :
2194 1555 2314 1610 quzc
2355 1541 2532 1596 brevis
2575 1561 2694 1598 cmn
2743 1547 2813 1599 sit
2854 1557 2907 1601 et
2948 1548 2999 1601 iu
3037 1548 3215 1604 fronte
3248 1548 3356 1604 folii
3384 1566 3452 1607 ex

1870 1632 2116 1686 columna
2165 1635 2337 1702 prima
2372 1635 2614 1704 incipiat,
2649 1648 2811 1707 atque
2840 1640 2890 1693 iu
2924 1642 3155 1696 secunda
3203 1642 3452 1699 columna

1870 1722 2206 1787 absolvatur,
2233 1727 2734 1796 potestrapitalium
2751 1731 3149 1799 charactcrum,
3181 1735 3451 1806 totiusque

173 1817 241 1886 pli
264 1827 362 1886 per
403 1833 503 1873 nos
551 1820 709 1875 incisi
741 1833 861 1875 cum
912 1825 1247 1893 autographo
1283 1825 1630 1891 Farnesiano,
1663 1844 1755 1882 va-

1864 1822 2149 1870 contextus
2163 1832 2225 1870 ac
2239 1827 2636 1887 poslretnorum
2654 1820 2772 1874 vitse
2787 1837 3035 1876 versuum
3055 1823 3282 1877 formam
3298 1827 3452 1880 exhi-

174 1907 291 1960 dem
316 1924 374 1962 se
402 1909 754 1964 sistiteadem
771 1911 1050 1980 diligentia
1075 1916 1406 1971 marchionis
1441 1918 1506 1972 de
1533 1920 1759 1984 sanctis,

171 1999 321 2067 cujus
353 2003 626 2058 beneﬁcio
665 2014 931 2075 repertus,
960 2019 1322 2078 praeservatus
1343 2027 1405 2066 ac
1457 2013 1761 2084 reipublicae

172 2089 452 2148 litteraria:
495 2096 643 2152 hono
694 2099 934 2154 redditus
955 2111 1038 2155 est
1061 2103 1252 2167 codex,
1287 2104 1375 2158 diu
1401 2106 1758 2172 desideratus,

171 2197 223 2241 et
253 2205 281 2241 a
311 2191 692 2260 compluribus
716 2194 916 2251 frustra
941 2201 1217 2268 quasitus,
1250 2202 1423 2256 donec
1445 2203 1546 2257 viri
1573 2205 1761 2260 claris-

171 2280 289 2333 simi
331 2285 644 2336 c0nstanlia
673 2285 725 2340 in
759 2287 1156 2344 benemerendo
1187 2293 1252 2346 de
1275 2294 1551 2362 pontiﬁcia
1588 2295 1760 2351 histo-

170 2371 244 2423 ria
273 2372 684 2430 delitescentem
719 2378 768 2432 in
797 2379 994 2450 angulo
1047 2391 1101 2436 et
1146 2383 1316 2438 ferme
1363 2386 1759 2441 conclamatum

170 2477 345 2517 usura:
415 2465 555 2520 lucis
614 2469 866 2524 restituit.
916 2471 1044 2527 Post
1089 2474 1294 2529 obitum
1328 2477 1473 2530 enim
1515 2478 1761 2547 przesulis

170 2549 543 2609 Schelestratii
563 2570 684 2610 cum
702 2561 1033 2615 serenissimi
1057 2564 1330 2633 principes
1359 2565 1599 2620 Farnesii
1628 2567 1762 2620 Par-

168 2658 308 2696 mam
355 2646 648 2702 transferri
690 2649 978 2719 jussissent
1023 2653 1225 2724 aliquot
1250 2666 1495 2712 vetustos
1545 2660 1759 2713 codices

169 2733 514 2794 bibliothecae
576 2756 736 2809 quam
785 2743 968 2799 Roma!
1019 2747 1314 2815 possident,
1351 2749 1494 2803 inter
1532 2760 1757 2807 caeteros

169 2827 291 2882 huic
314 2829 550 2884 delectui
567 2835 868 2887 accensitos
891 2835 1283 2892 Anastaslanus
1299 2839 1384 2893 ille
1409 2842 1760 2896 transmissus

166 2919 282 2975 fuit.
324 2923 532 2977 Verum
564 2925 611 2978 is
636 2927 718 2980 cui
747 2929 1165 2983 ordinandorum
1199 2931 1458 2986 librorum
1491 2950 1618 2987 cura
1643 2935 1757 2989 fue-

166 3025 246 3067 rat
273 3016 620 3079 concredita,
658 3019 795 3073 hunc
824 3036 928 3073 non
965 3023 1175 3076 iiiodica
1206 3023 1286 3078 sui
1317 3033 1468 3092 parte
1485 3026 1754 3089 mutilmn,

164 3106 235 3159 uti
261 3121 391 3160 eum
417 3106 609 3161 Ronue
627 3109 867 3164 viderant
891 3110 1198 3167 Ilolstenius
1225 3123 1278 3168 et
1314 3115 1753 3181 Schelestratius,

1866 1907 2013 1962 here.
2075 1907 2364 1977 Postquam
2394 1911 2444 1963 id
2473 1913 2724 1980 prazstitit
2746 1907 3002 1980 ofﬁciose,
3033 1917 3126 1970 :eri
3155 1918 3317 1973 incidi
3344 1919 3445 1974 feci

1867 1995 2049 2052 Roma:
2071 2001 2139 2053 ad
2169 2000 2478 2069 exempliad
2498 2018 2581 2055 me
2605 2005 2907 2059 transmissi
2938 2022 3182 2061 normam
3206 2009 3449 2077 singulos

1863 2088 2216 2144 characteres
2247 2091 2370 2143 vitae
2396 2090 2452 2144 S.
2486 2091 2729 2161 Eugenii,
2757 2103 2811 2148 et
2837 2094 3208 2165 impressionis
3247 2108 3449 2153 nostra:

1873 2188 2056 2249 typum
2119 2195 2240 2234 cum
2290 2190 2578 2252 protolypo
2637 2184 3024 2240 conferendum
3082 2187 3256 2242 eidem
3300 2190 3448 2244 reddi

1865 2273 2048 2326 curavi
2072 2291 2084 2339 ;
2125 2290 2260 2343 quos
2318 2275 2391 2328 ita
2418 2278 2725 2332 consentire
2746 2279 3120 2348 deprehendit,
3147 2291 3204 2335 ut
3220 2282 3304 2335 edi
3335 2290 3449 2336 luto

1864 2385 2021 2437 posse
2045 2387 2166 2424 cum
2196 2370 2516 2424 imitationis
2545 2382 2748 2426 exacta:
2777 2382 3189 2429 auctoramento
3238 2384 3446 2444 suoque

1865 2463 2170 2516 testimonio
2199 2473 2415 2518 censeat
2445 2464 2532 2517 die
2554 2463 2623 2516 29
2653 2464 2851 2534 Aprilis
2879 2465 3108 2518 labentis
3133 2466 3260 2520 anni
3284 2466 3442 2530 1720,

1865 2553 1936 2606 ita
1962 2552 2027 2607 ad
2062 2569 2146 2608 me
2176 2555 2457 2608 scribens:
2493 2573 2508 2605 ι
2544 2555 2654 2610 Ρυὸ
2691 2556 2790 2609 clla
2826 2556 3047 2610 iuferire
3069 2556 3443 2612 fraucamente

1865 2644 2260 2712 l‘impressioue
2295 2647 2431 2700 uella
2458 2649 2507 2702 di
2553 2648 2616 2701 lei
2668 2663 2852 2717 opera,
2888 2649 3314 2713 assicuramlola,
3344 2649 3445 2705 che

1865 2738 1897 2790 il
1950 2748 2220 2793 carattere
2247 2755 2274 2793 c
2306 2740 2638 2794 similissimo
2689 2741 2775 2794 all‘
2804 2741 3086 2811 originale,
3119 2757 3149 2796 e
3179 2743 3279 2796 che
3338 2755 3443 2796 non

1863 2837 2053 2897 poteva
2112 2830 2341 2883 imitarsi
2396 2832 2591 2900 meglio
2645 2831 3042 2894 dall'lucisore,
3077 2833 3141 2886 ed
3171 2833 3220 2886 io
3248 2849 3332 2886 me
3379 2850 3447 2888 ne

1864 2919 2096 2988 rallegro
2151 2919 2252 2973 ben
2333 2920 2518 2974 multo.
2560 2940 2578 2974 ι
2618 2921 2886 2988 Quantum
2930 2938 3056 2977 vero
3107 2923 3442 2993 diligentiam

1863 3010 1978 3080 ipse
2024 3012 2314 3080 exegerita
2347 3013 2679 3083 calligrapho
2720 3014 2770 3067 iu
2816 3029 2882 3068 eo
2923 3016 3214 3086 exemplari
3241 3017 3446 3070 descri-

1863 3105 2055 3168 bendo,
2093 3106 2235 3173 quod
2266 3105 2388 3159 huic
2422 3105 2667 3160 iucisioui
2697 3106 2952 3162 Romana:
2984 3108 3318 3177 propositum
3343 3106 3443 3160 fuit

166 3198 292 3252 totis
325 3199 728 3270 quinquagima
761 3212 884 3257 οςιο
915 3206 1227 3273 pontiﬁcum
1259 3206 1395 3262 vilis
1424 3224 1453 3262 δ
1488 3210 1546 3263 8,
1596 3177 1754 3264 pou-6
1784 3177 1828 3234 Ο
1861 3199 1926 3251 ad
1962 3198 2306 3263 imitandum,
2336 3208 2504 3254 testes
2532 3209 2655 3254 sunt
2710 3201 2903 3256 littera:
2933 3201 3205 3256 Placentia
3259 3203 3325 3256 ad
3356 3217 3441 3257 me

162 3293 221 3345 ad
254 3292 315 3346 S.
349 3296 654 3364 Agapetum
680 3297 991 3366 depcrditis,
1023 3317 1082 3355 se
1109 3303 1312 3371 posuit,
1348 3315 1403 3356 et
1432 3318 1553 3358 cum
1589 3304 1752 3373 rejec-

164 3387 343 3440 taneis
405 3385 681 3442 fasciculis
727 3390 1186 3461 incompactormu
1210 3392 1458 3448 foliorum
1491 3395 1751 3449 oblivioni

159 3479 336 3532 ferme
383 3478 765 3545 demandavit;
799 3483 911 3536 sive
959 3484 1753 3555 distuleritdiligentiusinqui-

161 3590 280 3628 rere
323 3575 488 3644 cujus
543 3579 721 3647 operis
758 3594 883 3648 pars
906 3579 993 3632 illa
1027 3587 1299 3647 Superstes
1327 3579 1496 3641 foret;
1532 3581 1644 3633 sive
1673 3588 1750 3632 at-

158 3673 410 3723 tenderet
441 3687 508 3724 an
532 3671 598 3726 ab
622 3663 764 3726 Urbe
794 3672 1296 3726 transmitterentur
1318 3672 1419 3725 alia
1449 3672 1748 3743 fragmenta

156 3774 273 3828 qua:
298 3762 371 3815 ad
404 3761 552 3816 hunc
577 3763 747 3832 ipsum
797 3764 1037 3818 codicem
1067 3764 1336 3832 pertinere
1379 3774 1622 3833 possent.
1667 3763 1748 3817 Ad

157 3850 291 3903 alias
324 3851 562 3906 subinde
607 3869 796 3908 manus
831 3854 1172 3908 bibliotheca:
1195 3870 1322 3908 cura
1370 3855 1419 3907 in
1446 3854 1746 3923 principum

155 3941 518 3995 successione
547 3956 666 3996 cum
700 3943 1025 4006 devenisset,
1052 3944 1249 3997 nemini
1302 3945 1593 4013 quidquam
1623 3945 1749 3997 sub-v

155 4031 287 4086 oluit
313 4031 385 4085 de
426 4031 719 4086 Anastasio
748 4034 886 4087 inter
910 4035 1022 4088 Inec
1070 4035 1383 4088 retrimenta
1423 4035 1746 4102 conquiren-

155 4123 238 4177 do.
276 4122 391 4177 Nos
437 4132 625 4176 autem
673 4123 855 4179 Romze
888 4125 1203 4180 delitescere
1235 4125 1430 4178 librum
1461 4124 1742 4193 suspicati,

154 4214 400 4268 studiose
443 4215 695 4282 conquiri
726 4215 776 4268 in
809 4216 1003 4286 pluteis
1026 4218 1229 4272 archivi
1255 4217 1567 4272 Farnesiani
1601 4231 1746 4270 sere-

155 4306 394 4360 nissima:
422 4306 624 4360 domus
653 4306 702 4359 in
731 4306 929 4376 palatio
959 4309 1157 4364 celebri
1191 4311 1257 4364 ad
1288 4309 1547 4380 Campum
1574 4309 1744 4364 Flora:

151 4397 308 4449 enixe
337 4394 751 4466 ﬂagitabamus.
805 4399 1004 4454 lllustr.
1050 4401 1149 4454 viri
1189 4417 1253 4454 ac.
1283 4402 1520 4470 germani
1544 4400 1742 4456 fratres

153 4490 212 4543 de
261 4490 489 4544 Sanctis
519 4530 534 4553 ,
601 4491 838 4546 Inarchio
889 4494 1092 4549 scilicet
1139 4495 1374 4566 lgnatius
1423 4495 1740 4564 praepositus
1773 4531 1818 4588 ο

151 4582 379 4652 negotiis
421 4581 795 4637 serenissimzc
844 4586 1032 4639 domus
1071 4587 1468 4654 pertractandis
1495 4588 1544 4639 in
1573 4586 1736 4650 Urbe,

149 4679 198 4722 et
223 4670 474 4726 marchio
502 4669 794 4727 Mauritius
815 4690 842 4726 a
861 4665 1222 4730 sanctioribus
1245 4676 1486 4731 consiliis
1510 4675 1739 4745 aliisque
1769 4693 1780 4700 ’

147 4762 289 4814 caris
363 4763 515 4832 apud
584 4762 880 4834 principem
929 4782 1082 4819 suum
1132 4769 1362 4821 maxima
1405 4783 1526 4822 cum
1580 4769 1738 4823 laude

154 4852 441 4917 adhibitus,
474 4869 586 4924 qua
643 4864 767 4909 sunt
812 4857 1146 4911 humanitate
1176 4844 1418 4928 przcditi,‘
1443 4875 1504 4912 ac
1530 4859 1595 4912 de
1621 4875 1735 4912 om-

151 4942 301 4998 nibus
355 4946 752 5000 benemerendi
805 4947 982 5000 studio
1027 4950 1250 5017 perciti,
1307 4965 1447 5019 a‘gre
1489 4949 1735 5004 ferebant

152 5049 316 5102 neque
361 5037 454 5091 hic
512 5038 741 5106 reperiri
784 5039 1022 5094 codicem
1073 5040 1460 5096 Farnesianum
1492 5043 1560 5095 ab
1608 5042 1735 5096 Hol-

149 5125 316 5179 steuio
357 5138 648 5198 tantopere
671 5130 1127 5194 commendatum,
1153 5148 1325 5202 neque
1356 5133 1407 5185 in
1443 5132 1561 5186 aula
1589 5133 1733 5202 prin-

1855 3289 1993 3342 data:
2017 3287 2086 3340 20
2117 3288 2431 3342 Novembris
2471 3291 2626 3355 1719,
2663 3291 2712 3344 in
2768 3293 2905 3346 hanc
2933 3295 3276 3357 sententiam,
3302 3308 3441 3364 quas

1855 3381 2018 3432 etiam
2052 3383 2228 3435 refero
2257 3399 2377 3436 cum
2406 3383 2713 3437 evidentem
2751 3385 2975 3438 reddant
3004 3385 3318 3441 Farnesiani
3351 3399 3443 3440 co-

1854 3471 1989 3526 dicis
2013 3473 2386 3542 antiquitatem
2415 3493 2426 3526 :
2462 3495 2477 3525 t
2517 3473 2589 3528 Le
2619 3476 2771 3544 copie
2798 3477 3046 3531 suddette
3074 3477 3229 3546 (della
3255 3477 3360 3531 vita
3385 3478 3437 3531 di

1855 3563 1911 3617 S.
1947 3563 2206 3633 Eugenio,
2239 3581 2268 3619 e
2304 3567 2352 3619 di
2391 3583 2459 3619 un
2509 3565 2834 3621 fralumento
2859 3569 2908 3621 di
2939 3569 3111 3636 quella
3138 3570 3188 3623 di
3225 3568 3435 3638 Sergio)

1853 3672 1957 3708 non
2006 3671 2140 3709 sono
2193 3666 2334 3712 state
2367 3658 2647 3712 trascritte
2678 3673 2737 3711 su
2770 3659 2816 3710 la
2842 3670 2988 3713 carta
3017 3659 3209 3714 Ciuese
3251 3660 3315 3713 da
3367 3660 3436 3713 iei

1852 3746 2150 3811 iuviatami,
2185 3764 2280 3817 per
2325 3749 2427 3802 due
2476 3749 2614 3818 capi.
2674 3747 2789 3802 Uno
2821 3765 2851 3803 e
2878 3759 3039 3812 stato,
3072 3765 3170 3818 per
3213 3749 3434 3812 essersi,

1850 3846 2020 3892 attesa
2044 3837 2361 3901 l'antichita,
2389 3839 2790 3910 nell'origiualc
2819 3843 3007 3895 scrilto
3031 3843 3080 3894 in
3108 3856 3432 3914 pergamena

1850 3929 1992 3982 assai
2025 3929 2305 3984 diminuita
2332 3930 2378 3983 la
2412 3947 2636 3985 nerczza
2663 3931 2787 3985 d'ell
2817 3933 3133 3996 inchiostro,
3177 3933 3229 3986 in
3273 3932 3432 3986 modo

1850 4020 1948 4074 che
1965 4034 2068 4074 non
2096 4022 2389 4090 trasparira
2409 4038 2438 4075 a
2463 4021 2770 4076 sufﬁcienza
2789 4025 2952 4093 (sotto
2975 4025 3023 4078 la
3040 4035 3186 4079 carta
3211 4025 3433 4080 Cinese-

1849 4126 1944 4179 per
1970 4120 2152 4179 potere
2181 4120 2540 4165 esattamente
2573 4113 2785 4167 imitare
2808 4114 2854 4166 la
2883 4115 3053 4168 forma
3083 4115 3167 4169 del
3197 4122 3433 4169 caratte-

1849 4217 1946 4266 re;
1981 4200 2175 4266 l’altro,
2233 4201 2280 4255 la
2336 4203 2647 4272 esperienza
2700 4201 2834 4257 fatta
2888 4204 2972 4258 del
3018 4205 3233 4273 Copista
3285 4220 3346 4258 su
3379 4204 3427 4258 la

1847 4303 1996 4348 carta
2027 4293 2239 4359 Cinese,
2275 4294 2344 4366 gli
2374 4296 2440 4349 ha
2488 4295 2622 4350 fatto
2651 4311 2960 4362 conoscere,
2987 4297 3088 4351 che
3117 4296 3426 4352 servendosi

1846 4386 2002 4440 d’una
2028 4399 2200 4457 penna
2231 4389 2500 4442 ancorche
2537 4389 2893 4455 sottilissima,
2919 4390 2971 4445 in
3001 4399 3165 4460 punta
3195 4390 3426 4446 rendeva

1845 4475 2180 4534 l‘inchiostro
2231 4480 2372 4534 assai
2402 4495 2610 4550 grosso,
2643 4481 2798 4550 quale
2837 4482 2924 4552 poi
2979 4481 3105 4536 nell’
3131 4483 3426 4553 asciugarsi

1846 4570 2114 4624 ritornava
2155 4573 2354 4636 sottile,
2384 4590 2414 4628 e
2459 4573 2864 4643 ristringendosi
2893 4573 3206 4629 dilformava
3240 4585 3428 4645 troppu

1845 4661 1892 4715 la
1920 4663 2271 4719 similitudine
2301 4665 2385 4721 del
2411 4677 2712 4730 carattere;
2752 4667 3081 4722 ond‘éstalo
3115 4669 3426 4724 necessario

1843 4771 1872 4808 a
1902 4755 2094 4811 valersi
2123 4758 2260 4812 delia
2290 4767 2437 4813 carta
2481 4760 2776 4824 ordinaria,
2803 4776 2833 4814 e
2858 4760 3042 4814 fattosi
3065 4762 3154 4816 un’
3175 4761 3428 4816 Alfabeto

1842 4865 1942 4904 con
1972 4852 2298 4907 esattissima
2331 4852 2596 4922 diligenza
2626 4854 2678 4908 di
2705 4861 2839 4907 tutte
2882 4853 2930 4908 le
2963 4852 3156 4908 lettere
3180 4869 3211 4908 a
3236 4853 3430 4910 simili-

1843 4953 2024 5006 tudine
2050 4954 2102 5008 di
2134 4955 2308 5024 quelle
2347 4953 2469 5010 dell‘
2492 4957 2713 5018 Autore,
2749 4952 2831 5007 col
2875 4968 3060 5008 mezzo
3107 4955 3158 5008 di
3210 4963 3428 5025 questo,

1837 5066 1868 5105 e
1904 5067 2003 5107 con
2059 5054 2106 5108 la
2177 5055 2487 5124 inspezione
2527 5053 2650 5108 dell’
2695 5049 2956 5119 originale
3003 5053 3072 5108 ha
3119 5057 3231 5111 cosi
3289 5055 3433 5156 beqe

1837 5155 2049 5210 imitato
2080 5158 2112 5210 il
2141 5167 2432 5210 carattere.
2460 5169 2490 5208 e
2522 5155 2660 5209 nella
2699 5153 2984 5210 lartzhezza
3023 5157 3162 5208 delle
3206 5153 3431 5208 lineeJe
