4010 6302
549 283 651 340 155

549 399 767 454 razione
797 413 828 454 e
876 397 1056 452 riscita
1099 397 1236 453 della
1272 397 1601 468 perfezione,
1633 411 1663 452 e
1701 397 2020 467 squisitczza
2062 396 2128 450 da
2157 400 2205 459 A
2235 397 2293 452 S.
2327 397 2604 452 Evaristus
2682 397 2736 452 8.

550 488 620 543 lci
655 489 972 543 desiderata.
1023 508 1041 540 ι

623 580 796 635 Nemo
819 596 904 635 me
935 579 1316 648 reprehendat,
1343 579 1387 634 si
1420 579 1690 635 morosius
1723 579 1837 634 lucc
1875 593 2130 648 persecu-

550 682 640 728 tus
660 673 848 726 videor
874 689 995 727 cum
1027 670 1330 726 illustrandi
1355 670 1504 726 Libri
1556 670 1892 726 Pontiﬁealis
1942 687 2074 725 cura
2102 685 2132 725 a

551 763 708 818 nobis
753 772 1026 830 assumpta
1056 762 1106 815 id
1154 763 1354 831 exigat,
1390 771 1449 816 ut
1481 777 1616 830 opus
1644 761 1933 816 Anastasio
1963 761 2133 817 tribu-

554 862 664 906 tum
702 852 767 906 ad
799 852 1132 922 antiquiores
1161 852 1452 921 scriptores
1489 865 1610 906 esse
1636 849 1977 905 referendum
2009 864 2130 904 cum

551 944 783 999 laudatis
825 944 1144 1013 praesulibus
1193 943 1516 1008 ostendam;
1547 942 1691 1012 quod
1721 951 1986 998 assertum
2011 941 2130 1010 plu-

552 1035 701 1087 ribus
759 1034 1091 1102 argumentis
1144 1033 1411 1088 ﬁrmatum
1460 1034 1512 1087 in
1563 1032 1878 1102 przefatione
1938 1033 2134 1103 prioris

551 1125 700 1186 tomi,
729 1134 784 1177 et
813 1125 864 1178 in
897 1124 1275 1179 dissertatione
1298 1121 1668 1178 Schelestralii
1694 1139 1814 1178 mox
1837 1122 2129 1188 all‘ereuda,

553 1216 656 1268 hac
687 1215 851 1268 ctiam
883 1214 1340 1269 demonstratione
1359 1213 1592 1268 fraudari
1611 1229 1714 1268 non
1734 1213 1940 1277 debuit,
1967 1227 2130 1283 quam

551 1307 824 1361 ministrat
857 1308 1150 1377 antiquitas
1180 1307 1423 1362 codicum
1457 1322 1720 1376 superans
1745 1314 1960 1360 aetatem
1988 1304 2134 1359 Ana-

548 1401 866 1454 stasianam.
900 1397 1033 1453 lluic
1071 1408 1251 1453 autem
1300 1400 1418 1453 loco
1441 1407 1716 1452 reservata
1748 1397 1835 1451 illa
1867 1395 1989 1461 fuit,
2023 1413 2130 1466 quo

551 1491 615 1543 de
644 1489 912 1560 Catalogis
939 1490 1352 1545 Corlteiensibus
1378 1507 1557 1545 sermo
1579 1491 1832 1547 subortus
1852 1507 2134 1561 compara-

551 1582 752 1638 tionem
805 1585 1086 1654 scriptura:
1139 1584 1350 1638 illorum
1405 1585 1646 1640 exhiberi
1699 1587 2026 1656 postulabat,
2072 1594 2132 1641 ut

547 1676 664 1746 pari
717 1677 1042 1731 ccrtitudine
1085 1677 1454 1747 judicaremus
1504 1678 1570 1732 de
1623 1687 1889 1734 vetustate
1931 1680 2131 1750 codicis

1279 279 1372 336 AD
1410 279 1852 338 ANASTASIUM
1892 279 2403 338 PROLEGOMENA
2442 281 2623 337 EDlT.
2663 281 3084 340 llOM.-VATIC.

3713 285 3814 342 156

2816 397 2902 452 10.
3044 398 3100 451 2.
3362 396 3446 452 14.
3729 401 3811 454 12.

2236 487 2732 543 S.Alexanderl2.
2843 488 2896 542 7.
3388 486 3439 540 7.
3551 485 3607 542 6.
3761 489 3811 542 6.

2234 577 2289 631 S.
2323 576 2523 648 Xystus
2650 579 2736 632 l0.
2844 577 2898 633 2.
3047 579 3095 632 1.
3347 577 3439 632 25.
3555 577 3610 632 2.
3765 580 3816 634 1.

2305 687 2495 742 Mirum
2533 688 2704 742 videri
2742 689 2902 744 debet
2949 689 3124 744 nullos
3161 705 3426 744 annorum
3473 706 3736 746 numeros
3765 693 3816 746 in

2233 778 2747 854 utroque‘Catalogo
2775 782 3128 834 consentire:
3179 782 3445 835 mensium
3493 798 3686 838 omnes
3731 799 3819 853 pa-

2234 868 2368 922 riter
2413 883 2535 923 esse
2581 871 2879 937 discordes,
2926 881 3120 940 praeter
3159 873 3320 926 unius
3370 871 3546 944 Xysti,
3588 874 3818 943 diesque

2235 969 2442 1016 tantum
2499 962 2552 1016 in
2599 963 2734 1018 Lino
2783 972 2838 1018 et
2891 962 3063 1035 Xysto
3115 967 3443 1021 consentire.
3489 965 3639 1021 Hanc
3691 983 3818 1022 vero

2233 1049 2554 1105 discordiam
2596 1063 2904 1123 reputantes
2939 1055 3192 1121 criticos,
3233 1070 3463 1126 eamque
3507 1066 3818 1126 spectantes

2235 1141 2611 1210 ingeodicibus
2664 1145 2802 1198 sexti
2855 1153 2910 1199 et
2963 1147 3178 1216 septimi
3235 1147 3451 1212 saeculi,
3501 1149 3818 1218 desperatio

2233 1234 2405 1290 ferme
2446 1236 2750 1292 incessebat
2774 1237 3132 1310 chronologia:
3173 1241 3464 1308 pontiﬁcize
3497 1243 3816 1297 ordinanda:

2232 1329 2409 1400 primo
2449 1339 2504 1385 et
2543 1329 2712 1386 altero
2757 1330 2957 1387 Christi
2999 1333 3216 1388 szeculo.
3264 1333 3592 1404 Chronologi
3635 1335 3816 1389 heter-

2234 1417 2392 1472 odoxi
2426 1420 2674 1475 eamdem
2717 1420 2872 1474 nobis
2924 1437 3045 1476 cum
3091 1423 3510 1492 exprobrarent,
3557 1431 3814 1478 testatam

2233 1509 2508 1564 codicibus
2553 1519 2698 1565 tanta
2753 1521 3020 1567 vetustate
3061 1514 3336 1583 przeditis,
3387 1515 3720 1570 revocabant
3763 1517 3815 1569 in

2236 1599 2454 1654 dubium
2505 1600 2760 1672 pleraque
2800 1611 2969 1670 gesta,
3023 1605 3131 1659 imo
3181 1613 3236 1659 et
3287 1605 3608 1675 martyrium
3670 1621 3816 1661 com—

2235 1690 2466 1760 plurima
2541 1694 2742 1747 nostris
2811 1695 2863 1748 in
2948 1695 3220 1767 Catalogis
3282 1697 3614 1752 censitorum
3675 1697 3818 1752 inter

545 1769 897 1835 Farnesiani,
933 1780 1234 1841 opportune
1284 1770 1593 1840 praeservati
1644 1774 1710 1826 ad
1757 1772 2129 1827 instruendam
2163 1766 2207 1825 Β
2237 1781 2519 1850 pontiﬁces
2581 1798 2677 1852 pro
2707 1782 2905 1838 Christi
2953 1766 3171 1841 ηοηιίηέ
3232 1795 3460 1840 mortem
3505 1802 3812 1858 perpessos.

545 1863 808 1932 ejusmodi
833 1872 1148 1934 argumento
1170 1863 1309 1917 hanc
1346 1861 1662 1918 Vaticanam
1710 1863 2006 1918 editionem
2034 1863 2127 1918 Vi-

547 1960 722 2006 tarum
773 1953 1086 2022 pontificum
1139 1953 1526 2007 Romanorum.
1564 1952 1817 2008 Gratulor
1859 1969 1986 2009 vero
2025 1953 2129 2009 im-

547 2056 715 2111 pense
757 2045 1012 2097 sereniss.
1061 2043 1253 2098 domus
1309 2043 1578 2098 Farnesiae
1616 2044 1952 2114 principibus
2003 2059 2129 2100 vere

549 2132 846 2199 Romanis;
881 2150 1108 2203 quorum
1150 2134 1331 2190 studio
1366 2135 1588 2204 perinde
1627 2144 2008 2204 prteservatam
2039 2135 2132 2190 de-

547 2231 738 2285 bemus
761 2227 1165 2296 chronologiam
1189 2235 1243 2282 et
1273 2227 1555 2281 historiam
1585 2228 1816 2283 ctbnica:
1857 2227 2042 2282 Roma!
2076 2228 2128 2282 in

548 2319 704 2376 fastis
752 2317 1071 2372 marmoreis
1093 2332 1123 2371 e
1149 2315 1265 2371 foro
1296 2316 1526 2381 cll‘ossis,
1559 2325 1614 2372 et
1636 2317 1686 2370 in
1731 2317 1995 2387 Capitolio
2022 2317 2130 2372 col-

547 2413 738 2468 locatis
758 2421 883 2466 ante
904 2411 1008 2465 duo
1031 2409 1250 2464 circiter
1271 2407 1491 2471 saecula,
1519 2424 1584 2462 ae
1611 2416 1768 2463 aetate
1807 2418 1992 2463 nostra
2040 2423 2131 2464 aco

545 2513 757 2575 ceptam
791 2502 1018 2558 fecimus
1048 2501 1411 2572 chronologitc
1453 2510 1508 2555 et
1544 2501 1782 2556 historia:
1814 2502 2128 2572 pontificum

547 2599 907 2652 maximorum
933 2596 1316 2650 documentum
1344 2594 1558 2649 caneris
1577 2609 1680 2649 non
1699 2594 2127 2664 posthabendum

547 2689 600 2743 in
627 2688 942 2743 illustranda
974 2686 1142 2739 Roma
1169 2685 1500 2738 Christiana.

621 2777 799 2832 Prima
831 2778 992 2848 igitur
1019 2792 1082 2830 ea
1110 2791 1273 2830 causa
1306 2774 1407 2829 fuit
1435 2775 1627 2830 edendi
1661 2775 1942 2846 utriusque
1971 2777 2132 2832 Cata-

548 2874 654 2945 logi
680 2873 1024 2930 Corbeiensis
1051 2887 1174 2927 cum
1199 2869 1493 2940 speeimine
1520 2869 1802 2941 scriptura:
1849 2882 1907 2926 ut
1940 2888 2126 2927 eorum

547 2967 616 3022 de
664 2965 984 3035 antiquitate
1009 2971 1304 3018 constaret.

617 3061 799 3118 Altera
826 3059 1116 3115 accedebat
1138 3057 1295 3123 ratio,
1345 3059 1508 3128 priori
1559 3073 1661 3112 non
1709 3058 2074 3127 posthabenda
2107 3073 2122 3112 :

547 3171 668 3224 quzr
706 3153 909 3208 scilicet
949 3151 1480 3219 ostendatquantum
1525 3148 1766 3219 praeferri
1818 3158 2130 3204 mereantur
2154 3119 2199 3182 Ο

549 3243 838 3314 pontificiis
881 3241 1136 3311 catalogis
1183 3249 1532 3295 externorum
1573 3240 1952 3303 archivorum,
2003 3239 2131 3294 licet

549 3351 740 3404 magna
784 3342 1050 3389 vetustate
1073 3334 1479 3405 przcstantihus,
1509 3333 1752 3404 Catalogi
1789 3333 2129 3388 bibliothecis

548 3427 749 3484 Italicis
792 3427 1088 3496 antiquitus
1116 3426 1495 3489 commendati,
1538 3434 1592 3480 et
1622 3442 1651 3480 a
1683 3424 1933 3496 genuinis
1963 3424 2127 3478 docu-

548 3521 746 3577 mentis
775 3520 1031 3574 Romana:
1061 3518 1312 3572 Ecclesiae
1346 3526 1457 3570 tum
1498 3517 1747 3587 profecti,
1786 3525 1898 3571 tum
1937 3532 2125 3571 emen-

547 3612 682 3677 dati,
725 3627 790 3666 eo
841 3626 949 3681 quo
994 3608 1134 3664 infra
1187 3609 1428 3662 dicemus
1477 3608 1636 3662 modo
1681 3607 1732 3662 in
1785 3616 1969 3662 nostra
2019 3608 2128 3662 dis-

547 3701 847 3757 sertatione
899 3700 966 3754 de
1021 3698 1296 3768 Catalogis
1353 3697 1594 3766 antiquis
1643 3696 1956 3766 pontiﬁcum
2021 3697 2127 3750 Ro-

547 3807 850 3855 manorum,
903 3803 1202 3858 eorumque
1252 3786 1461 3840 delectu
1504 3794 1559 3839 ct
1606 3787 1944 3840 auctoritate.
1996 3785 2125 3840 Bre-

550 3881 704 3936 vibus
765 3890 943 3934 autem
994 3896 1113 3936 eam
1169 3877 1590 3946 complectemur
1642 3877 1694 3931 iu
1753 3885 2123 3944 antecessura,

544 3975 664 4031 bmc
696 3974 1064 4028 observantes.

616 4064 972 4121 Conferantur
1001 4063 1228 4118 invicem
1275 4061 1484 4117 numeri
1515 4069 1742 4132 utroque
1776 4062 1827 4115 in
1868 4061 2126 4133 Catalogo

545 4158 888 4214 Corbeiensis
924 4156 1126 4212 archivi
1186 4155 1427 4209 attributi
1469 4155 1580 4209 sedi
1623 4155 1952 4224 singulorum
1994 4170 2128 4224 pon-

545 4253 774 4307 tiﬁcum.
826 4250 979 4305 Licet
1022 4250 1074 4302 in
1121 4263 1228 4302 uno
1278 4246 1536 4315 Catalogo
1590 4254 1645 4300 et
1697 4246 1966 4314 scriptura
2025 4260 2124 4300 co-

547 4346 683 4400 dicis
720 4351 978 4414 appareat
1031 4340 1323 4408 antiquitas
1376 4338 1624 4392 undecim
1684 4336 2023 4400 szeculorum,
2072 4337 2122 4391 in

547 4436 721 4490 altero
776 4433 961 4488 decem
1026 4441 1080 4485 ct
1139 4431 1340 4485 idcirco
1403 4445 1507 4483 non
1577 4429 1740 4483 distet
1791 4437 1924 4482 mtas
1974 4443 2124 4482 ama-

548 4527 830 4584 nuensium
893 4539 923 4578 a
987 4521 1178 4590 quibus
1238 4520 1714 4581 deseribebantur,
1783 4519 1902 4588 plus
1958 4535 2122 4589 quam

546 4618 742 4676 sarculo
809 4631 916 4671 uno
969 4613 1053 4667 vel
1107 4611 1310 4675 altero;
1365 4619 1604 4664 attamen
1666 4608 1998 4663 incredibilis
2042 4615 2126 4663 est

547 4709 846 4766 differentia
876 4707 1153 4775 utriusque
1185 4701 1564 4773 chronologire.
1609 4700 1932 4770 Plerumque
1978 4700 2124 4754 enim

547 4819 721 4874 neque
773 4800 900 4855 anui
940 4797 1317 4859 consentiunt,
1371 4810 1471 4848 nec
1517 4809 1748 4858 menses,
1802 4803 1860 4848 ut
1913 4793 2122 4848 dierum

545 4895 858 4951 discrimina
910 4890 1174 4962 negligant
1229 4898 1479 4958 tanquam
1535 4887 1845 4941 minutiora.
1902 4886 2120 4956 Septem

547 4988 858 5060 pontiﬁcum
905 5004 933 5039 a
983 4987 1040 5040 S.
1074 4983 1233 5038 Petro
1269 4981 1640 5053 proximorum
1673 4981 1836 5035 hosce
1868 4995 2127 5035 numeros

546 5081 788 5135 videmus
820 5078 1130 5132 attributes.

1616 5207 1681 5262 In
1708 5206 2009 5263 Corbeicnai
2039 5204 2121 5259 II.

895 5326 1001 5380 An.
1043 5324 1211 5380 Mens.
1253 5325 1397 5380 Dies.
1620 5325 1722 5378 An.
1764 5323 1931 5379 Mens.
1977 5323 2118 5378 Dies.

961 5435 1050 5490 11.
1161 5435 1216 5490 ὅ.
1330 5435 1413 5487 12.
1677 5434 1757 5486 .2.
1869 5433 1921 5486 5.
2031 5433 2118 5486 1Ξ.

964 5528 1050 5584 η.
1162 5528 1211 5581 1.
1353 5527 1405 5582 2.
1695 5529 1748 5582 8.
1861 5527 1916 5580 ‘2.

763 5212 825 5268 1η
852 5212 1148 5266 Corbeicnsi
1177 5211 1228 5266 Ι.

545 5440 603 5493 S.
637 5439 798 5522 l..iuus

545 5534 602 5585 S.
634 5532 816 5586 Clelus

545 5623 600 5675 S.
632 5621 882 5677 Clemens
999 5618 1215 5672 9.10.
1367 5617 1413 5670 1.
1700 5614 1751 5669 6.
1867 5617 1916 5670 1.
2037 5615 2118 5669 11.

546 5714 602 5770 S.
637 5713 926 5770 Anacletus
1083 5711 1252 5766 deest.
1806 5710 1974 5763 deest.

2154 4481 2201 4540 D

2235 1869 2558 1927 Pearsonius
2607 1873 2737 1928 diss.
2776 1890 2846 1937 ιι,
2894 1890 3011 1944 cap.
3069 1875 3119 1937 6,
3169 1875 3295 1930 licet
3337 1876 3480 1931 inter
3533 1875 3814 1932 Acatboli-

2231 1979 2326 2019 cos
2363 1980 2469 2018 non
2505 1964 2807 2028 \ioleutior,
2849 1964 3134 2021 consulere
3184 1975 3361 2020 tamen
3410 1965 3714 2031 videbatur,
3762 1974 3818 2020 ut

2231 2055 2620 2111 conelamatam
2675 2072 2796 2112 esse
2843 2057 3139 2112 fateremur
3183 2057 3592 2128 productionem
3642 2058 3814 2112 histo-
3893 2081 3906 2089 -

2234 2150 2326 2204 ria:
2373 2160 2426 2206 et
2478 2133 2838 2204 assertionem
2893 2149 3172 2220 martyrii,
3218 2149 3591 2216 decretorum,
3637 2159 3695 2204 et
3743 2150 3815 2204 ri-

2233 2252 2402 2306 tuum,
2439 2241 2508 2296 ab
2532 2243 2682 2297 hisce
2727 2243 2859 2296 viris
2897 2241 3254 2296 sanctissimis
3291 2240 3549 2296 Ecclesiae
3577 2240 3816 2296 archivis

2231 2334 2596 2390 concreditum
2630 2352 2641 2386 :
2675 2334 2748 2387 uti
2778 2333 3054 2403 percipere
3083 2333 3311 2402 quisque
3355 2340 3531 2403 potest
3559 2333 3610 2386 in
3645 2332 3817 2387 tribus

2231 2427 2390 2481 editis
2431 2425 2899 2481 dissertationibus
2940 2425 3056 2495 ejus
3097 2424 3332 2494 Operum
3381 2427 3812 2496 posthumorum.

2231 2515 2308 2569 Ex
2357 2515 2554 2569 nostris
2594 2523 2775 2568 autem
2825 2515 3178 2584 scriptoribus
3208 2530 3480 2570 nonnemo
3517 2531 3818 2584 suspensus

2231 2607 2412 2662 animo
2449 2607 2577 2676 quid
2618 2607 2829 2661 consilii
2883 2618 3099 2676 caperet
3146 2607 3429 2679 ignorabat
3482 2607 3536 2662 in
3582 2607 3819 2664 chrono-

2231 2698 2370 2768 logia
2413 2697 2684 2768 pontiﬁcio
2730 2697 3073 2753 stabilienda.
3109 2697 3482 2767 Prtejudicatis
3525 2701 3672 2753 enim
3703 2699 3819 2770 opi-

2231 2789 2483 2844 uionibus
2505 2789 2700 2844 ductus
2730 2803 2862 2843 cum
2898 2789 3163 2844 rationem
3209 2790 3409 2844 habere
3449 2791 3818 2845 tantummodo

2232 2883 2510 2938 statuisset
2534 2882 2705 2937 solius
2726 2883 2973 2937 codicum
3000 2883 3354 2952 antiquitatis,
3390 2885 3611 2939 minime
3633 2901 3820 2940 ncces-

2233 2975 2435 3032 sarium
2465 2976 2699 3030 ducebat
2721 2975 2772 3029 in
2803 2975 2978 3030 fontes
3000 2977 3337 3032 dissimilium
3363 2977 3637 3046 inquirere
3658 2978 3818 3033 Cata-

2232 3068 2500 3139 logorum,
2527 3083 2823 3137 eorumque
2852 3068 2918 3123 de
2942 3069 3150 3139 origine
3176 3078 3232 3124 et
3268 3071 3591 3124 auctoritate
3622 3071 3820 3123 certio-

2232 3175 2344 3216 rem
2402 3159 2537 3215 ﬁeri.
2572 3159 2679 3215 Nos
2713 3170 2892 3214 autem
2937 3175 3060 3214 cum
3092 3159 3426 3215 Tertulliano
3457 3159 3556 3231 (de
3607 3159 3820 3213 Corona

2229 3253 2474 3317 mititum,
2517 3252 2711 3323 pagina
2740 3251 2866 3317 544,
2909 3251 3162 3306 editionis
3205 3251 3343 3306 della
3399 3250 3588 3318 Barre)
3630 3251 3822 3305 decer-

2228 3353 2418 3400 nentes
2458 3345 2526 3398 ab
2575 3345 2877 3416 originibus
2923 3359 3044 3400 esse
3075 3344 3402 3415 repetendas
3454 3345 3705 3400 notiones
3750 3345 3819 3398 ad

2227 3436 2507 3492 historiam
2549 3438 2912 3507 pertinentes,
2955 3437 3231 3507 ipsamque
3269 3437 3322 3490 in
3353 3437 3547 3507 primis
3584 3437 3824 3492 chrono-

2227 3529 2446 3602 logiam,
2477 3547 2596 3602 qum
2640 3530 2790 3586 basis
2830 3537 3103 3600 gestorum
3132 3529 3319 3584 haberi
3347 3529 3596 3585 debetac
3621 3527 3823 3584 funda-

2227 3631 2468 3678 mentum
2490 3663 2505 3686 ,
2539 3622 2790 3676 duximus
2826 3621 3071 3676 eamdem
3115 3621 3183 3675 ab
3238 3621 3302 3675 iis
3339 3619 3608 3692 Catalogis
3650 3623 3826 3678 tutius

2227 3722 2538 3784 perceptum
2572 3712 2658 3776 iri,
2699 3713 2791 3782 qui
2841 3720 3024 3767 essent
3075 3711 3302 3782 profecti
3353 3726 3384 3766 a
3437 3711 3685 3783 genuinis
3727 3713 3824 3767 do-

2227 3805 2494 3860 cumentis
2558 3803 2814 3858 Romana:
2881 3802 3168 3868 Ecclesiae,
3232 3805 3534 3873 praesertim
3602 3802 3825 3872 publice

2227 3897 2450 3966 positis,
2505 3905 2559 3950 et
2608 3895 2694 3949 illa
2749 3903 2907 3949 actate
2953 3911 3072 3964 qua:
3117 3894 3467 3964 diligentibus
3511 3909 3573 3948 ac
3624 3895 3826 3964 peritis

2229 3986 2576 4056 chronologis
2619 4001 2731 4057 pra:
2772 3987 2989 4042 caeteris
3033 3987 3334 4040 abundaret
3363 4001 3557 4055 :quam
3599 3985 3824 4042 deﬁniri

2227 4089 2416 4150 quarto
2470 4088 2524 4135 et
2578 4080 2767 4150 quinto
2820 4077 3023 4134 Christi
3080 4078 3276 4134 saeculo
3344 4093 3538 4134 omnes
3586 4093 3826 4135 consen-

2229 4175 2390 4238 tiunt,
2433 4188 2497 4228 ac
2547 4189 2635 4229 res
2681 4173 2794 4243 ipsa
2847 4173 3027 4236 docet,
3074 4171 3150 4226 uti
3199 4172 3375 4226 fusius
3428 4172 3720 4227 ostendam
3773 4175 3829 4228 in

2226 4268 2606 4324 dissertatione
2653 4267 2889 4322 indicata
2929 4267 2994 4322 de
3026 4266 3250 4321 vetustis
3280 4264 3648 4320 Romanorum
3682 4281 3824 4334 pon-

2226 4360 2429 4416 tiﬁcum
2451 4360 2738 4431 Catalogis.
2763 4359 3122 4430 Consequitur
3163 4369 3344 4414 autem
3379 4357 3504 4412 inde
3529 4367 3586 4410 ut
3619 4358 3664 4414 si
3693 4375 3824 4428 qua:

2227 4452 2397 4508 series
2449 4453 2709 4507 vetustior
2762 4450 3074 4520 pontiﬁcum
3139 4459 3197 4504 et
3253 4448 3599 4518 chronologia
3634 4458 3826 4504 exsta-

2232 4552 2316 4599 ret
2369 4545 2581 4614 pnhlice
2634 4544 2906 4614 proposita
2957 4544 3012 4598 in
3067 4543 3308 4598 basilicis
3357 4542 3829 4613 patriarchalibus

2231 4636 2417 4692 Roma:
2469 4637 2707 4710 (qualem
2775 4637 2998 4706 reperiri
3058 4637 3403 4707 superstitem
3470 4651 3667 4708 magna
3739 4638 3828 4694 sui

2229 4735 2387 4796 parte
2431 4726 2712 4782 ostendam
2760 4725 2813 4780 in
2862 4724 2920 4780 S.
2976 4724 3126 4780 Pauli
3179 4725 3264 4780 via
3313 4722 3595 4796 Ostiensi),
3641 4741 3829 4796 eaque

2230 4817 2524 4872 conformis
2598 4817 2931 4887 reperiretur
3006 4825 3116 4870 tum
3187 4817 3401 4872 caeteris
3475 4817 3828 4873 documentis

2231 4913 2489 4969 Actorum
2555 4911 2608 4966 in
2675 4911 2918 4966 conciliis
2974 4920 3028 4965 et
3084 4911 3437 4982 epistolarum
3498 4909 3827 4966 indubitata:

2232 5003 2356 5058 ﬁdei
2395 5003 2734 5058 characteres
2776 5003 3157 5068 retinentium,
3203 5013 3312 5057 tum
3352 5001 3624 5072 Catalogis
3668 5005 3824 5060 anti-

2230 5091 2509 5162 quioribus
2562 5091 2900 5162 praeservatis
2957 5093 3097 5162 apud
3160 5091 3373 5147 Italicas
3439 5091 3815 5148 bibliothecas

2231 5190 2287 5237 et
2327 5183 2581 5247 archiva,
2632 5181 2939 5252 hujusmodi
2985 5182 3180 5237 seriem
3235 5181 3348 5236 fore
3403 5181 3634 5252 Lydium
3678 5183 3820 5255 lapi-

2229 5272 2349 5328 dem
2366 5273 2432 5327 ad
2449 5288 2610 5343 quem
2644 5273 2776 5328 ﬁdes
2801 5271 3178 5343 Catalogorum
3210 5273 3451 5336 omnium
3473 5272 3821 5340 exigeretur.

2231 5362 2331 5419 Ubi
2379 5374 2557 5420 autem
2604 5365 2786 5435 plures
2832 5363 3094 5434 Catalogi,
3148 5365 3292 5435 iique
3315 5365 3683 5434 antiquissimi
3741 5382 3824 5421 re-

2226 5455 2698 5525 perirenturltalis
2725 5457 2777 5511 in
2816 5456 3156 5512 bibliothecis
3193 5456 3581 5512 cathedralium
3638 5458 3823 5515 eccle-

2223 5545 2428 5600 siarum
2472 5560 2536 5600 ac
2572 5546 3020 5602 monasteriorum
3050 5547 3360 5618 insignium,
3411 5545 3503 5616 qui
3539 5549 3822 5605 consenti-

2227 5644 2348 5690 rent
2406 5651 2526 5691 cum
2587 5637 2727 5692 serie
2792 5637 3025 5693 indicata
3079 5647 3134 5692 ct
3189 5637 3574 5708 chronologia,
3626 5648 3821 5695 essent

2228 5728 2404 5784 meriti
2494 5729 2809 5799 praeferendi
2882 5729 3092 5784 caeteris
3155 5728 3604 5796 discrepantibus.
3672 5721 3816 5786 Nam
