3996 5412
160 208 260 264 157

820 203 1242 262 SCIIELESTR.
1288 203 1598 259 DISSERT.
1637 201 1724 257 DE
1763 202 1992 270 AN'I‘IQ.
2037 202 2201 260 R031.
2242 203 2443 260 PONT.
2486 203 2828 260 CATALOG.

3325 207 3423 264 138

156 323 466 379 Italicarum
524 321 878 378 ecclesiarum
935 323 1288 392 proximitas,
1341 338 1461 392 qua:
1526 321 1735 390 copiam
1770 330 1812 386 Α
1841 318 2253 388 descriptoruin.
2289 319 2436 374 Hanc
2483 335 2611 374 vero
2641 319 3011 374 dilﬁcultatem
3055 334 3167 389 pra:
3213 324 3426 378 czcteris

156 413 510 484 comparandi
551 412 890 484 frequentius
931 417 1221 483 przelieret,
1263 415 1493 483 scriptos
1533 411 1744 468 Catale-

158 521 256 576 gos
315 515 373 560 et
421 505 668 574 exempla
716 520 836 559 cum
893 504 1192 575 prototypis
1247 505 1595 559 basilicarum
1644 518 1740 583 pa:

158 595 575 661 triarchalium,
617 593 741 664 jure
780 611 1108 667 prmsumere
1150 610 1249 650 nos
1298 596 1578 660 suadebat,
1619 610 1743 649 cor-

161 686 366 741 rectius
418 686 694 757 descripta
757 702 825 741 ex
881 688 1030 742 hisce
1086 686 1344 742 Romanis
1393 687 1630 742 fontibus
1680 703 1743 742 ea

160 776 326 831 fuisse
371 791 492 846 quae
525 793 651 833 cum
689 778 772 832 his
813 779 1057 848 proxime
1089 780 1480 833 consentirent.
1517 779 1744 833 Dissita-

161 880 278 918 rum
333 875 517 920 autem
571 867 851 936 regionum
899 876 954 924 et
1000 867 1400 937 provinciarum
1451 869 1744 938 scriptores

158 967 214 1012 et
258 974 648 1024 amanuenses,
693 961 888 1030 quibus
936 961 1112 1014 minor
1158 960 1390 1016 facilitas
1431 971 1549 1016 erat
1597 977 1748 1016 acce-

161 1047 319 1102 dendi
351 1049 420 1104 ad
463 1047 690 1114 Urbem,
731 1059 788 1105 et
831 1051 1074 1121 exempla
1125 1068 1219 1106 sua
1273 1051 1583 1106 conferendi
1621 1067 1744 1107 cum

160 1139 409 1209 genuinis
459 1140 568 1196 illis
612 1142 960 1197 monimentis
1000 1142 1346 1198 basilicarum
1395 1142 1589 1208 Urbis,
1638 1158 1744 1198 non

161 1228 232 1282 ita
268 1230 502 1285 ﬁdenter
526 1241 782 1303 poterant
823 1248 1038 1288 errores
1084 1249 1148 1288 ac
1186 1233 1531 1288 diversitates
1571 1233 1744 1287 corri-

161 1335 317 1390 gere,
367 1338 491 1392 quae
531 1325 909 1380 invenirentur
951 1327 1003 1380 in
1048 1327 1288 1380 numeris
1329 1326 1574 1380 codicum
1615 1341 1646 1378 a
1689 1340 1747 1380 se

1843 413 2197 481 comprobant
2245 413 2349 468 duo
2407 413 2480 467 illi
2531 413 2769 484 Catalogi
2837 413 3225 478 Corbeienses,
3276 422 3423 468 tanta

1846 505 2206 574 discrepantia
2253 497 2580 576 cpocharuni
2631 507 2912 562 discordes
2956 506 3011 562 in
3066 516 3216 561 tanta
3259 505 3428 560 aﬁini-

1849 607 1960 653 tate
1990 615 2053 652 ac
2083 599 2427 653 similitudine
2459 601 2761 654 vetustatis.

1920 689 2045 744 Ilaac
2087 689 2320 745 breviter
2349 691 2617 745 indicasse
2646 690 2897 755 sulﬁciat,
2947 692 3232 746 occasione
3278 700 3429 745 nota-

1855 795 1972 834 rum
2024 780 2090 834 ad
2147 780 2504 836 Corbeienses
2544 780 2832 850 Catalogos
2875 780 3322 842 adhibendarum,
3371 789 3431 834 ut

1855 883 2124 928 momenta
2176 883 2370 928 cmtera
2415 876 2808 945 perpendamus
2849 889 2970 942 qua:
3015 872 3212 928 Italicis
3256 873 3430 926 tribus

1848 964 2239 1033 antiquissimis
2287 964 2489 1029 favent,
2535 966 3000 1020 consentientibus
3029 974 3140 1018 tuin
3171 963 3311 1017 inter
3345 978 3427 1029 se,

1850 1063 1960 1108 tum
2003 1055 2251 1125 genuinis
2289 1072 2409 1110 cum
2449 1057 2786 1112 documentis
2829 1055 3086 1109 Romanae
3130 1053 3426 1108 Ecclesiae:

1848 1144 1992 1216 quod
2057 1145 2108 1199 in
2172 1154 2355 1199 nostra
2418 1146 2802 1201 dissertatione
2858 1155 2980 1215 post
3038 1143 3337 1214 proximam
3398 1157 3428 1194 a

1852 1234 2241 1290 Schelestratio
2288 1236 2571 1305 petendam
2619 1235 2857 1290 conabor
2901 1250 3000 1306 pro
3050 1234 3257 1288 viribus
3296 1246 3433 1301 pra:—

1851 1335 2016 1381 stare.

165 1465 3427 1490 mm

182 1552 250 1637 Θ

585 1628 1522 1766 EMMANUEL.
1623 1632 1726 1758 A

1865 1625 3051 1833 iCHELESTRATE

1206 1887 2423 2002 DISSEBTATIO

695 2116 1378 2210 LEANTIQUIS
1451 2053 1834 2194 RO'A’IAN.
1905 2112 2312 2192 PONTIF.
2373 2112 2941 2192 CATALOGIS

994 2298 1099 2358 Ea:
1129 2295 1356 2378 quibus
1384 2296 1574 2358 Liber
1602 2293 1996 2374 Pontiﬁcalis
2031 2293 2443 2354 concinnatus
2476 2291 2626 2371 fuit,

823 2460 910 2516 ΕΤ
951 2460 1039 2515 DE
1077 2459 1255 2514 LIBRI
1297 2455 1770 2514 PONTIFICALIS
1807 2453 2134 2511 AUCTORE
2171 2452 2258 2508 AC
2295 2449 2780 2507 PRESTANTIA.

1655 2604 1850 2617 ..ι-.-

733 2687 912 2746 APUT
947 2687 1236 2744 PRIMUM.

163 2809 238 2866 De
263 2810 509 2879 antiquis
554 2802 797 2879 Panibus
814 2814 867 2879 _et
891 2803 1229 2879 scriptoribus
1259 2802 1348 2879 qui
1378 2815 1756 2879 successionem

231 2871 612 2936 Romanorum
657 2875 952 2945 pontiﬁcum
999 2871 1114 2927 suis
1143 2871 1384 2943 operibus
1467 2881 1556 2924 aut
1599 2871 1753 2925 chro—

233 2952 369 3006 nicis
408 2952 770 3004 inseruerunt.

242 3063 383 3113 Inter
403 3063 638 3122 antiquos
653 3057 822 3108 Patres
842 3065 892 3106 et
911 3059 1175 3118 scriptores
1195 3055 1276 3118 qui
1294 3053 1616 3122 Romanorum
1637 3067 1758 3122 pon—

229 3129 416 3176 aticum
443 3115 725 3180 Cat'alogum
750 3115 1037 3179 texuerunt,
1073 3127 1186 3167 sunt
1213 3115 1541 3180 antiquissimi
1569 3116 1622 3164 D.
1652 3115 1758 3180 Ire-

227 3201 390 3243 naeus,
409 3189 497 3249 qui
519 3177 914 3249 suh‘EIeutherio
941 3177 1132 3249 Romam
1159 3180 1326 3249 venit;
1353 3179 1407 3228 ι).
1436 3177 1755 3249 Optatuslli—

227 3241 499 3304 levita—uiis,
527 3248 610 3306 qui
639 3247 687 3295 in
713 3246 914 3306 Siricio;
939 3255 995 3293 ac
1021 3243 1079 3306 I_).
1107 3243 1432 3306 Augustinus,
1447 3244 1530 3301 qui
1557 3241 1759 3306 εει-Ληθ-

224 3315 383 3362 sunto
418 3301 609 3358 ﬁniunt.
635 3333 696 3343 -—
739 3306 799 3356 ll.
849 3301 946 3354 llos
981 3301 1274 3354 subsecutus
1299 3313 1374 3351 est
1403 3303 1565 3348 Victor
1589 3301 1757 3352 Tunn-

232 3377 429 3432 nensis,
448 3372 516 3421 de
533 3381 630 3432 quo
655 3369 820 3418 Isidori
847 3367 1148 3432 Hispalensis
1171 3365 1500 3432 testimonium
1522 3363 1754 3432 adfertur.

232 3425 436 3485 Editum
482 3425 560 3481 est
598 3431 869 3482 Chronicon
910 3425 1119 3478 Victoris
1157 3440 1182 3474 a
1221 3427 1492 3486 Scaligero,
1519 3433 1569 3474 et
1594 3425 1759 3475 ultima

237 3499 350 3559 ejus
377 3496 565 3559 verba,
577 3495 629 3559 in
652 3506 761 3559 qua:
785 3503 921 3541 error
942 3491 1322 3559 Chronologicus
1347 3491 1578 3559 irrepsit,
1604 3490 1760 3559 corri-

231 3548 443 3621 guntur.
461 3583 523 3594 --
541 3548 640 3621 III.
665 3548 814 3621 Aliam
839 3553 1318 3621 pontiliciiiiLseriein
1345 3548 1585 3621 Eusebius
1608 3550 1760 3599 Chro-

235 3610 351 3672 'nico
375 3633 494 3682 suo,
519 3626 573 3682 et
593 3619 812 3667 historia
834 3610 1061 3682 inseruit.
1087 3613 1352 3682 Clironicori
1377 3623 1403 3657 a
1434 3610 1490 3658 D.
1521 3610 1758 3682 Hierony.

232 3699 316 3732 mo
343 3672 523 3730 Latine
549 3681 724 3728 factum
748 3679 891 3727 variis
916 3677 1034 3725 locis
1059 3683 1248 3722 auctum
1274 3681 1350 3720 est
1382 3684 1435 3720 ac
1458 3672 1758 3731 suppletum,

235 3748 301 3793 de
324 3738 1075 3804 cuiuspraestantiaAMarcellini
1117 3736 1442 3804 testimonium
1483 3734 1758 3804 adducitur.

231 3807 313 3858 De
356 3795 577 3855 Historia
596 3817 682 3862 per
706 3800 925 3850 Ruﬁnum
950 3799 1124 3862 Latine
1149 3797 1272 3844 facta
1297 3803 1348 3862 et
1370 3795 1762 3862 suppletapauca

234 3877 494 3920 notantur.
518 3858 685 3914 -—'IV.
719 3864 952 3914 Chronico
977 3861 1251 3909 Eusebiano
1287 3858 1377 3906 alia
1417 3869 1556 3904 manu
1593 3858 1760 3905 inserti

235 3919 357 3980 sum
383 3930 501 3977 anni
525 3928 733 3986 Christi,
759 3939 811 3973 ar.
837 3926 883 3970 in
909 3923 1150 3972 nonnullis
1175 3922 1290 3968 locis
1308 3919 1766 3986 corret'tiotiejndi-

235 4002 347 4054 get.
373 4018 432 4027 —
463 3989 519 4038 ν.
563 3980 913 4054 Desiderantur
937 3986 1100 4054 Graeca
1127 3980 1421 4054 exemplaria
1451 3981 1590 4040 hujus
1615 3981 1764 4054 ῼιιποτ

1783 2683 2044 2752 Bpriniis
2095 2683 2160 2737 de
2213 2681 2524 2737 auctoribus
2570 2679 2702 2750 ipsis
2759 2677 3015 2734 nonnulla
3069 2675 3439 2748 prmmittere,

1859 2786 1913 2833 et
1940 2775 2283 2847 quandonam
2321 2782 2376 2828 et
2408 2789 2512 2844 qua
2553 2771 2917 2828 exactitudine
2961 2770 3152 2841 singuli
3205 2770 3447 2839 scripse-

1861 2877 2004 2932 runt,
2053 2866 2292 2921 breviter
2321 2864 2667 2934 investigare.
2698 2863 2776 2918 Ac
2812 2863 2988 2932 primo
3030 2860 3246 2932 quidem
3287 2875 3446 2930 ageno

1859 2959 1986 3013 dum
2019 2959 2187 3012 estde
2239 2957 2442 3011 sanctis
2484 2955 2770 3021 Patribns,
2821 2954 3034 3023 illisque
3093 2951 3441 3015 auctoribus,

1860 3052 1948 3121 qui
1983 3050 2350 3105 Romanorum
2391 3049 2727 3120 pontificum,
2775 3047 3174 3104 successionem
3218 3046 3444 3100 adnota-

1861 3153 2002 3198 riint.
2039 3141 2242 3196 Horum
2283 3141 2691 3212 antiquissimus
2732 3149 2817 3194 est
2857 3139 2919 3193 D.
2952 3139 3188 3194 lrenteus
3227 3137 3446 3208 Lugdu-

1859 3235 2041 3290 nensis
2098 3235 2150 3289 in
2197 3234 2366 3290 Gallia
2416 3234 2724 3305 episcopus,
2781 3233 2872 3303 qui
2929 3231 3022 3286 lib.
3078 3246 3170 3297 in,
3221 3245 3338 3300 cap.
3389 3231 3446 3295 5,

1858 3323 2226 3377 Romanorum
2265 3321 2579 3392 pontiﬁcum
2611 3321 2926 3391 Catalogum
2960 3319 3163 3386 texuit,
3211 3318 3294 3373 his
3323 3333 3447 3373 ver-

1858 3415 1943 3469 bis
1989 3414 2065 3468 illi
2117 3414 2277 3467 ﬁnem
2320 3413 2602 3483 imponens
2645 3430 2658 3465 :
2708 3431 2727 3463 (
2785 3412 2937 3466 Nunc
2993 3410 3277 3466 duodecim
3330 3408 3448 3462 loco

1858 3509 2222 3579 episcopatum
2249 3506 2317 3561 ab
2346 3505 2604 3575 apostolis
2628 3505 2795 3560 habet
2823 3503 3189 3558 Eleutherius.
3239 3521 3256 3554 i
3300 3499 3448 3554 Vixit

1861 3604 2200 3660 Eleutherins
2238 3612 2364 3658 ante
2405 3602 2639 3657 medium
2687 3599 2905 3654 secundi
2953 3596 3154 3660 smculi,
3201 3611 3306 3665 quo
3339 3610 3452 3648 om-

1861 3696 2020 3750 nibus
2076 3697 2141 3750 de
2196 3694 2538 3748 successione
2591 3691 2958 3745 Romanorum
3018 3686 3335 3757 pontiticnm
3395 3684 3448 3738 in

1865 3786 2007 3842 Urbe
2058 3794 2308 3840 constare
2363 3784 2590 3840 debebat
2634 3799 2648 3837 :
2702 3783 2939 3836 nondum
2990 3779 3135 3834 enim
3201 3793 3230 3832 a
3278 3783 3452 3831 morte

1863 3877 2008 3932 Petri
2075 3877 2350 3947 octoginta
2416 3875 2653 3943 quinque
2718 3872 2844 3925 anni
2911 3867 3248 3925 eﬁluxerant.
3317 3865 3452 3919 Cum

1868 3969 2050 4036 itaque
2105 3967 2338 4020 Irenaeus
2392 3966 2493 4018 sub
2547 3962 2840 4016 Eleutlierii
2896 3958 3210 4029 pontiﬁcatu
3266 3956 3452 4009 Roma:

237 4041 336 4104 inci
361 4058 609 4122 ;_exstaut
650 4047 1033 4122 tarn.eii_‘l.atin:e
1067 4041 1319 4122 versiones
1363 4041 1666 4122 Hieronymi,
1687 4045 1769 4122 qui

1874 4058 2057 4122 fuerit,
2089 4067 2144 4112 et
2172 4057 2536 4111 Romanorum
2577 4051 2889 4122 pontiﬁcum
2921 4050 3232 4119 Catalognm
3267 4055 3453 4101 texue-

237 4105 654 4180 suppleinentum
679 4113 870 4180 adjecit,
897 4123 989 4158 non
1014 4107 1278 4180 quidem-ili
1297 4105 1498 4180 juvenili
1525 4111 1690 4180 aetate,
1713 4112 1767 4155 ut

239 4168 472 4229 no'n'nulli
515 4181 709 4234 putant,
734 4168 818 4221 Sed
855 4184 979 4219 anno
1013 4168 1296 4234 setati§__47_,
1322 4175 1471 4234 nt_ex
1509 4178 1637 4234 anno
1665 4180 1769 4234 quo

233 4227 585 4296 {Hieronymus
607 4227 743 4291 obiit,
764 4235 1034 4296 deducitur.
1061 4257 1122 4267 —
1144 4229 1481 4296 Vl._Seqttittt_r
1502 4227 1769 4296 Chronicon

238 4289 403 4353 sancti
433 4289 696 4358 Prosperi,
722 4289 845 4358 quod
882 4297 1125 4356 integrum
1168 4289 1773 4358 e‘didit’PhllippusLab-

237 4351 394 4419 biens,
435 4362 521 4422 qui
564 4351 771 4422 Victoris
803 4351 1046 4422 Aquitani,
1080 4362 1144 4422 _et
1182 4352 1415 4422 Gennadii
1459 4351 1773 4422 Massiliensis

235 4413 536 4476 testimonia
573 4420 639 4467 de
677 4419 758 4468 illo
789 4413 993 4466 adducit.
1022 4416 1355 4465 Ailnectuntur
1390 4415 1501 4476 huic
1535 4413 1773 4476 Chronico

241 4475 489 4536 consules
527 4484 594 4531 ab
633 4480 961 4528 [incarnatione
982 4477 1179 4535 Christi,
1206 4489 1360 4536 usque
1381 4477 1438 4523 ad
1463 4475 1774 4536 Consulatum

243 4535 590 4597 Valentiniani
618 4541 726 4591 VIII
753 4548 803 4590 et
826 4541 1064 4588 Anthemii
1093 4553 1105 4588 :
1129 4535 1312 4586 retinet
1351 4545 1510 4584 tamen
1546 4535 1771 4587 Chronici

240 4611 471 4660 Eusebia
480 4607 528 4654 ni
542 4617 740 4654 errores
754 4611 800 4651 et
813 4602 1063 4650 nonnullus
1075 4600 1193 4648 alios
1203 4601 1326 4647 circa
1338 4598 1564 4646 consules
1577 4599 1771 4656 adjecit.

242 4701 309 4711 —-
328 4670 424 4719 νιι
445 4672 740 4724 i‘rosperuin
762 4665 1048 4713 subsecutus
1073 4669 1149 4710 est
1174 4660 1482 4724 Marcellinus
1503 4672 1665 4724 eomes
1688 4673 1774 4724 cu-

241 4737 322 4784 ius
346 4722 591 4784 Chronici
616 4729 904 4774 mentionem
935 4725 1046 4774 facit
1068 4723 1396 4780 Cassiodorus,
1420 4723 1693 4783 asseritque
1720 4722 1777 4769 il-

259 4751 322 4783 ιε
346 4751 591 4784 υιπυιιιυι
617 4751 904 4774 Ιυΰιιιιυιητιιι
937 4751 1046 4774 ιαιῑιι
1068 4751 1306 4771 unusunus."
1322 4751 1396 4780 ua,
1420 4751 1542 4768 «ιδ-νει
1560 4751 1693 4783 Iuluc
1720 4751 1776 4769 n-

238 4751 326 4846 lud
353 4791 667 4854 perduxisse
691 4801 841 4854 usque
861 4789 916 4834 ad
935 4786 1193 4854 Iustiniani
1214 4785 1521 4854 imperatoris
1537 4789 1776 4854 tempora,

240 4847 379 4920 quod
409 4857 536 4903 item
564 4847 780 4910 ejusdem
803 4849 1063 4900 Marcellini
1086 4849 1364 4896 testimonio
1386 4847 1744 4907 comprobatur.

254 4988 307 5040 I.
348 4983 560 5036 Plures
589 4977 799 5046 quidem
833 4988 1014 5034 nostra
1065 4985 1120 5030 et
1157 4983 1438 5046 parentum
1471 4983 1776 5029 nostrorum

186 5074 470 5134 memoria
544 5070 904 5124 Romanorum
956 5068 1272 5140 pontiﬁcum
1339 5067 1494 5122 Vitas
1537 5066 1780 5121 conscri-

183 5177 458 5240 pserunt;
494 5164 600 5218 sed
625 5178 692 5216 ex
719 5163 1105 5232 antiquioribus
1130 5161 1282 5230 pauci
1311 5158 1661 5228 reperiuntur
1683 5159 1774 5228 qui

185 5266 238 5316 in
289 5259 402 5316 hac
441 5264 610 5326 parte
648 5251 894 5308 historica
925 5269 1140 5324 operam
1170 5250 1599 5318 industriamque
1629 5265 1780 5304 suam

187 5352 570 5406 mllecarunt-
607 5343 742 5399 Sunt
767 5356 934 5402 tamen
966 5346 1202 5401 nonnulli
1233 5346 1322 5412 qui
1357 5345 1410 5398 iii
1445 5343 1700 5410 operibus
1730 5350 1784 5397 et
1821 5409 1848 5412 __

1872 4151 1965 4216 rit,
2009 4149 2126 4220 ejus
2169 4149 2271 4203 hac
2319 4147 2383 4202 de
2431 4161 2490 4200 re
2537 4143 2904 4199 testimonium
2946 4158 3050 4196 non
3099 4148 3453 4193 contemnen-

1873 4243 2019 4307 dum,
2070 4240 2163 4296 sed
2205 4249 2259 4292 ut
2306 4235 2813 4309 prarstantissimum
2874 4231 3215 4300 antiquitatis
3269 4229 3448 4284 moni-

1874 4344 2112 4392 mentum
2160 4332 2342 4403 magui
2390 4329 2692 4385 faciendum
2735 4326 2968 4381 videtur.
3023 4324 3223 4380 Irenteo
3274 4329 3451 4376 autem

1874 4426 2245 4497 subjuugimus
2281 4423 2415 4477 duos
2452 4419 2830 4474 Africanorum
2871 4417 3092 4471 Patrum
3133 4414 3452 4483 Catalogos,

1874 4535 2102 4590 quorum
2147 4517 2376 4572 alterum
2429 4513 2486 4569 S.
2540 4512 2766 4583 Optatus
2818 4509 3158 4565 Milevitanus
3204 4508 3459 4576 episcopo

1876 4611 1976 4665 sub
2023 4607 2248 4672 Siricio,
2289 4606 2516 4659 alterum
2564 4604 2627 4657 ι).
2679 4600 3007 4671 Augustinus
3035 4597 3133 4652 sub
3173 4593 3457 4649 Anastasio

1879 4699 2056 4755 Siricii
2111 4710 2422 4754 successore
2477 4693 2776 4748 ediderunt.
2830 4689 3019 4742 Patres
3067 4701 3198 4740 vero
3259 4684 3330 4737 illi
3391 4682 3454 4737 Ι).

1878 4793 2062 4849 Irenzei
2095 4791 2418 4847 sententiam
2457 4786 2625 4843 secuti
2655 4785 2863 4841 Cletum
2895 4779 3172 4844 omittunt,
3195 4786 3249 4833 et
3282 4777 3457 4832 solum

1880 4885 2197 4940 Anacletum
2248 4890 2581 4953 agnoscunt,
2639 4886 2697 4930 ut
2748 4873 2910 4928 latius
2964 4870 3102 4925 infra
3153 4888 3219 4928 ex
3272 4883 3461 4926 eorum

1882 4977 2152 5043 Catalogis
2190 4972 2478 5030 constabit.

1951 5068 2005 5122 2.
2043 5067 2213 5122 Porro
2256 5078 2376 5119 cum
2421 5059 2760 5128 superiorum
2812 5055 3035 5109 Patrum
3085 5052 3322 5120 Catalogi
3350 5054 3467 5101 "so-

1885 5162 1992 5214 lum
2039 5159 2104 5211 ad
2157 5151 2426 5209 Anastasii
2468 5148 2843 5218 pontiﬁcatum
2887 5145 3222 5216 pertingant,
3265 5152 3467 5206 nusqttc

1885 5249 2080 5305 seriem
2127 5239 2556 5309 chronologicam
2599 5252 2771 5307 usque
2818 5232 2885 5286 ad
2936 5231 3199 5288 Joannem
3246 5227 3330 5291 lIl,
3378 5224 3467 5291 qui

1887 5337 2190 5394 Iustiniano
2217 5336 2487 5399 superstes
2503 5325 2619 5390 fuit,
2649 5323 2904 5398 prosequi
2934 5323 3254 5383 debeamus,
3281 5320 3468 5373 horum
