4010 6302
575 341 675 400 I59

1318 324 1409 391 ab
1445 318 1890 392 suasissqu
1928 326 2440 392 paoeecousm
2481 333 2658 390 amr.
2699 332 3120 391 ROM.-VATIC.

3737 333 3854 394 160

571 457 907 528 sequentium
949 460 1166 509 :etatum
1218 466 1390 520 usque
1439 452 1505 504 ad
1556 449 1894 504 consulatqu
1944 446 2141 501 .lustiui
2174 451 2217 507 Α
2248 448 2338 508 rit,
2386 462 2451 500 ex
2484 445 2687 501 ultimis
2731 446 2938 503 duobus
2982 449 3222 503 numeris
3253 448 3393 505 XVII
3427 459 3483 504 et
3506 442 3626 506 XVI
3664 454 3857 509 maui-

572 546 806 607 lunioris
832 546 1177 619 imperatoris
1190 542 1660 621 explet'it.3Habet
1680 557 1891 613 quoque
1908 542 2145 595 Isidorus

571 643 707 698 libro
727 641 794 696 de
819 639 965 695 Viris
992 638 1315 701 illustribus,-
1339 652 1458 707 cap,
1492 637 1582 702 58,
1617 638 1683 691 de
1712 636 1899 690 eodem
1929 634 2145 689 Victore

568 732 906 795 'I‘ununensi,
966 746 1087 785 eum
1119 730 1351 799 cmpisse
1379 744 1531 783 suam
1573 728 1861 782 Historiam
1900 742 1928 780 a
1961 724 2145 780 mundi

565 824 857 892 principio;
888 823 960 876 ita
988 820 1132 874 enim
1159 820 1356 875 ibidem
1381 820 1541 874 refert
1565 839 1576 873 :
1609 840 1626 869 ι
1652 819 1836 873 Victor
1855 817 2148 872 Tununeu-

565 918 640 971 sis
684 914 938 969 Ecclesia:
982 913 1248 969 Africana:
1296 914 1600 983 episcopus.
1655 911 1753 965 llic
1806 925 1835 963 a
1882 910 2148 982 principio

565 1006 751 1061 mundi
781 1019 949 1075 usque
970 1006 1036 1060 ad
1079 1005 1310 1075 primum
1342 999 1534 1058 Justiui
1564 1000 1804 1056 Junioris
1835 1001 2143 1071 imperituu,

565 1098 785 1153 brevem
811 1111 910 1167 per
932 1096 1182 1152 consules
1212 1111 1418 1150 annuos
1459 1094 1773 1149 bellicarum
1813 1092 2145 1148 ecclesiasti-

566 1203 859 1258 carumque
904 1203 1083 1242 rerum
1123 1186 1511 1242 nobilissimam
1561 1185 1918 1256 promulgavit
1968 1184 2149 1238 Histo-

564 1282 734 1344 riam,
780 1282 937 1336 laude
983 1289 1037 1335 et
1087 1280 1359 1335 notatione
1405 1280 1701 1342 illustrem,
1771 1294 1836 1333 ac
1887 1279 2146 1332 memoria

567 1373 959 1443 dignissimam.
994 1370 1093 1426 Hie
1114 1387 1211 1442 pro
1236 1371 1546 1425 defensione
1581 1370 1740 1424 trium
1769 1367 2145 1439 Capitulorum

566 1482 596 1520 a
619 1463 924 1520 Iustiniano
945 1464 1187 1534 Augusto
1206 1465 1396 1519 exsilio
1420 1464 1475 1517 in
1501 1462 1795 1534 Egyptum
1826 1471 2150 1533 transporta-

565 1564 670 1609 tur.
732 1556 859 1610 Inde
910 1571 1099 1610 rursus
1152 1554 1669 1624 Constantinopolim
1724 1562 1962 1620 vocatus,
2021 1555 2147 1609 dum

563 1642 868 1705 Iustiniano
907 1649 1242 1719 imperatori,
1279 1657 1333 1703 et
1368 1648 1630 1719 Eutyt-hio
1660 1648 2151 1718 Constarttinnpoli-

565 1750 703 1795 tante
728 1741 876 1795 urbis
895 1742 1148 1812 episcopo
1167 1740 1627 1796 obtrectatoribus
1651 1740 1960 1796 eorumdem
1986 1742 2147 1796 trium

2249 535 2445 591 festum
2474 536 2553 591 llt.
2588 537 2652 592 Ili
2682 539 2825 592 enim
2858 541 3063 594 numeri
3094 542 3315 595 omnino
3342 544 3670 613 respondent
3699 561 3857 602 vera:

2250 629 2590 694 chrouotaxi,
2615 641 2733 700 quas
2751 632 2818 685 ab
2841 647 2982 686 anno
3002 631 3072 687 43
3091 633 3319 705 Augusti
3345 652 3514 706 usque
3540 639 3607 693 ad
3633 655 3853 694 annum

2248 721 2481 792 primum
2523 719 2717 775 Justini
2752 737 2921 777 annos
2964 724 3287 793 quingentos
3322 726 3601 797 sexaginta
3631 739 3854 799 septem

2249 823 2556 883 computat;
2603 822 2659 868 et
2706 816 2750 869 si
2798 830 2940 869 anno
2994 817 3177 871 mundi
3233 817 3391 882 5l99,
3431 835 3538 889 quo
3586 820 3859 877 Christus

2249 905 2543 959 secundum
2585 906 2858 961 Victorem
2896 918 3051 962 natus
3081 917 3184 973 est,
3218 912 3499 982 quingenti
3555 916 3853 986 sexaginta

2250 1009 2454 1066 septem
2487 999 2612 1053 anni
2663 1000 3042 1070 adjungantnr,
3096 1002 3383 1058 habebitur
3431 1022 3604 1062 annus
3651 1011 3854 1063 mundi

2249 1088 2411 1153 5766,
2443 1089 2533 1159 qui
2563 1090 2721 1144 debet
2745 1106 2866 1145 esse
2893 1092 3097 1161 primus
3124 1091 3493 1164 Iustinijuxta
3522 1109 3852 1170 computum

2253 1181 2504 1237 Victoris.
2536 1182 2712 1253 Atque
2760 1184 2873 1239 haec
2902 1185 3121 1254 quidem
3163 1186 3229 1241 de
3267 1182 3452 1243 errore
3490 1191 3584 1260 qui
3616 1191 3855 1261 irrepsit

2251 1273 2302 1328 in
2335 1273 2639 1328 Chronicon
2671 1273 2927 1339 Victoris,
2968 1276 3111 1346 quod
3142 1278 3341 1333 desinit
3372 1280 3549 1349 primo
3580 1296 3730 1339 anno
3750 1281 3857 1337 Ju-

2251 1366 2402 1431 stiui,
2429 1382 2536 1437 quo
2565 1368 2727 1422 etiam
2766 1366 2888 1422 linis
2913 1367 3196 1439 impositus
3222 1379 3306 1425 est
3336 1370 3515 1428 Fastis
3540 1374 3861 1428 consulari—

2250 1460 2372 1525 bus,
2398 1476 2461 1515 ac
2482 1459 2818 1516 Justinianus
2840 1460 3132 1530 imperator
3155 1455 3539 1519 mortalitatem
3564 1460 3853 1536 explevit;

2252 1557 2393 1606 unde
2429 1560 2482 1605 et
2522 1552 2711 1607 eodem
2741 1567 2886 1606 anno
2921 1568 3020 1608 nos
3048 1567 3262 1624 quoque
3289 1553 3446 1610 tinem
3486 1557 3649 1612 rebus
3678 1556 3860 1612 ειη-ο-

2253 1646 2512 1716 nologicis
2541 1645 2609 1700 ad
2654 1646 3028 1716 antiquitatem
3065 1647 3433 1716 spectantibus
3476 1647 3852 1718 imponemus.

2323 1738 2379 1792 5.
2414 1738 2586 1793 Priori
2631 1738 2945 1794 chronotaxi
2979 1754 3009 1793 a
3034 1738 3196 1794 Petro
3227 1755 3396 1811 usque
3422 1741 3487 1795 ad
3515 1740 3804 1813 Pelagium
3836 1743 3859 1798 l

563 1829 930 1901 Capitulorum
968 1833 1264 1896 resisteret,
1314 1847 1504 1886 rursus
1542 1830 1595 1885 in
1646 1832 1974 1885 monasterio
2007 1830 2150 1900 ejus-
2182 1803 2223 1862 Β
2253 1832 2498 1887 deductae
2522 1830 2807 1899 adjicimus
2832 1832 3145 1897 secundam,
3174 1849 3335 1903 quam
3373 1828 3635 1890 Eusebius
3659 1835 3858 1891 Caesa-

562 1922 688 1978 dcm
720 1922 957 1977 civitatis
982 1923 1365 1978 custodiendus
1404 1924 1657 1989 mittitur,
1690 1931 1851 1993 atque
1877 1925 1931 1979 iu
1960 1924 2147 1980 eadem

562 2015 929 2080 damnatione,
968 2023 1027 2069 ut
1064 2015 1271 2080 dicunt,
1312 2029 1629 2086 permanens
1667 2016 1914 2069 moritur.
1955 2036 1974 2069 ι
2007 2016 2151 2070 Prae-

563 2106 770 2161 clarum
815 2118 898 2160 est
928 2108 1030 2162 hoc
1063 2107 1249 2164 Isidori
1288 2107 1356 2162 de
1392 2108 1608 2163 Victore
1644 2106 1954 2162 Tnuuucnsi
1993 2110 2144 2164 testi-

563 2199 828 2263 monium,
868 2215 934 2254 ex
986 2216 1092 2269 quo
1138 2217 1242 2256 non
1283 2202 1452 2256 solum
1493 2212 1700 2258 constat
1744 2205 1810 2259 de
1859 2204 2145 2269 Chronico,

563 2292 658 2346 sed
691 2293 854 2346 etiam
901 2293 966 2349 de
1014 2308 1242 2365 persona
1289 2304 1343 2350 et
1384 2296 1521 2350 actis
1558 2286 1813 2360 Victoris,
1842 2297 1934 2367 qui
1984 2296 2146 2351 trium

562 2381 929 2452 Capitulormu
951 2383 1205 2440 defensor
1228 2386 1487 2452 existens,
1511 2388 1763 2442 nonnulla
1789 2404 1887 2457 pro
1912 2388 2147 2458 partium

562 2475 740 2529 studio
762 2477 1002 2532 historiae
1027 2493 1138 2533 sum
1168 2478 1462 2534 inseruisse.
1491 2479 1749 2533 creditur.
1780 2478 1958 2533 Edidit
1978 2478 2147 2534 Chro-

562 2565 721 2620 nicon
751 2567 917 2636 ipsius
948 2569 1000 2622 in
1038 2569 1318 2624 Thesauro
1351 2579 1647 2640 temporum
1679 2568 1944 2641 Josephus
1975 2568 2145 2624 Scali-

560 2672 676 2726 ger,
718 2659 857 2728 apud
887 2674 1047 2730 quem
1088 2659 1171 2713 his
1209 2661 1388 2715 verbis
1429 2660 1617 2730 incipit
1648 2679 1660 2714 :
1698 2681 1717 2712 ι
1752 2662 1907 2716 Anno
1938 2662 2147 2717 decimo

561 2756 776 2812 octavo,
807 2749 1087 2804 consulatu
1116 2750 1405 2806 Theodosii
1443 2749 1682 2807 Junioris
1717 2751 1900 2806 Victor
1934 2753 2145 2823 episco-

562 2853 664 2913 pus
706 2834 1049 2899 Tununeusis
1094 2844 1350 2900 Ecclesiae
1388 2846 1584 2900 Africa:
1630 2846 1920 2901 Historiam
1964 2863 2147 2916 prose-

562 2934 766 3003 quitur,
796 2936 884 2989 uhi
917 2934 1153 3006 Prosper
1193 2937 1427 3009 reliquit.
1468 2959 1485 2992 ι
1532 2938 1660 3006 Qua:
1691 2941 1851 2994 verba
1880 2955 1983 2995 non
2022 2948 2146 2994 sunt

563 3022 797 3081 Victoris
824 3027 1186 3094 Tmmncnsis,
1218 3031 1311 3085 sed
1338 3030 1558 3085 alterius
1580 3031 1880 3102 scriptoris,
1914 3032 2003 3103 qui
2041 3032 2145 3087 Eu-

563 3118 720 3182 sebii,
768 3120 1101 3194 Hieronymi,
1141 3122 1388 3194 Prospcri
1421 3135 1476 3179 et
1511 3125 1744 3180 Victoris
1782 3124 2049 3180 Chronica
2093 3126 2143 3179 iu

564 3229 729 3267 unum
779 3229 915 3283 npus
963 3215 1197 3285 collegit,
1249 3227 1301 3270 et
1345 3232 1464 3286 qua:
1510 3214 1829 3287 antiquioris
1865 3217 2147 3286 scriptoris

564 3301 837 3361 Chronico
873 3308 1115 3373 deerant,
1146 3325 1208 3363 ex
1251 3306 1564 3379 posterioris
1604 3310 1825 3364 historia
1858 3319 1951 3365 aut
1980 3310 2148 3366 Chro-

566 3396 688 3452 nico
712 3397 974 3467 adjunxit.
1003 3397 1148 3455 Finit
1172 3414 1296 3455 vero
1321 3401 1621 3457 CIII‘OltICOII
1643 3418 1797 3457 smun
1824 3403 1907 3458 his
1930 3404 2144 3459 verbis:

570 3506 588 3539 ι
630 3487 966 3561 Colliguntur
999 3507 1185 3545 omnes
1218 3492 1342 3545 anui
1384 3492 1450 3547 ab
1478 3492 1685 3547 Adamn
1723 3495 1899 3563 primo
1930 3495 2149 3551 homine

566 3599 736 3653 usque
792 3583 855 3637 ad
900 3582 1231 3639 nativitatem
1288 3586 1495 3640 Domini
1558 3588 1726 3641 nostri
1771 3585 1897 3642 Jcsu
1949 3587 2146 3643 Christi

566 3674 858 3728 secundum
887 3690 1122 3742 carnem,
1151 3693 1270 3746 qua:
1300 3675 1437 3733 laeta
1468 3677 1796 3743 VMCXCIX,
1815 3694 1844 3732 a
1872 3679 2152 3735 nativitate

567 3779 697 3817 vero
725 3764 935 3819 Domini
966 3768 1133 3821 nostri
1152 3765 1277 3822 Iesu
1304 3767 1528 3833 Christi,
1556 3785 1676 3839 qua:
1714 3768 1856 3824 facta
1884 3782 1967 3826 eSt
1992 3769 2150 3825 XLIII

566 3854 790 3925 Augusti
812 3856 1088 3912 Octaviani
1113 3857 1343 3914 Caesaris
1370 3860 1577 3929 imperii
1606 3875 1768 3925 anno,
1794 3876 1964 3931 usque
1982 3862 2033 3916 in
2057 3878 2152 3916 an-

567 3964 693 4001 num
721 3945 915 4003 Justiui
949 3951 1180 4020 primum
1211 3953 1470 4022 principis
1505 3951 1659 4007 Rom.
1708 3953 1799 4023 qui
1848 3952 2152 4008 Iustiniano

568 4042 618 4095 in
657 4041 882 4111 imperio
920 4045 1199 4109 successit,
1244 4046 1371 4100 anni
1413 4038 1669 4111 DXXVII,
1708 4046 1846 4100 liunt
1882 4046 2039 4101 simul
2081 4046 2150 4101 ab

563 4132 732 4191 Adam
776 4153 945 4206 usque
975 4138 1028 4192 in
1068 4154 1266 4193 annum
1306 4140 1537 4209 primum
1572 4139 1852 4194 memorati
1882 4138 2151 4208 Principis

566 4226 932 4283 Romanorum
952 4269 967 4293 ,
995 4228 1123 4282 anni
1156 4221 1574 4284 VMDCCXXVI.
1613 4249 1631 4281 ι
1668 4228 1724 4283 In
1749 4228 1945 4298 quibus
1972 4228 2150 4283 verbis

563 4328 773 4375 eertum
819 4330 903 4376 est
942 4336 1182 4376 errorem
1227 4322 1555 4392 deprehendi
1600 4321 1746 4377 circa
1791 4336 1962 4377 annos
2000 4321 2147 4392 quia

565 4404 847 4466 nativitate
887 4406 1085 4468 Christi
1128 4428 1299 4482 usque
1335 4414 1399 4467 ad
1434 4413 1796 4483 principatum
1836 4412 2033 4469 Justini
2063 4414 2146 4469 iu-

2252 1925 2448 1981 rieusis
2486 1924 2538 1979 iu
2579 1923 2862 1981 Palaestina
2900 1927 3185 1997 episcopus
3219 1927 3409 1983 Graeco
3438 1944 3690 1985 sermone
3715 1945 3863 1985 con-

2250 2017 2489 2086 scripsit,
2527 2025 2584 2071 et
2620 2014 2683 2069 D.
2728 2016 3087 2089 Hieronymus
3128 2018 3327 2089 aliique
3367 2022 3639 2090 prosecuti
3691 2031 3854 2077 sunt.

2250 2107 2328 2161 Ac
2367 2106 2602 2176 primum
2653 2107 2871 2178 quidem
2910 2108 3108 2174 locum,
3154 2119 3212 2164 ut
3254 2108 3367 2179 jam
3408 2111 3663 2176 iudicavi,
3700 2113 3862 2168 inter

2250 2198 2371 2255 illos
2409 2200 2617 2256 obtinet
2661 2200 2946 2265 Eusebius,
2980 2203 3071 2272 qui
3109 2210 3267 2257 natus
3312 2212 3396 2258 est
3436 2204 3596 2259 tertio
3637 2203 3858 2261 Christi

2250 2289 2467 2358 saeculo,
2499 2306 2607 2363 quo
2638 2294 2874 2348 nondum
2908 2294 3183 2363 perierant
3208 2294 3486 2365 complura
3514 2295 3858 2367 apostolico-

2250 2400 2371 2441 rum
2400 2386 2642 2441 virorum
2684 2386 2907 2457 scripta,
2938 2400 3003 2441 ex
3034 2388 3232 2457 quibus
3260 2388 3327 2443 de
3352 2388 3543 2458 primis
3567 2391 3858 2460 pontifici-

2250 2479 2350 2533 bus
2396 2493 2693 2548 corumque
2732 2477 2883 2533 Actis
2930 2478 3187 2548 przeclare
3234 2480 3539 2536 constabat.
3566 2480 3646 2536 Ex
3678 2481 3750 2536 iis
3780 2482 3857 2538 ab

2249 2567 2481 2623 Eusebio
2520 2567 2913 2623 Chronicorum
2949 2567 3227 2623 Canonum
3265 2570 3628 2626 omnimodam
3670 2571 3858 2627 histo-

2252 2662 2383 2716 riam
2421 2661 2676 2731 scriptam
2715 2660 2901 2726 l'uisse,
2940 2661 3096 2718 testis
3132 2671 3215 2717 est
3243 2662 3305 2717 D.
3338 2661 3716 2737 Hieronymus,
3751 2667 3853 2737 qui

2249 2753 2388 2808 libro
2413 2752 2479 2807 de
2507 2752 2878 2823 Scriptoribus
2903 2753 3285 2812 ecclesiasticis
3311 2754 3510 2811 fatetur
3540 2772 3663 2812 eam
3692 2772 3726 2811 a
3765 2774 3853 2822 se,

2250 2851 2302 2898 et
2362 2842 2657 2897 Latinitate
2710 2832 2983 2909 donatam,
3035 2852 3090 2899 et
3145 2844 3310 2900 variis
3357 2845 3408 2899 in
3452 2845 3585 2901 locis
3620 2855 3853 2903 auctam

2249 2935 2413 2989 fuisse
2443 2953 2456 2988 :
2490 2954 2507 2986 ι
2547 2934 2839 2990 Sciendum
2874 2935 3016 2990 enim
3052 2946 3157 3003 est,
3188 2956 3206 2988 ι
3238 2938 3411 3007 inquit
3441 2938 3493 2993 in
3521 2937 3858 3009 prazl'atione

2248 3029 2313 3080 ad
2340 3027 2646 3082 Chronicon
2676 3028 2912 3095 Eusebii,
2944 3049 2961 3079 ι
2991 3044 3077 3085 me
3098 3038 3153 3084 et
3179 3030 3513 3101 interpretis,
3541 3041 3595 3086 et
3615 3033 3859 3105 scripto-

2252 3121 2325 3175 ris
2354 3136 2419 3175 ex
2457 3131 2610 3190 parte
2637 3118 2811 3176 ollicio
2834 3136 2990 3177 usum
3027 3139 3039 3175 :
3073 3122 3199 3191 quia
3228 3132 3281 3178 et
3310 3121 3497 3178 Graeca
3526 3122 3859 3182 ﬁdelissime

2248 3214 2512 3284 expressi,
2549 3226 2606 3271 et
2631 3213 2909 3277 nonnulla,
2937 3229 3057 3283 qua:
3083 3215 3214 3268 mihi
3243 3215 3550 3270 intermissa
3576 3216 3857 3273 videban-

2252 3316 2353 3370 tur,
2384 3304 2576 3375 adjeci,
2617 3307 2669 3361 in
2699 3306 2944 3361 Romana
2984 3309 3220 3363 maxime
3250 3308 3500 3374 historia,
3539 3326 3704 3380 quam
3742 3311 3858 3366 Eu-

2249 3399 2452 3463 sebius,
2480 3399 2637 3469 hujus
2659 3400 2909 3453 conditor
2930 3400 3049 3454 libri
3077 3414 3181 3455 non
3206 3408 3315 3455 tam
3337 3402 3632 3473 ignorasse,
3657 3412 3860 3474 utpote

2249 3490 2669 3553 eruditissimus,
2702 3504 2863 3559 quam
2909 3498 2964 3545 ut
3010 3487 3197 3546 Graece
3235 3489 3479 3546 scribens
3507 3508 3700 3561 parum
3736 3493 3860 3549 suis

2252 3583 2616 3638 necessarium
2671 3583 3055 3651 perstrinxisse
3105 3583 3237 3637 mihi
3288 3583 3521 3638 videtur.
3571 3584 3775 3653 Itaque
3825 3601 3859 3638 a

2251 3672 2412 3738 Nino,
2442 3682 2496 3728 et
2516 3673 2792 3729 Abraham
2822 3689 2991 3743 usque
3022 3676 3089 3730 ad
3114 3674 3290 3746 Troja:
3309 3676 3677 3745 captivitatem
3712 3693 3860 3747 pura

2250 3766 2435 3821 Grzeca
2469 3766 2754 3821 translatio
2793 3777 2895 3823 est.
2937 3767 2982 3820 A
3010 3767 3169 3836 Troja
3200 3783 3372 3838 usque
3413 3771 3480 3823 ad
3520 3768 3857 3826 vicesimum

2250 3858 2591 3913 Constantini
2623 3874 2823 3914 annum
2878 3876 3021 3915 nunc
3061 3860 3273 3927 addita,
3320 3876 3463 3915 nunc
3511 3861 3673 3915 mista
3720 3871 3860 3917 sunt

2252 3949 2503 4020 plurima,
2543 3965 2664 4020 quae
2707 3950 2777 4005 de
2824 3949 3153 4020 Tranquillo,
3195 3961 3250 4006 et
3295 3953 3505 4009 caneris
3539 3952 3858 4011 illustribus

2254 4040 2536 4097 llistorieis
2572 4042 2964 4097 .Curiosissime
3018 4043 3406 4113 excerpsimus.
3441 4063 3461 4096 ι
3506 4043 3682 4100 Vocat
3748 4046 3859 4102 hoc

2250 4148 2385 4203 opus
2410 4132 2568 4202 plane
2592 4132 2897 4186 mirandum
2927 4132 3268 4188 Marcellinus
3290 4148 3499 4201 comes,
3526 4135 3717 4204 aitque
3744 4152 3856 4191 non

2251 4226 2421 4282 solum
2459 4220 2776 4291 Eusebium,
2824 4226 2916 4280 sed
2955 4234 3011 4280 et
3037 4225 3100 4280 Ι).
3131 4224 3514 4298 Hieronymum
3562 4235 3855 4284 auctorem

2250 4319 2368 4389 ejus
2396 4318 2559 4373 statui
2597 4318 2815 4375 debere.
2864 4317 2979 4385 Qua
3032 4317 3097 4373 de
3137 4334 3195 4373 re
3239 4317 3503 4374 audienda
3542 4327 3671 4373 sunt
3732 4321 3859 4391 ejus

2251 4408 2413 4463 verba
2445 4426 2458 4462 :
2490 4427 2507 4460 ι
2538 4407 2667 4463 Post
2686 4409 2991 4464 mirandum
3016 4422 3170 4479 opus,
3199 4408 3340 4479 quod
3370 4423 3400 4463 a
3424 4409 3605 4464 mundi
3633 4408 3855 4466 fabrica

566 4501 880 4557 tercessisse
906 4498 1196 4569 dicuntur;
1226 4504 1296 4559 ab
1320 4520 1462 4561 anno
1490 4505 1635 4561 enim
1680 4504 1751 4560 45
1781 4505 2008 4577 Augusti
2045 4506 2148 4561 im-
2178 4528 2225 4588 υ
2254 4516 2423 4570 usque
2464 4500 2516 4554 in
2564 4500 2974 4556 Constantinum
3015 4500 3314 4569 principem
3361 4500 3626 4556 Eusebius
3663 4499 3857 4558 Caesa-

565 4592 849 4661 peratoris,
880 4610 987 4663 quo
1036 4592 1237 4651 Christi
1284 4597 1538 4651 uativitas
1583 4612 1612 4652 a
1644 4595 1862 4655 Victore
1906 4597 2145 4667 ponitur,

566 4701 737 4757 usque
784 4686 851 4741 ad
895 4687 1128 4757 primum
1176 4704 1374 4744 annum
1422 4681 1638 4756 Justini,
1675 4689 1953 4762 quingenti
1995 4707 2151 4747 sexa-

565 4779 713 4848 ginta
754 4788 959 4851 septem
1009 4782 1614 4849 atmijntercesserunt,
1656 4801 1761 4840 non
1808 4794 1988 4841 autem
2019 4788 2149 4843 anni

566 4871 830 4926 duntaxat
874 4870 1150 4944 quingenti
1198 4874 1385 4944 viginti
1433 4883 1658 4944 septem,
1714 4885 1772 4929 ut
1823 4876 2053 4931 habetur
2090 4877 2145 4932 in

568 4959 746 5015 verbis
774 4977 936 5033 supra
969 4962 1170 5019 citatis.
1206 4963 1359 5019 Ilunc
1402 4972 1581 5020 autem
1623 4980 1865 5021 errorem
1905 4966 2038 5021 vitio
2069 4976 2150 5021 ta-

567 5050 914 5107 bellariorum
969 5053 1250 5125 irrepsisse
1297 5063 1579 5126 putarem,
1636 5072 1864 5113 numero
1903 5056 1947 5111 L
1999 5057 2054 5111 in
2103 5055 2152 5110 Χ

568 5150 797 5196 mutato.
838 5143 1093 5211 Quamvis
1134 5148 1278 5203 enim
1326 5148 1547 5204 ultimus
1588 5165 1852 5204 annorum
1893 5165 2152 5205 numerus

567 5234 637 5289 ab
676 5236 846 5290 Adam
898 5252 1066 5308 usque
1118 5239 1170 5295 in
1221 5243 1453 5311 primum
1498 5241 1693 5298 Justini
1754 5257 1955 5297 annum
2008 5243 2148 5313 apud

568 5323 841 5381 Victorem
886 5325 1191 5395 adjunctus,
1242 5333 1608 5401 supradictum
1658 5348 1903 5388 errorem
1949 5332 2150 5388 Victori

568 5418 731 5473 tribui
755 5419 950 5473 debere
973 5420 1179 5486 innuat,
1205 5421 1256 5476 id
1280 5431 1454 5479 tamen
1478 5439 1583 5479 non
1609 5439 1932 5497 magnopere
1954 5440 2152 5480 curau-

566 5510 693 5563 dum
731 5509 964 5574 videtur,
1009 5526 1129 5565 cum
1171 5512 1347 5582 primo
1392 5530 1618 5572 numero
1663 5515 1831 5572 semel
1870 5526 2149 5588 corrupto,

565 5602 836 5671 posterior
876 5619 906 5657 a
963 5603 1257 5663 tabellariis
1298 5607 1363 5660 ad
1421 5608 1654 5678 priorem
1705 5611 2149 5666 accommodatus

565 5693 832 5749 videatur.
874 5694 1024 5762 Quod
1057 5707 1238 5752 autem
1269 5696 1399 5753 vitio
1427 5698 1861 5766 tabellariorum,
1889 5716 1994 5757 non
2019 5716 2148 5755 vero

571 5788 801 5847 Victoris
825 5792 1164 5849 Tununensis
1192 5792 1279 5847 hic
1310 5805 1463 5849 error
1488 5792 1542 5847 in
1574 5793 1878 5849 Chronicon
1919 5793 2145 5864 irrepse-

2256 4592 2450 4648 riensis
2504 4592 2662 4662 hujus
2711 4592 2891 4648 saeculi
2942 4592 3245 4664 originem,
3304 4600 3581 4664 tempora,
3640 4607 3850 4663 annos,

2257 4701 2417 4756 regna
2444 4687 2780 4756 virtutesque
2801 4684 3133 4751 mortalium,
3159 4694 3215 4741 et
3235 4686 3505 4741 variarum
3532 4686 3741 4743 artium
3768 4704 3857 4744 re-

2253 4787 2520 4849 pertores,
2542 4779 2889 4848 omniumque
2910 4792 3047 4848 pene
3066 4777 3466 4849 provinciarum
3489 4789 3856 4835 monumenta

2254 4886 2686 4925 commemorans
2728 4869 2918 4925 Grzeco
2947 4872 3117 4927 edidit
3157 4870 3297 4943 ston
3325 4880 3616 4941 nosterque
3653 4871 3858 4927 Hiero.

2258 4974 2451 5031 uymus
2482 4959 2753 5013 transtulit
2784 4960 2837 5014 in
2867 4959 3141 5027 Latinum,
3172 4968 3227 5015 et
3264 4976 3434 5032 usque
3473 4961 3526 5015 iu
3555 4959 3854 5017 Valentem

2256 5052 2526 5108 Caesarem
2578 5049 2823 5106 Romano
2870 5051 3071 5121 adjecit
3116 5053 3353 5123 eloquio.
3396 5054 3563 5124 Igitur
3611 5063 3856 5125 uterque

2255 5141 2417 5213 hujus
2452 5142 2631 5212 operis
2669 5150 2878 5196 auctor.
2911 5163 2930 5195 ι
2963 5143 3139 5215 Atque
3189 5146 3305 5201 haec
3333 5144 3550 5214 quidem
3598 5144 3666 5200 de
3714 5162 3855 5216 pra:-

2257 5233 2450 5289 stantia
2484 5231 2736 5289 Chronici
2765 5233 3071 5299 Eusebiani,
3106 5235 3172 5290 de
3215 5251 3320 5305 qua
3352 5236 3505 5307 plura
3541 5235 3644 5289 alia
3676 5239 3855 5294 adde-

2258 5342 2377 5381 mus
2430 5336 2711 5397 postquam
2775 5328 3026 5382 nonnulla
3079 5328 3445 5384 notaverimus
3498 5328 3565 5383 de
3619 5327 3857 5385 Eusebii

2252 5424 2508 5487 Historia,
2546 5423 2631 5479 cui
2661 5422 2830 5477 series
2861 5436 3075 5491 quoque
3098 5420 3412 5490 pontiﬁcum
3442 5421 3646 5476 inserta
3691 5436 3854 5493 repe-

2255 5518 2410 5572 ritur.
2442 5516 2634 5572 Exstat
2666 5516 2718 5570 in
2754 5514 2988 5571 Archivo
3023 5513 3260 5570 basilica:
3284 5513 3543 5584 principis
3568 5514 3849 5584 apostolo~

2254 5626 2371 5664 rum
2400 5610 2466 5665 de
2491 5607 2635 5665 Urbe
2668 5624 2767 5664 ms.
2805 5608 2971 5663 codex
3013 5608 3287 5677 antiquus,
3319 5607 3410 5676 qui
3456 5606 3599 5661 hunc
3622 5607 3844 5662 titulum

2252 5702 2457 5756 habet:
2497 5699 2565 5755 In
2612 5699 2804 5754 Christi
2848 5698 3053 5753 nomine
3098 5698 3275 5769 incipit
3333 5694 3569 5751 Historia
3618 5696 3843 5752 Ecule-

2249 5794 2482 5860 siastica,
2523 5809 2680 5865 quam
2718 5789 2774 5848 S.
2819 5790 3167 5862 Hieronymus
3206 5789 3572 5846 deoChrom'co
3621 5788 3841 5844 Eusebii
