4010 6302
163 383 261 437 161

823 377 1246 452 SCHELESTH.
1289 379 1599 435 DISSERT.
1644 379 1732 434 DE
1765 378 1993 448 ANTIQ.
2039 379 2203 436 R031.
2245 376 2445 435 PONT.
2489 381 2831 438 CATALOG.

3343 383 3446 438 169..

159 497 516 553 C(rsariensis
555 493 856 549 Pallestina:
894 495 957 548 de
989 491 1170 548 (ἔναιεο
1217 495 1483 548 transtulit
1523 496 1578 547 in
1621 493 1764 547 Lati-
1793 505 1840 560 Α
1869 494 2134 563 peratoris
2183 494 2541 560 Constantini,
2588 495 2728 564 quod
2771 511 2836 548 xx
2882 494 2997 562 ejus
3045 495 3254 566 imperii
3304 514 3448 555 anno

162 606 293 643 nam
338 589 409 641 ad
444 586 809 640 Chromatium
849 585 1163 654 episcOpum.
1196 583 1416 646 Verum,
1450 595 1505 637 ιιι
1543 585 1762 655 quidam

161 681 334 749 hujus
366 678 488 733 libri
521 691 800 748 possessor
831 676 882 729 in
913 677 1154 746 margine
1186 677 1414 740 notavit,
1450 667 1622 730 versio
1659 691 1764 729 non

164 782 249 828 est
272 774 338 827 ι).
366 769 703 838 Hieronymi,
733 767 827 823 sed
854 768 1031 821 Ruﬁni
1056 768 1416 837 Aquileiensis
1441 769 1761 838 presbyteri,

167 865 258 934 qui
289 880 416 918 eam
441 862 595 930 jussu
624 860 922 916 Chromatii
949 861 1308 930 Aquileiensis
1335 861 1570 930 episc0pi
1613 860 1761 926 fecit,

167 966 226 1010 ut
249 971 322 1009 ex
353 952 672 1024 prmfatione
697 959 864 1020 patet,
893 959 947 1004 et
989 952 1231 1006 eamdem
1261 951 1539 1009 historiam
1576 966 1763 1022 prose-

166 1055 328 1100 cutus
361 1052 470 1108 est,
497 1052 554 1094 ut
578 1049 697 1110 post
727 1041 923 1094 librum
953 1056 1026 1099 ιχ,
1053 1041 1103 1093 in
1129 1057 1235 1108 quo
1261 1039 1521 1094 Eusebius
1547 1040 1762 1103 desinit,

167 1138 219 1190 in
251 1136 448 1190 codice
484 1150 587 1189 ms.
623 1133 836 1187 additur
868 1147 881 1185 :
921 1152 939 1182 ‹
975 1132 1262 1203 [lucusque
1295 1134 1553 1188 Eusebius
1582 1149 1762 1188 rerum

169 1229 221 1297 in
273 1226 522 1282 Ecclesia
579 1235 851 1294 gestarum
907 1223 1219 1277 memoriam
1270 1223 1507 1277 tradidit.
1558 1222 1765 1277 Caetera

169 1333 319 1380 vero,
359 1333 487 1385 qua:
533 1329 702 1383 usque
749 1313 815 1367 ad
858 1329 1096 1383 praesens
1143 1323 1352 1384 tempus
1395 1329 1490 1381 per
1518 1314 1763 1368 ordinem

171 1409 533 1462 subsecutum
579 1414 725 1470 sunt,
778 1421 896 1474 qua:
920 1404 1002 1458 vel
1027 1405 1078 1457 in
1103 1402 1365 1471 majorum
1390 1404 1583 1458 litteris
1616 1420 1766 1472 repe-

174 1500 344 1552 rimus
377 1497 460 1551 vel
510 1505 694 1550 nostra
728 1494 984 1548 memoria
1026 1494 1270 1555 adscivit,
1317 1492 1493 1546 Patris
1524 1493 1764 1564 religiosi

172 1588 462 1658 pra‘ceptis
487 1595 542 1640 et
575 1586 628 1638 in
655 1586 759 1638 hoc
799 1593 1070 1654 parentes,
1114 1599 1218 1653 qua
1254 1583 1553 1653 poterimus
1589 1584 1767 1636 brevi-

175 1690 302 1744 tate,
333 1679 621 1732 addemus.
652 1696 669 1728 ι
704 1675 828 1731 Haec
855 1675 1101 1740 Ruﬁnus,
1132 1676 1222 1744 qui
1259 1675 1394 1730 duos
1427 1675 1594 1729 libros
1628 1675 1766 1742 adje-

176 1773 264 1834 cit,
295 1782 353 1824 et
382 1785 552 1839 usque
580 1770 646 1823 ad
674 1768 960 1822 Theodosii
993 1767 1221 1823 senioris
1247 1767 1450 1822 obitum
1483 1767 1762 1822 historiam

1866 585 2191 639 celebratum
2223 584 2388 639 fuisse
2418 603 2521 639 non
2567 586 2736 640 solum
2776 595 2918 656 patet
2954 602 3020 640 ex
3062 587 3205 653 aliis,
3236 592 3330 645 sed
3378 608 3446 647 ex

1868 677 1982 748 ipso
2026 694 2239 747 quoque
2284 678 2514 732 Eusebio
2557 679 2652 734 lib.
2698 696 2778 743 ιιι,
2826 681 2891 733 de
2931 679 3046 734 Vita
3086 680 3445 750 Constantini,

1867 784 1984 835 cap.
2010 769 2091 822 14.
2113 768 2260 823 Adeo
2294 778 2351 823 ut
2377 785 2442 824 ex
2474 770 2556 825 bis
2583 769 2834 824 omnibus
2860 783 3117 841 appareat
3140 773 3446 831 Chronicon

1795 913 1801 919 ,
1867 860 2080 915 Eusebii
2121 861 2276 915 valde
2318 870 2628 932 corruptum
2669 864 2734 916 ad
2781 879 2973 917 rnanus
3012 875 3226 919 nostras
3256 882 3447 934 perve-

1867 953 2031 1018 nisse,
2072 968 2244 1022 neque
2285 954 2353 1008 ab
2400 955 2512 1022 ipso
2553 956 2767 1024 quidem
2799 955 3147 1026 Hieronymo,
3172 959 3263 1028 qui
3297 959 3446 1028 plura

1867 1045 1932 1098 de
1971 1059 2070 1098 suo
2111 1045 2336 1108 addidit,
2373 1044 2537 1100 fuisse
2578 1047 2731 1115 plene
2761 1047 2830 1101 ab
2858 1048 3134 1104 erroribus
3164 1062 3447 1121 purgatum

1867 1144 1960 1189 aut
1988 1136 2194 1192 veritati
2225 1151 2337 1190 sua:
2363 1137 2558 1205 ubique
2596 1139 2928 1192 restitutum.

1936 1226 1990 1278 5.
2033 1225 2321 1279 Enimvero
2367 1243 2486 1295 qua:
2539 1229 2696 1282 modo
2742 1237 2956 1282 exstant
3010 1230 3060 1284 in
3114 1231 3450 1288 bibliothecis

1869 1314 2230 1384 manuscripta
2279 1315 2542 1370 Chronica
2585 1317 2821 1380 Eusebii,
2871 1318 2985 1374 fere
3031 1322 3211 1374 omnia
3259 1321 3448 1376 Latina
3487 1387 3489 1390 η

1867 1416 1991 1460 sunt
2027 1422 2093 1460 ex
2129 1408 2378 1461 versione
2420 1409 2477 1462 D.
2517 1407 2844 1480 Hieronymi,
2883 1412 2972 1478 qui
3019 1413 3162 1465 aliud
3207 1415 3271 1468 ab
3307 1429 3450 1470 anno

1867 1497 2124 1552 vicesimo
2149 1497 2505 1562 Constantini,
2537 1500 2588 1553 in
2630 1516 2736 1569 quo
2774 1502 2984 1555 Eusebii
3011 1504 3314 1560 Chronicon
3352 1507 3449 1560 de-

1867 1591 2013 1651 sinit,
2059 1607 2227 1660 usque
2271 1593 2336 1645 ad
2385 1591 2718 1647 consulatum
2760 1594 2996 1648 Valentis
3031 1595 3092 1650 Vl
3126 1607 3180 1650 et
3213 1597 3450 1652 Valenti-

1867 1683 2011 1736 niani
2036 1682 2078 1736 ll
2106 1685 2468 1754 Augustorum
2492 1693 2810 1755 prosccutus
2833 1695 2932 1741 est.
2961 1689 3097 1742 Sunt
3120 1691 3208 1758 qui
3257 1700 3450 1760 putant

1869 1772 1930 1826 D.
1967 1773 2348 1845 Hieronymum
2399 1775 2687 1830 Eusebiani
2728 1776 2980 1833 Chronici
3019 1781 3446 1849 supplen‘tentum

176 1860 600 1916 ecclesiasticam
634 1859 901 1927 perduxit.
940 1858 1112 1928 Atque
1148 1857 1261 1912 haec
1304 1858 1368 1910 de
1397 1856 1632 1914 Historia
1665 1858 1763 1912 Eu-
1797 1860 1837 1918 Β
1866 1866 2149 1936 scripsisse
2197 1868 2247 1920 in
2299 1866 2525 1936 juvenili
2584 1877 2770 1932 :etate,
2818 1871 3058 1940 adeoque
3109 1873 3235 1927 illud
3291 1884 3450 1929 tanta:

177 1953 328 2015 sebii,
363 1948 780 2018 redeamusjam
821 1951 886 2004 ad
918 1949 1034 2018 ejus
1063 1949 1388 2005 Chronicon.

245 2049 295 2100 4.
336 2047 576 2098 Exstant
599 2043 887 2098 Eusebiani
914 2041 1162 2096 Chronici
1187 2043 1452 2097 editiones
1480 2042 1766 2113 quamplu-

179 2139 344 2202 rinue,
383 2139 438 2190 in
469 2135 666 2204 quibus
695 2134 1023 2188 adnotantur
1055 2133 1178 2186 anni
1215 2133 1434 2197 Christi,
1475 2148 1610 2202 quos
1642 2149 1762 2187 cer-

183 2244 285 2284 tum
321 2238 401 2284 est
453 2244 554 2282 nec
580 2228 648 2281 ab
686 2226 915 2280 Eusebio
944 2225 1147 2294 positos
1173 2241 1271 2279 nec
1301 2240 1329 2278 a
1356 2225 1414 2278 ι).
1443 2224 1765 2295 Hieronymo

184 2322 407 2382 additos,
434 2317 868 2387 quandoquidem
893 2317 980 2370 hic
1004 2317 1191 2370 modus
1213 2315 1527 2368 numerandi
1546 2324 1764 2370 auctore

185 2411 438 2482 Dionysio
471 2409 680 2479 Exiguo
709 2408 940 2477 primum
981 2406 1317 2460 introductus
1354 2406 1423 2459 sit
1455 2416 1572 2474 post
1597 2422 1767 2460 srccu-

187 2506 282 2557 lum
309 2504 587 2574 quintum,
622 2513 859 2570 tempore
890 2497 1177 2553 Iustiniani
1209 2498 1546 2566 imperatoris
1579 2516 1592 2550 :
1627 2499 1766 2553 unde

185 2608 231 2651 et
267 2598 319 2650 in
365 2594 738 2666 manuscripto
763 2591 947 2645 codice
993 2589 1288 2643 Amandino
1331 2605 1592 2659 nusquam
1637 2589 1762 2642 anni

184 2693 377 2746 Christi
419 2699 697 2745 notantur.
735 2687 1071 2741 Exhibentur
1105 2693 1280 2738 tamen
1320 2685 1369 2737 in
1406 2675 1534 2738 mss.
1568 2685 1765 2738 codici-

183 2785 277 2838 bus
299 2783 432 2837 anni
474 2783 879 2851 imperatorum,
911 2775 1105 2846 quibus
1137 2776 1268 2828 adeo
1296 2785 1500 2829 eertum
1528 2785 1612 2828 est
1644 2786 1764 2829 acta

187 2879 437 2931 adnotata
487 2873 655 2928 fuisse
703 2871 769 2925 ab
820 2869 1074 2938 antiquis,
1128 2878 1186 2922 nt
1238 2868 1350 2938 ipse
1403 2867 1663 2922 Eusebius
1710 2868 1762 2921 in

189 2968 414 3022 Historia
442 2963 807 3019 ecclesiastica
837 2960 1033 3032 passim
1061 2975 1158 3029 per
1181 2975 1351 3013 annos
1380 2959 1763 3032 imperatorum

189 3060 420 3128 assignet
469 3035 834 3109 Romanorum
887 3050 1197 3122 pontificum
1250 3058 1510 3118 tempora,
1548 3060 1600 3104 et
1649 3050 1767 3102 illu-

189 3149 375 3202 striora
407 3146 510 3201 sub
551 3144 682 3214 ipsis
717 3144 769 3196 in
803 3142 1036 3196 Ecclesia
1075 3150 1243 3210 gesta.
1280 3139 1415 3194 Hine
1458 3148 1511 3195 et
1548 3141 1762 3196 Eusebii

1867 1958 2211 2012 auctoritatis
2250 1961 2576 2014 censendum
2619 1975 2722 2014 non
2756 1977 2896 2016 esse.
2936 1961 3253 2032 Opinionem
3296 1981 3446 2019 suam

1865 2049 2190 2104 conﬁrmare
2235 2060 2457 2119 possunt
2500 2051 2565 2105 iis
2608 2053 2923 2117 rationibus,
2956 2055 3150 2124 quibus
3187 2056 3451 2111 Baronius

1865 2142 1931 2196 ad
1970 2158 2166 2196 annum
2199 2142 2306 2197 420
2334 2153 2610 2213 permotus
2643 2145 3025 2216 Hieronymum
3057 2151 3449 2216 septuagesimo

1864 2240 2055 2286 octavo
2079 2235 2250 2288 aetatis
2286 2250 2427 2288 anno
2466 2234 2663 2289 obiisse
2701 2237 2941 2291 tradidit.
2973 2236 3106 2293 Cum
3139 2238 3282 2294 enim
3317 2255 3451 2293 con-

1866 2329 1970 2376 stet
2005 2323 2143 2377 inter
2178 2338 2365 2376 omnes
2403 2325 2463 2378 D.
2499 2325 2882 2395 Hieronymum
2930 2329 3071 2382 circa
3119 2345 3314 2384 annum
3346 2330 3453 2384 4:20

1864 2411 2084 2476 obiisse,
2117 2420 2166 2467 et
2200 2413 2312 2482 ipse
2343 2413 2701 2484 Hieronymus
2725 2417 2994 2472 Chronico
3029 2434 3127 2472 suo
3158 2422 3314 2474 finem
3350 2423 3450 2473 im-

1864 2504 2104 2572 posuerit
2132 2518 2272 2556 auno
2299 2502 2534 2557 Valentis
2558 2504 2694 2569 XIV,
2727 2508 2816 2575 qui
2849 2523 2971 2560 cum
2999 2525 3144 2566 anno
3165 2511 3290 2574 577,
3323 2527 3450 2565 coa-

1866 2590 2071 2655 eurrit,
2119 2601 2542 2660 consequeretur
2593 2595 2810 2648 omnino
2865 2596 3248 2669 Hieronymum
3305 2601 3450 2655 circa

1867 2696 2064 2734 annum
2098 2682 2429 2736 tricesimum
2465 2685 2709 2752 quintum
2742 2688 2914 2741 aetatis
2942 2691 3245 2746 Chronicon
3274 2695 3454 2749 absol-

1865 2771 2025 2826 visse.
2065 2771 2257 2826 Verum
2298 2784 2653 2844 przcterquam
2694 2777 2836 2847 quod
2888 2779 3193 2837 tricesimus
3228 2786 3451 2852 quintus

1865 2880 2036 2918 annus
2073 2867 2194 2919 vita:
2223 2867 2327 2923 dici
2377 2884 2480 2921 non
2528 2870 2698 2938 possit
2729 2871 2982 2940 juvenilis
3022 2876 3220 2940 aetatis,
3268 2888 3456 2932 notant

1866 2957 1954 3010 alii
1993 2958 2131 3012 haud
2164 2959 2297 3014 adeo
2333 2971 2540 3014 certum
2578 2977 2696 3016 esse
2740 2964 2880 3032 quod
2923 2964 3184 3021 Batonius
3219 2969 3455 3037 proban-

1867 3049 1992 3106 dum
2047 3053 2314 3120 suscepit,
2369 3051 2751 3122 Hieronymum
2800 3057 3005 3112 scilicet
3057 3062 3454 3130 septuagesimo

1867 3149 2058 3196 octavo
2087 3142 2262 3196 mtatis
2289 3159 2432 3196 anno
2471 3143 2687 3198 obiisse.
2731 3145 2984 3212 Quinimo
3017 3149 3067 3202 id
3100 3151 3274 3220 rejicit
3303 3169 3454 3207 com-

190 3241 492 3295 Chronicon
525 3253 623 3308 per
663 3251 832 3290 annos
875 3235 1257 3304 imperatorum
1295 3232 1606 3296 exhibituri,
1649 3250 1766 3287 eer-
1793 3221 1836 3282 C
1869 3232 2046 3286 munis
2071 3234 2428 3288 recentiorum
2457 3238 2720 3288 sententia
2761 3239 2827 3291 ob
2870 3248 2976 3294 tres
3000 3242 3336 3310 potissimum
3367 3261 3454 3298 ra-

194 3343 291 3386 tam
329 3331 488 3400 juxta
544 3328 866 3384 sententiam
918 3325 1132 3380 Eusebii
1183 3324 1546 3377 Romanorum
1592 3324 1769 3393 ponti-

196 3423 342 3477 ficum
372 3420 639 3490 epocham
669 3418 974 3486 ﬁgeremus,
1015 3416 1058 3470 si
1095 3423 1298 3469 certum
1330 3425 1384 3469 et
1415 3416 1564 3469 fidele
1603 3415 1766 3470 Euse-

193 3513 324 3566 biani
348 3510 610 3566 Chronici
632 3508 905 3577 exemplar
923 3507 1159 3561 nancisci
1179 3503 1553 3577 potuissemus.
1569 3507 1768 3561 Verum

193 3621 303 3658 etim
344 3603 716 3672 manuscripta
767 3617 885 3668 qua:
936 3599 1120 3654 Roma:
1171 3598 1424 3661 vidimus,
1471 3597 1769 3651 recentiora

194 3697 311 3760 sint,
352 3708 412 3754 et
458 3697 764 3766 antiquiora
812 3694 937 3748 alibi
999 3703 1210 3747 servata
1260 3692 1419 3744 etiam
1463 3689 1672 3745 varient
1717 3690 1770 3745 in

196 3795 439 3849 notandis
474 3793 860 3860 imperatorum
893 3787 1070 3846 annis,
1111 3786 1356 3852 idemque
1387 3784 1635 3837 observet
1659 3783 1768 3836 Au-

195 3887 372 3940 bertus
404 3883 622 3938 Mirazus
649 3883 714 3934 de
743 3895 870 3934 mss.
904 3876 1179 3932 codicibus
1209 3874 1597 3944 Aquicinctinis
1619 3872 1772 3927 Orte-

196 3975 345 4031 lianis
386 3984 442 4030 et
482 3971 793 4041 Lipsianis:
832 3969 958 4038 quin
991 3966 1152 4022 etiam
1193 3981 1312 4018 cum
1352 3964 1513 4018 editio
1549 3962 1770 4016 Arualdi

197 4065 407 4121 Pontaci
441 4061 764 4116 Vazatensis
787 4057 1022 4128 episcopi
1059 4073 1125 4110 ex
1161 4055 1403 4124 pluribus
1431 4069 1556 4107 mss.
1589 4068 1772 4107 exem-

198 4158 430 4228 plaribus
471 4154 810 4215 elucubrata,
849 4167 878 4204 a
921 4147 1176 4219 Scaligeri
1219 4147 1454 4202 editione
1485 4146 1771 4215 plurimum

199 4247 426 4310 dichrat,
459 4253 611 4319 patet
652 4240 894 4312 profecto
935 4237 1186 4293 vacillare
1223 4236 1465 4291 codicum
1506 4245 1559 4289 et
1588 4235 1774 4289 editio-

203 4355 315 4391 num
345 4330 748 4398 auc‘toritatem,
777 4332 1016 4402 nihilque
1045 4331 1177 4385 certi
1201 4345 1264 4384 ex
1291 4329 1355 4383 iis
1377 4327 1562 4382 haberi
1594 4342 1770 4398 posse.

204 4426 362 4483 Docet
399 4427 452 4480 id
487 4425 650 4480 editio
691 4423 856 4493 ipsius
902 4421 1084 4484 Mirari,
1130 4434 1250 4490 quae
1292 4419 1473 4481 habet,
1519 4425 1774 4486 regnante

204 4517 334 4571 ilio
383 4516 671 4572 Pertinace
715 4511 983 4568 Victorem
1039 4512 1340 4579 suscepisse
1383 4509 1771 4579 episcopatum,

207 4609 288 4663 ubi
319 4610 434 4678 ipse
465 4605 727 4660 Eusebius
755 4604 892 4658 libro
922 4620 951 4656 v
981 4602 1258 4663 Historize,
1286 4602 1460 4670 capite
1491 4599 1578 4659 20.
1615 4601 1776 4652 tradit

209 4698 570 4758 Eleutherium
605 4697 803 4751 abiisse
831 4695 1037 4749 decimo
1066 4709 1206 4747 anno
1234 4692 1508 4747 Commodi
1547 4694 1776 4760 impera-

214 4797 354 4855 toris,
388 4794 562 4847 tribus
591 4791 746 4844 annis
777 4798 1062 4858 antequam
1098 4787 1273 4841 lElius
1299 4787 1550 4840 Pertinax
1579 4785 1642 4838 ad
1674 4786 1775 4838 im-

215 4884 409 4954 perium
443 4880 702 4952 pervenit,
733 4887 788 4933 et
819 4890 943 4932 tunc
972 4892 1185 4948 quoque
1218 4877 1520 4930 Eleutherio
1560 4890 1771 4930 succes-

216 4975 337 5029 sisse
369 4974 659 5029 Victorem.
688 4970 861 5025 Habet
888 4969 1038 5040 plura
1065 4967 1258 5023 similia
1283 4966 1585 5021 Chronicon
1616 4965 1778 5019 Euse-

217 5067 302 5128 bii,
340 5081 461 5136 qua:
505 5070 743 5135 pugnant
778 5077 900 5117 cum
950 5061 1013 5115 iis
1047 5075 1164 5128 qua:
1208 5059 1490 5112 traduntur
1529 5058 1578 5110 in
1612 5058 1776 5125 ipsius

217 5153 478 5219 Historia;
510 5153 638 5222 quin
671 5152 832 5205 etiam
863 5149 965 5204 alia
997 5163 1115 5218 qua:
1150 5147 1482 5202 correctione
1519 5146 1775 5215 indigent,

220 5259 270 5302 ut
296 5263 356 5301 ea
384 5261 504 5316 qua:
535 5243 699 5300 refert
729 5245 794 5298 de
833 5241 1146 5297 Marcellino
1179 5249 1234 5294 et
1271 5239 1517 5294 Marcello
1548 5254 1776 5309 quorum

220 5341 542 5411 temporibus
577 5337 775 5400 ﬂoruit,
811 5352 947 5406 quos
989 5343 1166 5388 tamen
1204 5348 1298 5403 pro
1335 5349 1442 5387 uno
1487 5332 1778 5400 eodemque

219 5429 460 5497 pontifice
489 5428 686 5499 insigni
713 5440 898 5481 errore
929 5422 1132 5477 habuit.
1168 5419 1309 5474 Finit
1339 5420 1562 5474 subinde
1599 5420 1780 5489 ponti-

225 5519 430 5573 licatum
463 5518 774 5574 Melcbiadis
807 5531 948 5571 anno
969 5531 1028 5570 ιιι
1053 5511 1407 5576 Constantini,
1431 5527 1550 5565 cum
1573 5519 1782 5566 constet

225 5625 357 5664 anno
385 5627 459 5666 vn
491 5621 584 5664 alii.
611 5627 702 5664 vru
730 5610 1065 5666 Constantini
1097 5608 1198 5663 sub
1226 5602 1516 5660 Melchiadc
1538 5603 1777 5660 celebra-

227 5711 332 5754 tum
377 5703 541 5758 fuisse
584 5704 881 5758 Romanum
929 5703 979 5756 in
1028 5715 1190 5756 causa
1233 5696 1422 5752 Donati
1471 5696 1774 5752 concilium.

231 5787 372 5845 l‘unit
404 5794 633 5864 denique
659 5791 927 5846 Niczenum
957 5791 1238 5845 concilium
1275 5791 1340 5845 ad
1360 5804 1556 5841 annum
1593 5802 1658 5840 xv
1683 5785 1782 5840 im-

1871 3322 2060 3384 tiones,
2112 3340 2337 3394 quarum
2371 3327 2539 3393 prima
2591 3343 2654 3381 ex
2704 3330 2882 3383 verbis
2933 3331 3101 3400 ipsius
3138 3333 3450 3406 Hieronymi

1870 3411 2185 3476 desumitur,
2216 3419 2397 3483 utpote
2431 3431 2494 3472 ex
2525 3417 2718 3485 quibus
2751 3418 3030 3485 habemus,
3067 3421 3450 3494 Hieronymum

1871 3519 1975 3558 non
2023 3505 2187 3558 semel
2233 3520 2290 3560 se
2334 3521 2552 3570 senem,
2599 3507 2954 3580 Augustinum
3006 3527 3134 3567 vero
3179 3512 3450 3583 jnniorem

1870 3608 2112 3648 vovasse.
2141 3594 2272 3648 Cum
2304 3596 2447 3650 enim
2479 3605 2691 3652 constet
2715 3597 2770 3653 S.
2800 3600 3155 3670 Augustinum
3181 3619 3323 3658 anno
3346 3604 3453 3658 450

1872 3685 2106 3754 vulgaris
2132 3701 2274 3750 terte,
2306 3687 2482 3741 (etatis
2526 3704 2651 3743 vero
2695 3705 2803 3744 sum
2843 3694 3242 3762 septuagesimo
3273 3703 3450 3759 sexto,

1871 3775 2127 3846 llippome
2168 3777 2219 3830 in
2256 3776 2438 3831 Africa
2480 3779 2713 3844 obiisse,
2751 3782 2792 3835 si
2825 3781 2887 3834 D.
2920 3782 3281 3854 Hieronymus
3311 3801 3454 3839 anno

1870 3869 1974 3922 420
2001 3878 2052 3923 et
2081 3869 2257 3923 aetatis
2287 3885 2397 3923 Siue
2424 3874 2818 3940 septuagesimo
2847 3883 3040 3929 octavo
3071 3877 3454 3930 mortalitatem

1871 3960 2222 4028 explevisset,
2278 3970 2483 4014 tantum
2540 3964 2816 4017 duodecim
2877 3967 3031 4020 annis
3086 3977 3210 4021 natu
3281 3967 3456 4036 major

1871 4051 2172 4120 Augustino
2202 4050 2390 4104 fuisset
2425 4051 2804 4124 Hieronymus,
2835 4057 2903 4108 ob
2935 4072 3162 4124 quorum
3187 4075 3454 4113 annorum

1873 4139 2232 4198 differentiam
2267 4139 2407 4193 idem
2452 4140 2810 4212 Hieronymus
2843 4161 3118 4213 nunquam
3155 4162 3216 4203 se
3247 4164 3452 4213 senem,

1873 4231 2226 4301 Augustinum
2275 4245 2404 4288 vero
2436 4230 2688 4299 juvenem
2741 4234 2984 4293 dixisset.
3029 4236 3275 4292 Secunda
3318 4240 3458 4292 ratio

1874 4321 2172 4376 desmnitur
2201 4336 2264 4375 ex
2305 4322 2616 4377 testimonio
2661 4323 2718 4378 S.
2760 4325 3030 4402 Prosperi,
3070 4329 3130 4382 D.
3174 4329 3458 4400 Augustini

1875 4415 2142 4486 discipuli,
2175 4415 2266 4486 qui
2309 4417 2360 4469 iu
2405 4415 2674 4471 Chronico
2702 4434 2801 4474 suo
2829 4421 3050 4478 adnotat
3079 4431 3286 4492 tempus
3315 4424 3460 4478 uati-

1877 4509 2058 4562 vitatis
2085 4519 2138 4562 et
2172 4509 2350 4568 obitus
2385 4511 2446 4563 D.
2479 4510 2806 4584 Hieronymi.
2837 4514 2912 4568 lta
2945 4517 3086 4570 enim
3122 4517 3282 4572 habet
3302 4517 3457 4586 juxta

1876 4600 2116 4653 codicem
2167 4599 2541 4655 Lodonensem
2599 4604 2740 4672 apud
2792 4604 3084 4660 Pontacum
3141 4623 3154 4660 :
3200 4608 3366 4666 Basso
3412 4619 3460 4662 et

1878 4691 2090 4745 Ablnvio
2115 4690 2446 4755 Consulibus,
2475 4692 2826 4765 Hieronymus
2850 4700 3100 4752 nascitur.
3125 4698 3188 4778 Et
3212 4699 3263 4752 in
3286 4700 3463 4752 omni-

1881 4783 1980 4836 bus
2024 4783 2424 4854 tnauuscriptis,
2474 4795 2529 4838 et
2573 4786 2772 4841 editis:
2807 4786 3158 4858 Hieronymus
3197 4790 3462 4859 presbyter

1881 4876 2102 4928 moritur
2123 4892 2257 4928 anno
2281 4877 2448 4929 wtatis
2475 4879 2806 4947 nonagesimo
2832 4895 2934 4931 uno
2959 4879 3128 4947 pridie
3151 4877 3273 4932 Kal.
3305 4880 3461 4933 Octo-

1882 4967 1986 5018 bris
2045 4964 2333 5019 Theodosio
2391 4966 2475 5020 IX
2527 4977 2575 5021 et
2628 4968 2931 5027 Constantio
2987 4968 3080 5021 ΙΙΙ
3139 4969 3457 5026 consulibus.

1881 5059 2216 5114 Theodosius
2265 5070 2319 5114 et
2362 5060 2710 5115 Constantius
2760 5061 3072 5128 przedictum
3123 5064 3459 5119 consulatum

1880 5158 2162 5220 gesserunt
2189 5166 2331 5207 anno
2368 5149 2495 5213 420,
2525 5148 2720 5203 Bassus
2764 5165 2888 5205 vero
2924 5161 2979 5206 et
3021 5153 3277 5208 Ablavins
3321 5170 3461 5209 anno

1880 5238 2002 5292 551.
2035 5239 2115 5291 Ah
2152 5254 2294 5291 anno
2319 5247 2496 5292 autem
2522 5238 2619 5292 351
2663 5254 2829 5308 usque
2871 5240 2936 5294 ad
2975 5257 3175 5296 annum
3213 5243 3316 5304 420
3345 5245 3463 5314 plus

1882 5342 2040 5394 quam
2069 5328 2135 5381 78
2163 5326 2288 5379 anni
2314 5326 2674 5394 reperiuntur,
2697 5343 2819 5384 cum
2842 5332 2910 5386 90
2932 5331 3058 5386 anni
3087 5332 3456 5392 intercedant.

1884 5420 2018 5474 adeo
2049 5428 2105 5474 ut
2132 5417 2188 5473 S.
2215 5419 2443 5488 Prosper
2471 5421 2683 5475 veritati
2721 5423 2964 5492 proxime
2993 5426 3302 5489 accesserit,
3334 5427 3460 5480 dum

1885 5511 2267 5582 Hieronymum
2312 5525 2453 5564 anno
2501 5513 2677 5566 aetatis
2728 5515 3074 5584 nonagesimo
3117 5531 3222 5570 uno
3266 5516 3464 5570 obiisse

1888 5601 2125 5654 tradidit.
2168 5600 2232 5654 Et
2259 5600 2404 5656 hisce
2433 5600 2589 5670 plane
2626 5604 2953 5658 conveniunt
2987 5619 3107 5675 qua:
3153 5605 3292 5674 apud
3324 5603 3464 5662 Mar-

1884 5694 2135 5750 cellinnm
2174 5693 2422 5748 comitem
2451 5694 2703 5762 leguntur
2737 5715 2748 5749 .'
2781 5695 3158 5766 Hieronymum
3182 5696 3460 5752 admodum

1887 5803 2056 5841 senem
2102 5785 2215 5840 vitm
2246 5801 2356 5838 sum
2391 5785 2547 5852 linem
2587 5785 2768 5855 fecisse
2801 5803 2818 5840 :
2853 5795 2904 5840 et
2940 5803 3057 5856 quae
3093 5787 3230 5858 apud
3270 5786 3324 5841 S.
3357 5786 3476 5839 Au.-
