4010 6302
467 328 569 388 185

1134 362 1139 368 ς
1213 315 1300 379 AD
1333 320 1773 379 ANASTASIUM
1811 316 2333 377 PHOLOGOMENA
2372 317 2550 376 EDIT.
2592 316 3018 377 HOM.-VATIC.

3652 319 3773 376 164

467 442 740 499 Sustinum
784 437 876 495 lib.
912 446 1142 493 necutra
1183 435 1478 501 lulianum,
1521 451 1640 506 cap.
1682 436 1734 500 7,
1764 441 1944 505 'usque
1985 433 2054 487 ad
2089 438 2131 495 Α
2163 432 2236 487 lio
2278 432 2508 489 Gemino
2558 432 2891 500 consulibus,
2948 433 3287 488 inchoamus.
3322 453 3340 484 ι
3385 431 3451 488 Et
3490 434 3544 488 in
3585 434 3767 490 Chro-

466 533 783 603 deerepitam
811 539 1016 585 wtatem
1043 528 1348 597 pervenisse.
1379 526 1506 582 [hec
1532 526 1675 581 enim
1708 540 1829 580 cum
1855 523 1922 578 de
1958 523 2054 579 ho-

471 627 617 683 mine
647 623 987 695 septuaginta
1026 630 1150 677 octo
1188 636 1456 676 annorum
1483 619 1572 674 vix
1600 618 1704 674 dici
1731 617 1962 686 possint,
2001 624 2056 670 et

473 715 589 773 viro
619 714 913 785 nonaginta
965 727 1231 768 annorum
1263 710 1451 766 melius
1488 708 1833 773 conveniant,
1865 720 2059 777 seque-

473 821 625 867 retur
668 809 886 865 omnino
944 806 1006 861 D.
1061 807 1444 877 Hieronymum
1506 818 1572 859 eo
1625 811 1896 872 tempore,
1950 814 2059 870 quo

473 903 784 960 Chronicon
824 900 1076 965 absolvit,
1110 914 1316 954 annum
1364 897 1540 952 :utatis
1584 895 2060 967 quadragesimum
2092 924 2093 927 η

476 996 764 1067 septimum
796 994 991 1066 egisse.
1022 991 1177 1048 Unde
1217 990 1342 1045 illud
1378 1002 1653 1058 nunquam
1684 1000 1782 1058 pro
1802 983 2061 1056 juvenilis

475 1088 654 1143 :etatis
701 1100 864 1157 opere
909 1084 1214 1139 habuerunt
1258 1079 1508 1150 antiqui,
1561 1079 1656 1134 sed
1700 1088 1757 1132 ut
1799 1076 2060 1131 eximium

477 1175 790 1248 Hieronymi
811 1189 947 1244 opus
970 1174 1022 1228 in
1047 1172 1219 1240 pretio
1248 1171 1577 1227 habuerunt.
1605 1166 1741 1222 Cum
1768 1166 1973 1221 ldatius
2006 1164 2061 1219 in

480 1266 792 1339 praefatione
822 1266 904 1321 sui
938 1262 1189 1320 Chroniei
1223 1260 1481 1317 nonnulla
1517 1260 1741 1315 dixisset
1780 1259 1848 1313 de
1886 1256 2062 1313 Chro-

481 1358 606 1414 nico
629 1357 847 1413 Eusebii
874 1374 887 1410 :
925 1374 944 1408 ι
970 1354 1100 1410 Post
1125 1355 1290 1419 hunc,
1319 1352 1508 1423 inquit,
1535 1365 1819 1407 successor
1842 1364 2067 1424 syngra-

480 1451 655 1521 pheus
707 1447 978 1519 perlectus
1024 1445 1291 1501 universis
1339 1444 1643 1508 factorum,
1691 1442 2068 1511 dictorumque

480 1540 827 1598 monimentis
866 1537 1226 1609 Hieronymus
1264 1535 1559 1607 presbyter
1606 1533 1746 1589 idem
1803 1532 2069 1588 Eusebius

482 1639 861 1704 cognomento,
903 1628 970 1684 de
999 1627 1188 1684 Grarco
1234 1626 1287 1681 in
1312 1625 1563 1681 Latinum
1594 1625 1874 1695 scripturae
1912 1622 2070 1692 hujus

484 1724 756 1794 interpres
788 1738 819 1777 a
854 1721 1116 1776 vicesimo
1140 1734 1282 1775 anno
1312 1718 1610 1789 supradicti
1642 1717 1987 1789 imperatoris
2016 1717 2068 1771 in

2162 523 2284 577 nico
2311 541 2325 577 :
2349 521 2543 593 Incipit
2573 524 2848 578 adnotatio
2875 523 3149 577 consulum
3171 539 3290 577 cum
3310 524 3530 578 historia
3557 522 3773 594 Rufino

2161 612 2399 679 Gemino,
2444 623 2492 668 et
2531 612 2775 669 Rubellio
2818 611 3037 670 Gemino
3074 630 3219 669 eoas.
3256 615 3340 669 Et
3372 613 3530 670 ﬁnit:
3565 613 3769 671 Valea—

2161 704 2362 760 tinimto
2401 702 2542 758 VIII
2584 713 2633 759 et
2667 705 2963 759 Anthemio.
2996 703 3168 760 Habet
3202 714 3256 760 et
3284 714 3504 762 sanctus
3523 704 3777 777 Prosper

2162 796 2218 849 in
2269 795 2374 850 hoc
2415 793 2685 850 Chronico
2752 810 2967 851 errores
3023 794 3238 851 Eusebii
3284 796 3431 852 circa
3464 796 3678 853 Cletum
3705 807 3774 852 et

2163 884 2502 949 Anacletum,
2533 899 2598 939 ac
2624 883 2994 939 Marcellinum
3021 892 3077 939 et
3101 885 3434 951 Marcellum,
3467 902 3534 941 ex
3561 887 3777 956 quibus

2164 976 2300 1031 duos
2334 982 2540 1028 tantum
2567 974 2851 1044 pontiﬁces
2885 983 3116 1044 constat.
3145 974 3314 1031 Facta
3342 991 3558 1047 quoque
3584 976 3779 1032 eccle-

2165 1065 2387 1122 siastica
2416 1066 2583 1121 certis
2605 1065 2920 1122 consulibus
2944 1080 3229 1137 perperam
3254 1068 3581 1138 quandoque
3606 1082 3783 1138 appo-

2167 1160 2269 1215 sita
2295 1152 2539 1226 retinuit,
2571 1159 2648 1214 uti
2670 1168 2726 1215 et
2756 1158 3002 1215 lacunam
3032 1159 3373 1216 manifestam
3401 1170 3523 1232 post
3553 1159 3781 1218 Soteris

2165 1252 2533 1324 episcopatum
2582 1252 2892 1322 Aproniano
2933 1262 2989 1308 et
3030 1253 3195 1309 Paulo
3235 1255 3553 1310 consulibus
3593 1255 3781 1310 ascrio

2167 1356 2335 1418 ptam,
2360 1347 2513 1402 deest
2536 1346 2682 1403 enim
2702 1346 2997 1403 Eieutherii
3022 1346 3390 1417 pontiﬁcatus,
3416 1363 3524 1403 non
3544 1347 3781 1418 quidem

2171 1436 2303 1492 vitio
2321 1436 2563 1492 auctoris
2588 1436 2846 1503 omissus,
2870 1436 2966 1492 sed
2988 1436 3248 1506 temporis
3269 1435 3463 1507 injuria
3488 1448 3779 1500 con-osus,

2171 1535 2231 1582 ut
2276 1526 2516 1582 insinuat
2562 1527 2698 1582 ordo
2742 1526 3109 1582 Romanorum
3147 1526 3486 1598 pontificum,
3531 1541 3782 1597 quorum

2173 1620 2490 1677 undecimus
2515 1620 2584 1674 ibi
2615 1620 2851 1689 scriptus
2875 1629 2959 1675 est
2990 1618 3171 1685 Soter,
3200 1618 3387 1674 Victor
3409 1627 3600 1675 autem
3627 1620 3788 1675 decio

2174 1726 2295 1768 mus
2350 1713 2573 1777 tertius,
2620 1711 2764 1767 nulla
2816 1711 3093 1767 mentione
3148 1710 3450 1767 duodecimi
3497 1711 3787 1783 pontiﬁcis

485 1827 737 1889 quartum
762 1815 1030 1871 decimum
1056 1812 1297 1868 Valentis
1318 1812 1546 1884 Augusti
1568 1827 1770 1866 annum
1796 1811 2066 1867 subditam
2102 1809 2142 1866 Β
2170 1805 2333 1861 facta.
2364 1804 2542 1876 Atque
2580 1805 2694 1860 haec
2722 1805 2788 1859 de
2812 1803 3066 1876 Prosperi
3095 1803 3366 1859 Chronico
3389 1845 3404 1870 ,
3457 1818 3524 1858 ex
3551 1816 3660 1873 quo
3693 1803 3788 1857 in-

486 1911 622 1965 texit
677 1909 983 1965 historiam.
1019 1929 1038 1960 ι
1076 1908 1155 1963 ita
1207 1908 1407 1964 ldatius
1455 1908 1749 1978 provincia:
1802 1905 2072 1963 Callaecia:

485 2002 771 2074 episcopus
803 2004 894 2074 qui
934 2018 992 2058 se
1039 2002 1093 2057 in
1129 2001 1353 2070 juvenili
1398 2010 1557 2057 aetate
1596 1999 1986 2073 Hieronymum
2017 2000 2070 2056 in

489 2096 737 2167 partibus
765 2094 1002 2152 Orientis
1029 2095 1230 2151 vidisse
1258 2102 1505 2151 testatur.
1546 2093 1849 2150 Notandum
1891 2102 2074 2149 autem

489 2196 575 2245 est
605 2188 830 2243 verbum
875 2186 1002 2242 illud
1042 2187 1323 2257 perfectus,
1357 2187 1623 2258 siquidem
1654 2186 1744 2242 illo
1781 2188 1968 2251 utitur,
2014 2194 2074 2241 ut

492 2277 783 2350 signiﬁcet,
829 2277 1134 2334 Cbronicon
1166 2278 1228 2332 Ι).
1262 2277 1572 2350 Hieronymi
1609 2278 1831 2334 maximi
1875 2279 2077 2335 facien-

495 2371 622 2427 dum
646 2384 767 2425 esse
793 2370 864 2425 ob
891 2369 1072 2439 operis
1098 2367 1507 2441 perfectionem,
1535 2369 1778 2440 adeoque
1803 2368 2075 2424 contemni

494 2475 603 2516 non
634 2461 830 2516 debere
876 2468 1131 2530 tanquam
1162 2457 1536 2529 imperfectum
1565 2466 1658 2514 aut
1684 2458 2079 2516 inconsiderate

495 2553 720 2609 editum.

565 2643 620 2699 6.
650 2641 907 2712 Sequitur
936 2642 1243 2699 Cnromcon
1272 2644 1546 2713 Prosperi,
1582 2642 1877 2698 ﬁdelissimi
1907 2657 2081 2713 quon-

497 2736 621 2791 dam
648 2733 827 2802 magni
853 2734 1139 2806 Augustini
1166 2735 1435 2804 discipuli,
1466 2733 1619 2803 cujus
1650 2733 2080 2803 supplementum

498 2834 630 2896 post
681 2824 986 2880 Chronicon
1038 2824 1255 2880 Eusebii
1305 2833 1361 2879 et
1411 2824 1476 2879 D.
1519 2824 1853 2896 Hieronymi,
1890 2824 2084 2895 saipius

499 2918 641 2990 typis
667 2916 884 2990 prodiit.
916 2915 1071 2971 Unde
1097 2915 1342 2987 plerique
1360 2917 1651 2973 credebant
1678 2915 1736 2972 S.
1760 2917 2082 2988 Prosperum

501 3007 635 3063 nihil
692 3006 923 3078 amplius
987 3021 1147 3077 quam
1215 3006 1504 3062 Eusebiani
1560 3015 1615 3062 et
1675 3005 2083 3078 Hicronymiani

499 3097 755 3155 Chronici
806 3097 1236 3168 supplementum
1277 3097 1688 3167 conscripsisse.
1736 3097 1795 3152 In
1838 3113 1946 3168 quo
1992 3113 2086 3153 eos

502 3193 740 3264 graviter
769 3205 981 3247 errasse
1010 3198 1158 3246 notat
1190 3190 1438 3247 Labbeus
1469 3201 1615 3247 tomo
1643 3190 1665 3245 ι
1692 3189 1852 3246 Nova:
1880 3191 2086 3245 Biblio-

502 3286 675 3340 theca:
703 3285 1191 3355 manuscriptornm
1230 3283 1488 3339 librorum
1525 3284 1577 3339 in
1622 3283 1827 3356 syllabo
1856 3284 2086 3354 scripto—

504 3390 626 3430 rum
665 3374 750 3430 his
797 3374 978 3430 verbis
1018 3393 1031 3430 :
1081 3393 1100 3427 ε
1141 3376 1400 3446 Deceptos
1449 3374 1613 3431 fuisse
1663 3375 2090 3446 quamplurimos

505 3465 671 3520 etiam
708 3465 1123 3529 eruditissimos,
1164 3466 1256 3536 qui
1299 3465 1622 3537 Prosperum
1669 3466 1916 3520 arbitrati
1964 3475 2092 3521 sunt

505 3555 833 3627 Hieronymo
849 3555 1111 3609 duntaxat
1123 3555 1391 3610 Chronico
1403 3554 1753 3626 appendicem
1770 3555 2087 3610 attexuisse.

506 3648 728 3704 Certum
771 3650 968 3720 quippe
1006 3657 1111 3713 est,
1151 3647 1441 3719 multisque
1483 3657 1724 3704 veterum
1770 3647 2091 3703 testimoniis

507 3743 937 3812 comprobatum,
964 3743 1032 3797 ab
1052 3742 1206 3796 initio
1228 3756 1409 3795 rerum
1438 3740 1503 3794 ad
1527 3755 1621 3793 sua
1651 3754 1819 3808 usque
1847 3748 2090 3809 tempora

512 3849 618 3891 uno
645 3835 806 3890 veluti
843 3834 951 3899 ﬁlo,
990 3848 1053 3889 ac
1088 3845 1273 3890 tenore
1302 3832 1613 3888 chronicam
1656 3834 1926 3902 epitomen
1970 3849 2092 3903 pcr-

509 3929 746 3984 duxisse.
781 3928 1036 3983 Testatur
1065 3929 1119 3983 id
1146 3928 1330 3984 Victor
1355 3926 1657 3996 Aquitanus
1686 3927 1738 3981 in
1776 3925 2092 3997 prarl‘atione

508 4017 747 4072 Canonis
774 4017 1053 4074 Paschalis
1081 4018 1148 4072 ad
1178 4016 1419 4072 Hilarum
1443 4016 1591 4072 orbis
1614 4016 1800 4071 Romae
1825 4015 2093 4071 archidia-

506 4125 724 4172 connm,
770 4117 956 4180 postea
1007 4122 1245 4179 papam:
1277 4106 1428 4177 cujus
1478 4107 1689 4163 Eusebii
1732 4117 1970 4162 tenorem
2012 4107 2094 4159 vir

507 4201 831 4256 venerabilis
869 4200 1101 4270 Prosper
1149 4209 1365 4256 secutus
1411 4200 1600 4256 iisdem
1643 4200 1927 4255 Chronicis
1980 4199 2093 4253 haec

507 4290 696 4345 eadem
719 4289 933 4361 egregia
956 4289 1220 4344 brevitate
1241 4289 1561 4359 composuit,
1585 4298 1643 4344 ut
1664 4305 1851 4343 eorum
1881 4287 2090 4342 initium

510 4394 543 4433 a
574 4379 756 4433 mundi
794 4380 1142 4433 inrhoaretur
1179 4379 1423 4433 exordio.
1466 4399 1483 4430 ι
1518 4380 1678 4434 Addit
1723 4379 2090 4434 testimonium

2176 1908 2384 1972 tegrum
2413 1898 2779 1953 Romanorum
2819 1897 3137 1969 pontiﬁcum
3174 1897 3481 1969 catalogum
3521 1894 3786 1951 exhibui-

2175 2003 2295 2045 mus
2337 1989 2391 2044 in
2438 1989 2610 2058 prima
2655 1988 2995 2059 antiquitatis
3043 1988 3311 2054 editione;
3364 1988 3454 2043 hic
3505 2002 3659 2052 vero,
3707 2000 3787 2041 ne

2176 2080 2521 2150 antiquorum
2551 2079 2878 2150 scriptorum
2919 2081 3282 2135 chronotaxes
3331 2078 3787 2149 multipliccmus,

2182 2169 2615 2241 supplementum
2649 2170 2911 2226 duntaxat
2938 2169 3253 2239 pontiﬁcum
3284 2157 3536 2225 tradituri
3562 2183 3786 2224 sumus.

2247 2284 2300 2338 7.
2341 2281 2663 2354 Prosperum
2693 2281 2963 2354 prosecuti
3007 2290 3136 2337 sunt
3180 2280 3272 2336 alii
3321 2280 3636 2350 scriptores,
3680 2281 3787 2350 qui

2177 2374 2462 2430 historiam
2496 2372 2923 2428 ecclesiasticam
2966 2386 3141 2441 usque
3172 2370 3240 2425 ad
3281 2384 3377 2424 sua
3412 2378 3654 2438 tempora
3685 2367 3792 2423 de-

2179 2464 2473 2520 duxerunt.
2506 2462 2655 2517 inter
2675 2462 2775 2517 hos
2803 2461 3136 2533 praecipuum
3173 2460 3349 2515 locum
3377 2459 3589 2515 obtinet
3633 2456 3791 2512 Iar-

2179 2554 2405 2611 ceilinus
2462 2569 2647 2610 comes
2708 2553 3067 2625 illyricianus,
3130 2552 3199 2608 de
3252 2566 3359 2621 quo
3417 2548 3793 2605 Cassiodorus

2181 2656 2404 2703 senator
2438 2645 2578 2701 libro
2608 2645 2909 2701 divinarum
2947 2644 3295 2708 Lectionum,
3342 2657 3463 2713 cap.
3507 2641 3599 2707 i7,
3631 2641 3782 2697 scri-

2182 2738 2264 2794 bit
2293 2757 2306 2793 :
2342 2757 2360 2788 ι
2389 2731 2778 2809 Hieronymum
2811 2737 3133 2792 subsecutus
3160 2744 3245 2790 est
3277 2732 3621 2790 Marcellinus
3657 2732 3791 2803 Illy-

2185 2829 2444 2894 ricianus,
2472 2830 2563 2899 qui
2594 2827 2771 2883 adhuc
2808 2827 3021 2897 patricii
3057 2825 3351 2883 Justiniani
3400 2823 3573 2881 fertur
3596 2823 3789 2895 egisse

2188 2920 2479 2986 cancellos,
2514 2920 2608 2975 sed
2660 2920 2884 2976 meliore
2921 2918 3157 2976 dictione
3196 2919 3421 2974 devotus
3449 2933 3479 2971 a
3527 2924 3786 2988 tempore

2186 3010 2472 3068 Theodosii
2519 3010 2780 3083 principis
2822 3025 2996 3082 usque
3045 3011 3116 3066 ad
3151 3009 3297 3066 fores
3344 3008 3554 3079 imperii
3598 3008 3796 3063 trium-

2188 3101 2362 3172 phalis
2394 3101 2620 3172 Augusti
2672 3100 2965 3157 Justiniani
3013 3116 3148 3172 opus
3194 3114 3371 3163 suum,
3424 3097 3656 3155 Domino
3699 3095 3799 3166 ju-

2189 3206 2373 3262 vante,
2401 3196 2673 3267 perduxit.
2720 3216 2740 3249 ι
2795 3195 3113 3252 Audiendus
3138 3204 3222 3251 est
3267 3194 3335 3249 de
3382 3205 3481 3248 suo
3508 3189 3799 3247 Chronico

2190 3287 2305 3358 ipse
2327 3285 2690 3352 Marcellinus,
2720 3286 2814 3356 qui
2838 3286 2895 3340 in
2940 3283 3258 3356 praefatione
3281 3291 3564 3355 postquam
3615 3279 3801 3337 Euse-

2189 3378 2333 3434 biani
2364 3388 2420 3434 et
2441 3377 2757 3450 Hieronymi
2784 3378 3040 3434 Chronici
3071 3376 3397 3432 mentionem
3444 3373 3689 3440 fecisset,
3724 3374 3801 3428 de

2190 3471 2566 3542 supplemento
2602 3471 2731 3526 illia
2756 3484 2814 3525 se
2835 3471 3047 3541 adjecto
3078 3468 3156 3524 sic
3198 3467 3403 3523 habet:
3436 3485 3455 3518 ‹
3509 3465 3622 3535 Ego
3655 3480 3800 3521 vero

2191 3562 2419 3633 simplici
2463 3565 2726 3618 duntaxat
2768 3561 3172 3633 computatione
3202 3558 3467 3615 orientale
3515 3566 3791 3626 tanquam

2192 3664 2408 3708 secutus
2448 3652 2759 3723 imperium,
2789 3651 3133 3715 indictiones,
3166 3663 3372 3720 perque
3412 3644 3671 3703 consules
3710 3646 3801 3700 in-

2193 3744 2528 3814 l’rascriptos,
2550 3754 2768 3799 centum
2791 3742 3251 3814 etquinquaginta
3281 3754 3472 3803 annos,
3496 3753 3527 3792 a
3547 3738 3793 3807 septima

2195 3836 2444 3892 videlicet
2474 3837 2786 3901 indictione,
2808 3847 2864 3892 et
2890 3851 2921 3891 a
2942 3834 3226 3892 consulatu
3249 3831 3472 3888 Ausonii
3495 3839 3549 3886 et
3569 3828 3794 3901 Olybrii

2194 3929 2413 4002 [quibus
2438 3931 2602 3985 etiam
2628 3928 2941 3984 consulibus
2965 3926 3302 3982 Theodosius
3321 3924 3546 3995 Magnus
3566 3930 3799 3977 creatus

2193 4033 2276 4079 est
2318 4021 2639 4095 imperator]
2669 4037 3019 4086 enumerans,
3048 4028 3105 4076 et
3140 4033 3313 4089 usque
3348 4017 3401 4072 in
3434 4006 3796 4071 consulaium

2196 4117 2395 4189 Magni,
2434 4115 2747 4172 indictionis
2798 4114 3080 4185 colligens,
3133 4110 3449 4169 earumdem
3500 4116 3797 4162 auctorum

2194 4209 2345 4281 Operi
2369 4208 2680 4280 subrogavi,
2719 4208 2956 4277 itemque
2993 4205 3127 4260 alios
3170 4201 3555 4273 septemdecim
3609 4214 3795 4254 annos

2195 4316 2225 4354 a
2248 4299 2538 4355 Consulatu
2568 4298 2764 4353 Justini
2788 4296 3014 4367 Augusti
3057 4294 3256 4365 primo,
3298 4306 3470 4360 usque
3504 4289 3560 4343 in
3590 4303 3801 4343 consu-

2196 4390 2362 4445 latum
2391 4388 2682 4445 Justiniani
2725 4388 2952 4459 Augusti
2992 4384 3057 4442 ιν
3110 4383 3317 4450 suﬁ'eci,
3362 4382 3416 4437 hi
3446 4388 3573 4436 sunt
3627 4379 3799 4435 simul

510 4467 774 4524 Gennadii
805 4468 857 4523 in
883 4468 1138 4540 Catalogo
1166 4469 1232 4523 de
1258 4467 1402 4524 Viris
1428 4468 1725 4526 illustribus
1758 4488 1771 4524 :
1808 4490 1826 4522 ι
1860 4469 2081 4542 Prospei

2196 4484 2324 4538 anni
2370 4499 2510 4540 CLVI.
2561 4502 2580 4536 ι
2635 4482 2910 4537 Hactenus
2950 4478 3313 4544 Marcellinus,
3369 4474 3460 4545 qui
3514 4471 3799 4528 Chronico

512 4561 673 4616 homo
709 4560 1044 4631 Aquitanicae
1078 4561 1314 4633 regionis
1343 4567 1594 4619 sermone
1635 4563 2009 4630 scholasticus,
2036 4572 2090 4618 et

509 4653 902 4709 assertionibus
938 4669 1214 4718 nervosus,
1264 4654 1428 4709 multa
1470 4656 1838 4724 composuisse
1868 4655 2086 4710 dicitur.

511 4743 587 4800 Ex
627 4744 821 4814 quibus
850 4758 950 4816 ego
992 4743 1261 4799 Chronica
1299 4744 1533 4800 nominis
1575 4745 1717 4800 illius
1765 4745 2088 4815 praetitnlata

512 4836 636 4906 legi,
681 4837 1011 4891 continentia
1053 4853 1083 4892 a
1126 4837 1284 4908 primi
1331 4837 1563 4893 hominis
1602 4838 1908 4894 conditione
1935 4836 2088 4908 juxta

512 4930 817 4985 divinarum
871 4930 1273 5001 Scripturarum
1328 4931 1487 4987 ﬁdem
1546 4948 1718 5004 usque
1769 4934 1835 4988 ad
1887 4934 2091 4989 obitum

514 5020 874 5075 Valentiniani
909 5023 1156 5093 Augusti,
1191 5031 1247 5079 et
1280 5024 1647 5094 captivitatem
1672 5024 1821 5080 urbis
1848 5024 2033 5081 Romae
2064 5042 2092 5080 a

512 5113 808 5171 Gcnserico
855 5113 1245 5170 Wandalorum
1291 5132 1415 5189 rege
1460 5117 1678 5173 laetam.
1716 5140 1733 5170 ι
1769 5119 1952 5175 Edidit
1995 5119 2097 5176 hoc

515 5208 574 5262 ὃ.
606 5207 857 5277 Prosperi
886 5206 1189 5265 Cbronicon
1225 5209 1504 5282 Philippus
1541 5211 1789 5267 Labbeus
1829 5223 1975 5268 tonio
2002 5230 2096 5268 su-

513 5299 696 5370 perius
734 5298 901 5355 citato
943 5298 1164 5356 Parisiis
1205 5318 1348 5357 anno
1396 5303 1553 5368 1657,
1598 5313 1653 5357 et
1691 5320 1755 5358 ex
1797 5303 1885 5360 illo
1916 5305 2097 5360 videre

515 5389 643 5446 licet
662 5388 721 5447 S.
746 5390 1071 5462 Prosperum
1090 5393 1244 5465 juxta
1286 5394 1502 5450 Eusebii
1522 5402 1577 5450 et
1598 5394 1910 5467 Hieronymi
1938 5394 2096 5451 ﬁdem

512 5496 609 5538 sua
640 5482 908 5540 Chronica
962 5484 1151 5540 iisdem
1183 5485 1499 5556 plerumque
1542 5487 1723 5542 verbis
1766 5487 2093 5552 exhibuisse,

512 5582 872 5645 praeterquam
898 5576 1040 5645 quod
1069 5577 1318 5633 consules
1342 5576 1610 5631 addiderit
1636 5593 1664 5631 a
1696 5588 1871 5634 morte
1895 5577 2096 5635 Christi

514 5664 580 5717 ad
611 5678 707 5721 sua
742 5681 912 5735 usque
945 5677 1187 5737 tempora
1220 5686 1232 5722 :
1271 5688 1289 5720 ι
1318 5667 1600 5734 Consules,
1631 5669 1826 5740 inquit,
1859 5686 1890 5725 a
1920 5669 2093 5724 mani-

515 5753 800 5810 festatibne
832 5756 1064 5824 Domini,
1092 5757 1143 5813 id
1172 5768 1257 5814 est
1285 5775 1315 5814 a
1346 5758 1543 5814 Ruﬁno
1568 5759 1796 5817 Gemino
1820 5768 1873 5815 et
1900 5758 2095 5814 Rubel-

2194 4592 2294 4632 suo
2322 4591 2511 4632 omnes
2554 4575 2843 4645 pontiﬁces
2881 4573 3155 4628 Romanos
3202 4569 3296 4642 qui
3344 4584 3465 4623 CLV!
3516 4580 3796 4622 annorum

2195 4669 2373 4740 spatio
2393 4667 2651 4724 sederunt
2678 4666 2924 4732 inseruit,
2966 4673 3021 4720 et
3043 4665 3178 4721 satis
3213 4670 3470 4720 accurate
3500 4658 3799 4732 pontiﬁca-

2198 4767 2285 4814 tus
2312 4758 2526 4814 illorum
2561 4774 2734 4814 annos
2754 4757 3052 4812 adnotavit.

2815 4906 3041 4964 CAPUT
3079 4905 3139 4961 ll.

2202 5046 2276 5102 De
2310 5049 2676 5119 antiquissimo
2722 5044 2984 5117 catalogo,
3033 5044 3124 5115 qui
3169 5043 3225 5097 in
3270 5042 3475 5097 Liberio
3522 5057 3662 5111 papa
3701 5041 3798 5096 de-

2917 5138 3058 5190 sinit.

2207 5272 2241 5324 l.
2281 5273 2653 5383 Antiquissimus
2690 5271 3015 5320 Humanarum
3046 5271 3331 5382 (pontiﬁcum
3375 5276 3628 5331 catalogus
3663 5275 3800 5317 temo

2266 5348 2384 5383 nere
2432 5338 2588 5383 .nwm
2617 5349 2686 5383 na,
2708 5348 2750 5383 ω
2775 5344 3026 5383 curatus.
3084 5344 3338 5383 usmmano
3359 5332 3600 5383 quondam
3620 5339 3798 5383 nutus.

2265 5348 2384 5397 pure
2410 5332 2588 5383 Litterit
2617 5349 2686 5397 [ut
2708 5348 2750 5383 ω
2775 5344 3026 5390 curatus,
3046 5332 3338 5394 Cuspiniano
3359 5332 3600 5397 quondam
3620 5339 3798 5397 nutus,

2269 5394 2355 5445 sed
2381 5397 2634 5458 Onnpin-iu
2661 5395 2889 5458 Panvinio
2906 5397 3213 5456 iucOgnitus,
3235 5399 3430 5458 tandem
3448 5394 3577 5458 typis
3599 5394 3801 5458 deseri-

2282 5471 2378 5506 :nns
2403 5466 2479 5507 est
2495 5453 2522 5505 ξ
2551 5457 2709 5506 Buche
2721 5457 2814 5515 rio,
2838 5468 2896 5505 ac
2919 5453 3141 5506 servatur
3165 5453 3518 5516 manuscriptus
3538 5456 3590 5504 in
3608 5453 3798 5516 (lodice

2288 5521 2587 5569 itbiiOthecze
2610 5518 2866 5570 (ἰῶδες-ριν.
2890 5543 2950 5555 --
2976 5517 3038 5568 ll.
3063 5517 3228 5569 Codex
3271 5515 3586 5568 biblitithecaa
3626 5515 3800 5567 Casa-

2269 5596 2371 5631 rem
2396 5594 2489 5629 non
2514 5586 2731 5629 continet
2764 5581 3115 5642 a..to,5raphum
3136 5583 3225 5628 sed
3245 5580 3794 5642 apographumjeceuo

2266 5644 2410 5695 liusa
2431 5658 2516 5693 ccc
2536 5645 2677 5690 anuis
2695 5638 2943 5704 scriptum.
2970 5638 3022 5676 ἱ-
3054 5640 3141 5691 ill.
3165 5642 3234 5690 Ex
3260 5638 3487 5704 pridicto
3512 5638 3685 5704 codice
3712 5652 3800 5686 η·
3862 5656 3869 5661 ι

2265 5707 2448 5756 riantes
2484 5706 2723 5754 lectiones
2757 5699 2973 5761 obtinui,
2998 5716 3115 5766 quae
3146 5699 3515 5766 cum‘editione
3555 5699 3799 5766 Eucherii

2267 5781 2377 5836 toni
2391 5768 2562 5816 eniunt
2587 5779 2681 5815 non
2700 5779 2811 5817 cum
2837 5760 3054 5816 editione
3075 5764 3398 5822 Henscbenii,
3415 5764 3526 5826 qua:
3545 5760 3800 5812 differen-
