4010 6302
168 424 270 480 165

777 423 1203 480 SCHELESTI’L
1257 423 1569 478 DISSERT.
1611 415 1698 478 DE
1738 467 1743 477 .

1846 424 1964 492 ΠΟ.
2011 425 2172 480 ROM.
2219 424 2422 482 PONT.
2475 427 2820 485 CATALOG.

3335 435 3436 492 166

221 541 286 587 tia
307 545 475 611 tamen
499 550 595 611 non
617 537 758 611 obest
783 537 1086 611 antiquitati
1103 539 1284 611 operis,
1308 537 1395 611 sed
1435 537 1738 611 eam-potius
1769 541 1811 598 Α
1845 538 1925 591 nis
1955 538 2345 608 antiquissimis
2377 551 2615 611 tempore
2643 541 2846 596 Liberii
2867 543 3110 599 exaratis
3136 545 3436 604 etiamnum

219 600 544 649 commendat.
584 625 645 634 -—
679 598 758 648 IV.
783 599 1088 660 Hensclienii
1131 599 1397 656 sententia,
1441 599 1566 660 quod
1608 599 1738 657 prior

219 662 427 722 catalogi
464 674 572 720 pars
597 674 752 722 usque
776 660 832 708 ad
863 659 1107 709 Urbanum
1130 661 1190 722 ab
1212 660 1432 708 Antbero
1463 659 1584 722 papa
1622 672 1740 722 cpu~

221 720 404 784 Scripta
431 724 516 781 sit,
535 720 746 770 secunda
770 735 879 784 pars
903 735 1055 784 usque
1080 722 1137 769 ad
1163 721 1403 784 Liberium
1427 720 1609 782 adjecta
1637 720 1740 768 lue-

218 785 323 832 rita
341 791 516 833 sancto
541 783 900 833 θυαεδαμ-ν.
929 783 1292 843 Ριρθὺτοοιιίυε
1311 784 1374 831 de
1397 786 1563 843 primae
1590 785 1740 842 partis

222 852 422 894 auctore
447 859 557 893 curn
587 845 899 895 Hensehenio
916 846 1162 904 convenit,
1197 846 1425 893 secundae
1453 845 1598 903 partis
1621 857 1739 904 qua-

219 913 326 955 tuor
361 915 592 955 auctores
632 909 792 968 posuit
837 905 999 955 -Vl.
1026 905 1304 968 Ostenditur
1342 906 1741 968 quodApthet-us

219 981 334 1030 papa
363 981 460 1016 non
486 971 551 1018 sit
574 965 740 1016 auctor
767 969 941 1029 prioris
966 970 1114 1029 partis
1136 965 1442 1028 catalogii—
1469 965 1572 1015 VII.
1598 967 1741 1019 Com-

221 1031 450 1092 probatur
477 1043 539 1078 ex
563 1031 752 1079 duobus
779 1031 1031 1080 erroribus
1057 1030 1219 1092 inﬂhoc
1242 1030 1460 1089 cataIOgo
1493 1031 1618 1092 circa
1658 1042 1740 1075 or-

215 1091 378 1140 dinem
414 1092 793 1152 succedentium
833 1093 929 1140 sibi
971 1091 1244 1152 poutiﬁcmn
1281 1091 1582 1138 commissis:
1609 1092 1740 1149 ponit

217 1155 348 1202 enim
375 1150 684 1202 (Tlemeutem
710 1160 822 1202 ante
846 1150 1064 1213 Cletum,
1094 1161 1145 1202 et
1171 1152 1309 1200 Pium
1336 1159 1443 1213 post
1463 1153 1738 1212 Anicetum,

218 1228 324 1262 eum
347 1221 550 1262 constet
571 1215 875 1265 Clementem
900 1214 1057 1274 Cleto,
1088 1221 1139 1263 et
1158 1216 1412 1263 Anicetum
1440 1214 1524 1262 Pio
1545 1225 1739 1261 succes-

220 1277 363 1325 sisse.
388 1302 449 1311 —
476 1275 604 1324 VIII.
633 1276 708 1325 De
725 1276 953 1324 secunda),
976 1278 1125 1336 partis
1143 1276 1422 1324 auctoribus
1441 1276 1736 1334 ostenditur,

221 1349 530 1400 nequaquam
573 1341 634 1386 ab
669 1346 867 1387 auctore
902 1339 1033 1386 tertii
1069 1337 1236 1387 saeculi
1277 1337 1526 1400 pontiﬁces
1559 1336 1742 1385 additus

216 1398 363 1447 fuisSe
396 1412 562 1462 usque
588 1400 643 1447 ad
671 1400 850 1462 Felicis
876 1400 1218 1462 pontiﬁcatum,
1246 1398 1389 1460 idque
1425 1399 1653 1462 probatur
1677 1411 1738 1446 ex

219 1460 872 1522 erroribus'chrouologlcis,
897 1461 955 1509 ad
973 1473 1094 1522 quos
1115 1463 1367 1510 evitandas
1390 1472 1482 1507 nou
1505 1461 1644 1522 juvat
1663 1471 1736 1507 reo

213 1535 418 1570 currere
446 1523 508 1571 ad
534 1524 829 1579 vicariatum,
858 1520 922 1570 ut
961 1520 1148 1571 cunstat
1174 1534 1236 1570 ex
1263 1529 1485 1582 tempore
1509 1535 1604 1582 quo
1627 1520 1742 1569 Ste-

219 1584 404 1644 phanus
444 1585 772 1646 pontdiea_tum
800 1584 974 1632 tenuit.
1002 1609 1062 1646 -τ
1090 1582 1169 1632 IX.
1197 1583 1488 1632 Moustratur
1519 1595 1738 1644 quoque,

223 1644 500 1705 sequentes
521 1654 630 1707 post
652 1644 867 1694 Felicem
892 1644 1140 1703 pontiﬁces
1162 1657 1255 1693 nou
1283 1657 1392 1707 esse
1419 1658 1444 1691 a
1472 1647 1626 1692 tribus
1653 1657 1739 1691 au-

222 1710 436 1756 ctoribus
461 1706 670 1756 diversis
690 1709 959 1768 adjunctus,
971 1707 1058 1756 sed
1075 1708 1136 1756 ab
1156 1719 1252 1754 uno
1273 1706 1546 1767 eodemque
1567 1712 1740 1768 aucto-

218 1781 288 1816 re.
313 1796 374 1804 —
403 1768 466 1816 Χ.
495 1769 629 1828 Quod
656 1767 819 1818 tamen
855 1769 929 1816 his
955 1782 1049 1816 non
1082 1768 1387 1828 obstantibus
1409 1775 1573 1816 auctor
1599 1767 1740 1828 hujus

221 1830 426 1891 catalogi
468 1827 833 1891 antiquissimus
863 1835 946 1890 sit,
971 1838 1022 1878 et
1045 1832 1169 1878 circa
1203 1827 1740 1891 Ltberiiipontiﬁcatum

224 1889 416 1952 vixerit,
446 1889 598 1941 variis
630 1894 894 1940 rationibus
927 1893 1286 1952 comprobatur.
1308 1916 1368 1926 —
1391 1889 1471 1939 XI.
1498 1890 1630 1939 Idem
1653 1889 1742 1938 ad-

219 1955 458 2003 miserunt
484 1967 578 2002 nou
601 1954 758 2001 solum
782 1952 1033 2010 Catholici,
1069 1953 1157 2001 sed
1193 1955 1340 2000 etiam
1381 1952 1622 2013 haeretici,
1649 1964 1740 2000 ex-

218 2025 354 2077 cepto
379 2014 657 2074 Dodwello,
679 2013 820 2075 cujus
838 2017 1089 2064 sententia
1113 2015 1413 2076 exploditur.

233 2191 277 2242 l.
304 2189 735 2259 Antiquissimus
767 2189 1133 2242 Romanorum
1183 2187 1496 2257 poutiﬁcmn
1546 2186 1745 2242 catalo-

170 2298 273 2352 gus,
309 2284 400 2352 qui
441 2282 604 2336 hodie
648 2290 914 2352 superest,
962 2281 1050 2336 ille
1093 2281 1312 2351 quidem
1364 2280 1602 2344 videtur,
1651 2279 1743 2348 qui

170 2389 322 2444 usque
350 2375 422 2427 ad
474 2372 657 2428 Liberi
706 2372 1076 2442 pontiﬁcatum
1118 2370 1384 2440 pervenit,
1412 2386 1478 2424 ex
1506 2384 1613 2438 quo
1637 2368 1744 2423 Cu-

171 2465 440 2532 spinianus
495 2463 749 2519 consules
807 2462 1125 2532 desumpsit,
1176 2476 1310 2530 quos
1349 2459 1743 2514 commentario

170 2572 253 2610 suo
279 2559 328 2611 in
356 2557 570 2612 Aurelii
599 2555 910 2611 Cassiodori
958 2554 1149 2610 Fastos
1198 2553 1444 2617 inseruit,
1478 2561 1536 2606 ut
1583 2551 1650 2606 ad
1680 2550 1743 2604 ﬁ-

172 2664 276 2704 nem
299 2650 463 2720 hujus
497 2648 694 2718 capitis
725 2664 792 2702 ex
841 2649 960 2717 ipso
985 2645 1376 2701 commentario
1407 2645 1742 2699 demonstra-

167 2740 343 2798 bimus.
375 2743 644 2796 Eumdem
675 2741 978 2812 catalogum
1010 2740 1196 2794 habuit
1226 2739 1281 2793 in
1308 2737 1547 2806 antiquis
1572 2750 1744 2790 mem-

171 2832 335 2888 branis
361 2833 624 2889 Nicolaus
650 2832 932 2906 Fabricius
959 2829 1190 2886 Peiresci
1227 2829 1476 2884 dominus
1505 2836 1560 2883 ct
1589 2843 1744 2882 sena-

173 2937 246 2980 tor
281 2927 575 2996 Aquensis,
625 2926 702 2980 uti
749 2934 978 2979 testatur
1018 2923 1284 2978 Antonius
1325 2920 1630 2992 Cappellus,
1678 2920 1744 2974 de

173 3019 316 3074 Cinna
345 3029 406 3074 et
428 3019 691 3074 Passione
715 3017 940 3082 Christi,
972 3032 1090 3086 cap.
1126 3016 1180 3079 5,
1217 3025 1292 3078 et,
1326 3016 1369 3070 si
1401 3012 1744 3068 Henscheuio

173 3111 459 3174 credamus,
477 3112 623 3166 hunc
642 3109 888 3164 eumdem
905 3108 1206 3178 catalogqu
1229 3107 1412 3161 habuit
1436 3106 1744 3176 Onupbrius

173 3200 470 3266 Pam'inius,
505 3202 594 3271 qui
627 3200 1014 3256 commentario
1043 3199 1094 3252 in
1120 3198 1316 3252 librum
1358 3213 1397 3252 ιι
1457 3196 1741 3252 Fastorum

1844 638 2150 697 superesset
2177 630 2228 683 in
2259 631 2586 687 bibliotheca
2629 631 2896 686 Caesarea.
2957 631 3150 704 Magno
3201 637 3431 706 proinde

1843 722 2181 777 addisccudze
2227 723 2475 779 veritatis
2532 725 2802 780 desiderio
2857 726 3050 781 ductus
3109 728 3300 799 scripsi
3366 732 3435 785 ad

1844 829 1893 867 ν.
1923 814 1990 868 cl.
2026 814 2332 869 Couradum
2371 814 2663 887 Jauingum
2709 832 2805 887 pro
2836 818 3190 888 compilandis
3219 830 3436 875 sancto-

1846 921 1964 958 rum
1986 905 2134 960 Actis
2158 921 2300 959 anno
2322 906 2458 961 1688
2485 907 2837 963 bibliothecas
2863 907 3168 963 Germania:
3209 910 3436 965 visitan-

1847 1002 1974 1059 tem,
2004 1003 2057 1047 et
2089 995 2192 1049 iter
2220 993 2486 1049 Viennam
2535 1012 2704 1065 usque
2751 997 3146 1064 institucntcm,
3195 1009 3254 1053 ut
3285 1001 3432 1054 inter

1842 1083 2069 1140 Codices
2098 1086 2494 1156 manuscriptos
2536 1087 2822 1142 historicos
2851 1089 3074 1144 Latinos
3102 1090 3437 1161 quinquage-

1845 1175 2043 1230 simum
2092 1184 2304 1230 sextum
2354 1177 2710 1246 pervolveret,
2770 1195 2872 1234 nec
2912 1181 3070 1234 modo
3122 1181 3432 1236 vetustioris

1845 1265 2076 1335 catalogi
2108 1267 2288 1319 varias
2327 1265 2588 1321 lectiones
2609 1279 2946 1338 excerperet,
2988 1271 3081 1324 sed
3109 1272 3269 1324 etiam
3304 1273 3432 1326 cha-

1847 1358 2071 1412 racteris
2116 1359 2414 1428 specimen,
2467 1369 2524 1414 ut
2573 1359 2640 1415 de
2687 1369 2846 1416 mtate
2890 1363 3436 1433 scripturarjudicarc

1845 1461 2080 1517 possem,
2109 1449 2176 1502 ad
2217 1463 2300 1502 me
2328 1450 2738 1504 transmitteret.
2769 1451 2921 1504 Fecit
2941 1453 3023 1506 vir
3052 1453 3160 1518 ille,
3204 1471 3302 1524 pro
3328 1471 3424 1509 sua

1843 1537 2225 1603 humanitate,
2277 1539 2420 1608 quod
2476 1540 2543 1594 ab
2609 1540 2728 1608 ipso
2771 1543 3068 1610 petieram,
3133 1543 3434 1615 litterisque

1842 1628 1930 1684 die
1957 1630 2028 1685 29
2063 1629 2188 1684 Julii
2220 1646 2364 1687 anno
2412 1631 2550 1688 l688
2600 1631 2822 1688 Viennae
2867 1635 2935 1690 ad
2987 1651 3070 1690 me
3128 1637 3290 1701 datis,
3325 1653 3433 1692 non

1844 1720 2004 1775 modo
2032 1721 2216 1776 varias
2247 1721 2506 1778 lectiones
2534 1723 2689 1778 istius
2720 1725 2925 1781 codicis
2950 1725 3114 1792 misit,
3141 1727 3233 1780 sed
3263 1727 3434 1798 signi-

1844 1807 2036 1864 ﬁcavit
2064 1826 2322 1881 quoque:
2367 1830 2385 1863 ι
2438 1811 2518 1866 Ex
2564 1812 2631 1866 iis
2671 1813 2845 1882 palam
2895 1814 3029 1879 ﬁeri,
3065 1831 3239 1885 neque
3285 1818 3432 1872 hunc

1776 1925 1817 1982 Β
1846 1902 2152 1974 catalogum
2182 1903 2444 1958 Caesarea:
2475 1904 2816 1960 bibliotheca:
2866 1921 2932 1961 ex
2972 1907 3215 1979 catalogo
3252 1909 3428 1964 Heus-

1847 1995 2046 2060 cheaii,
2073 2009 2246 2065 neque
2269 1993 2595 2050 l-lenscbenii
2618 1996 2922 2068 catalogum
2944 2015 3008 2053 ex
3032 2000 3217 2055 codice
3241 2001 3432 2056 biblioo

1847 2085 2018 2140 theca:
2057 2084 2318 2140 Cassareae
2371 2087 2671 2156 descriptos
2721 2101 2864 2154 esse,
2911 2090 3004 2144 sed
3048 2097 3336 2159 utrumque
3365 2105 3433 2144 cx

1844 2176 1950 2231 alio
1975 2186 2139 2246 atque
2177 2177 2281 2231 alio
2318 2177 2565 2248 exemplo
2614 2180 2980 2249 desumptum,
3038 2180 3176 2234 idem
3213 2180 3432 2250 aliquod

1845 2269 2118 2337 antiquius
2142 2277 2462 2340 prototypon
2482 2270 2714 2324 mediate
2729 2271 3002 2336 habuisse,
3029 2281 3248 2341 propter
3271 2287 3432 2342 quos-

1844 2361 1968 2416 dam
2025 2361 2242 2416 eosdem
2284 2362 2444 2431 plane
2473 2362 2528 2415 in
2570 2371 2803 2431 utroque
2845 2362 3106 2418 defectus.
3145 2365 3293 2431 Quod
3333 2381 3424 2418 au-

1846 2460 1950 2506 tem
2001 2451 2068 2505 ad
2119 2452 2498 2521 antiquitatem
2539 2460 2769 2520 spectat,
2829 2460 2888 2506 ut
2939 2453 3070 2506 mihi
3116 2453 3432 2507 verosimile

1843 2543 2076 2609 videtur,
2102 2553 2314 2598 aetatem
2345 2544 2504 2613 primi
2529 2543 2647 2612 ejus
2673 2545 2909 2600 auctoris
2935 2560 3093 2614 posse
3129 2547 3193 2599 ad
3221 2555 3432 2616 tempus

1842 2635 2041 2691 Liberii
2069 2653 2217 2706 papa:
2249 2636 2458 2702 referri,
2494 2638 2565 2692 ita
2597 2639 2768 2694 ausim
2795 2638 3080 2702 allirmare,
3110 2641 3214 2696 hoc
3234 2654 3423 2694 exem-

1842 2728 1986 2799 plum
2015 2728 2318 2784 Caesareum
2358 2730 2536 2795 anuis,
2570 2737 2628 2783 ut
2670 2745 2962 2794 summum,
3001 2730 3306 2802 quingentis
3343 2747 3433 2784 ve-

1845 2819 2038 2873 tustius
2061 2835 2164 2873 non
2188 2834 2308 2874 esse
2338 2833 2353 2874 :
2380 2817 2538 2888 idque
2565 2819 2756 2874 suadet
2781 2819 2849 2888 (si
2874 2834 2979 2873 non
3002 2827 3054 2873 et
3085 2819 3434 2889 persuadeat)

1843 2909 2159 2979 adjunctum
2193 2911 2243 2964 iu
2275 2909 2466 2965 eodem
2493 2911 2678 2966 codice
2707 2909 3025 2980 opusculum
3063 2913 3206 2981 quod
3236 2912 3430 2966 inscri-

1844 3004 1992 3059 bitur
2044 3002 2348 3058 Chronicon
2406 3003 2764 3069 Polonorum,
2809 3002 3047 3073 facitque
3103 3005 3430 3059 mentionem

1843 3096 2135 3151 Alexandri
2182 3111 2333 3166 papae
2362 3095 2449 3161 ΙΙΙ,
2483 3105 2542 3150 ut
2575 3097 2642 3151 de
2674 3097 2813 3152 notis
2843 3106 3183 3166 posterorum
3229 3107 3434 3166 tempo-

1846 3205 1992 3254 rum,
2028 3203 2165 3258 quas
2209 3188 2485 3258 inquirere
2535 3189 2658 3244 aliis
2707 3190 2965 3260 impedito
3006 3206 3113 3245 non
3145 3189 3290 3255 licet,
3352 3199 3431 3245 ta-

175 3291 341 3362 incipit
367 3294 546 3346 citare
582 3291 871 3346 Damasum
914 3290 980 3344 de
1011 3287 1148 3344 Vitis
1185 3288 1524 3359 pontiﬁcum,
1556 3301 1586 3340 a
1613 3302 1742 3341 con-
1770 3285 1814 3345 C
1847 3295 2016 3343 ceam,
2047 3281 2290 3349 adeoque
2341 3280 2485 3335 illius
2511 3289 2721 3335 :etatem
2768 3282 3034 3336 excedere
3081 3298 3184 3335 non
3231 3291 3428 3352 potest.

175 3382 326 3436 sulatu
369 3382 656 3437 Saturnini
704 3392 760 3436 et
806 3380 1095 3452 Scipionis,
1147 3380 1247 3434 sub
1294 3379 1490 3448 quibus
1519 3387 1742 3433 sanctus

174 3471 320 3528 Linus
343 3476 402 3528 in
434 3473 661 3542 przel'ato
689 3472 933 3544 catalogo
963 3473 1161 3528 dicitur
1187 3480 1401 3526 creatus
1436 3469 1604 3525 fuisse
1628 3470 1743 3541 epi-

175 3577 363 3630 scopus.
402 3563 603 3618 Verum
631 3569 779 3616 errat
830 3563 912 3616 vir
953 3563 1218 3617 eruditus.
1277 3560 1464 3615 Exstat
1502 3559 1646 3616 enim
1688 3560 1741 3614 in

175 3649 488 3706 Bibliotheca
517 3649 778 3706 Vaticana
826 3659 948 3721 post
975 3651 1236 3720 Ouuphrii
1268 3649 1512 3704 Pauvinii
1553 3648 1743 3703 Fasto-

176 3755 276 3794 rum
321 3741 527 3796 librum
581 3740 740 3796 index
774 3740 1036 3796 librorum
1073 3750 1129 3796 et
1172 3750 1415 3795 actorum
1449 3755 1580 3795 mss.
1624 3756 1744 3810 qua:

177 3831 467 3905 Onupbrius
500 3835 793 3890 Panvinius
809 3837 874 3890 de
895 3835 1031 3890 Vitis
1055 3835 1364 3906 pontiﬁcmu
1397 3835 1628 3900 viderat,
1652 3845 1744 3888 aut

176 3939 319 3993 penes
346 3942 410 3982 se
445 3928 735 3992 habuerat,
768 3926 821 3981 in
849 3942 957 3996 quo
1002 3927 1178 3982 indice
1209 3926 1517 3981 nullatenus
1550 3941 1742 3995 supra-

179 4020 330 4074 dictus
357 4019 635 4089 catalogus
659 4028 959 4089 comparet,
986 4021 1079 4075 sed
1105 4019 1277 4074 solum
1315 4021 1553 4074 citantur
1575 4019 1746 4087 ponti-

178 4111 313 4175 ﬁcum
353 4113 717 4192 Romanorum
756 4110 888 4166 Vita:
921 4112 1135 4166 Damasi
1167 4127 1338 4182 papm,
1380 4110 1670 4173 Anastasii,
1699 4120 1744 4162 et

179 4202 426 4260 Cuilielmi
465 4204 524 4260 S.
557 4204 620 4259 R.
656 4206 722 4259 ις.
773 4203 1318 4266 Bibliothecariorum,
1351 4202 1605 4273 Pandulﬁ
1650 4201 1744 4257 Pi-

178 4301 296 4363 soni,
329 4310 375 4354 et
408 4299 756 4353 recentiorum
795 4307 1090 4358 auctorum.
1141 4314 1171 4352 a
1210 4298 1406 4366 quibus
1435 4295 1764 4365 Onupbrius.

181 4393 364 4458 putavit
408 4389 777 4458 conscriptum
816 4388 982 4444 fuisse
1027 4387 1223 4442 librum
1251 4386 1645 4451 Pontiﬁcalem,
1680 4387 1746 4442 de

179 4497 271 4549 quo
292 4481 430 4536 infra
477 4495 720 4552 agemus.
753 4478 1063 4549 Onupbrius
1094 4478 1278 4547 itaque
1307 4491 1583 4547 nunquam
1612 4476 1745 4530 vidit

179 4575 595 4645 antiquissimum
639 4572 977 4643 catalogum,
1035 4572 1127 4642 qui
1181 4571 1378 4627 desinit
1424 4573 1477 4625 in
1524 4570 1742 4625 Liberio

180 4637 318 4736 papa,
340 4683 612 4738 quemque
628 4637 864 4721 nonnulli
890 4637 1180 4722 credebant
1197 4665 1533 4736 deperditum
1556 4663 1741 4730 fuisse,
1774 4637 1822 4696 υ

181 4772 330 4827 usque
352 4761 481 4813 dum
505 4756 753 4827 Egidius
775 4756 1072 4812 Bucherius
1099 4756 1248 4811 illum
1272 4756 1324 4810 in
1352 4754 1744 4811 commentario

181 4863 264 4902 suo
290 4851 353 4903 ad
387 4849 663 4904 Canonem
693 4847 1002 4918 paschalem
1033 4847 1220 4912 edidit,
1257 4856 1448 4902 notans
1492 4855 1743 4915 autogra-

182 4938 325 5006 phum
364 4954 532 5009 penes
576 4953 635 4993 se
678 4938 931 4993 habuisse
969 4936 1380 5008 Cuspinianum.
1423 4935 1573 5003 Quod
1613 4935 1740 4990 item

182 5037 392 5086 testatur
445 5031 792 5095 Lambecius,
847 5031 986 5085 libro
1031 5046 1085 5084 tv
1125 5028 1648 5085 Commentariorum
1679 5028 1745 5082 de

184 5121 482 5178 bibliotheca
513 5122 762 5178 Caesarea
806 5122 891 5177 his
940 5121 1115 5176 verbis
1155 5139 1168 5176 :
1212 5140 1230 5172 ι
1283 5121 1526 5175 Eximius
1571 5119 1742 5175 codex

185 5227 273 5266 nis.
302 5229 459 5283 quem
499 5214 800 5269 Bucherius
837 5213 1039 5275 laudat,
1070 5220 1125 5268 et
1164 5211 1454 5277 desiderat,
1493 5210 1590 5266 sed
1631 5209 1745 5264 fere

187 5310 419 5373 tanquam
459 5306 731 5376 perditura
762 5305 1032 5372 deplorat,
1063 5312 1314 5374 superest
1342 5303 1638 5357 etiamnum
1690 5302 1744 5355 in

188 5397 543 5464 augustissima
565 5395 886 5452 bibliotheca
907 5395 1152 5450 thsarea
1171 5393 1570 5450 Vindobonensi
1596 5408 1746 5462 teque

190 5482 396 5557 integer,
433 5497 494 5541 ut
528 5487 642 5557 ipse
662 5485 1021 5556 Cuspinianus
1057 5502 1123 5540 eo
1146 5486 1274 5539 olim
1321 5500 1451 5539 usus
1479 5493 1585 5549 est,
1611 5484 1749 5539 obti-

191 5583 368 5645 uctque
404 5580 546 5633 inter
569 5579 784 5634 codices
812 5578 1210 5648 manuscriptos
1237 5578 1526 5634 historicos
1554 5575 1751 5632 latinos

192 5664 351 5723 locum
372 5671 875 5741 quinquagesimum
912 5680 1148 5726 sextum.
1190 5689 1208 5723 ι

253 5755 303 5810 2.
337 5757 412 5813 Ex
433 5759 586 5815 hisce
609 5759 878 5816 Lambecii
926 5760 1104 5816 verbis
1139 5760 1359 5815 dubium
1391 5760 1524 5816 mihi
1568 5768 1747 5816 ortum

196 5855 288 5906 est.
320 5865 438 5904 num
463 5852 854 5922 autograpbum
877 5851 1119 5919 prmdicti
1143 5851 1373 5920 catalogi
1401 5850 1454 5906 in
1483 5850 1750 5906 membra-

1842 3373 1962 3428 Jam
1995 3388 2123 3428 vero
2166 3373 2270 3427 hoc
2317 3374 2630 3444 opusculum
2683 3374 2946 3444 scriptura
2981 3375 3197 3444 quidem
3248 3373 3434 3428 diver-

1844 3481 1962 3520 sum
1990 3479 2019 3518 a
2043 3464 2286 3534 catalogo
2309 3473 2418 3530 est,
2449 3464 2632 3518 charta
2657 3473 2832 3519 tamen
2856 3465 3054 3536 (neque
3079 3465 3224 3519 enim
3256 3481 3430 3519 mem-

1843 3556 2142 3610 branaceus
2167 3563 2253 3610 est
2279 3556 2447 3610 codex
2491 3555 2605 3621 hic,
2655 3570 2830 3624 neque
2881 3555 3022 3608 idem
3052 3570 3175 3609 cum
3225 3553 3334 3618 illo,
3363 3555 3429 3608 de

1845 3664 1951 3719 quo
1981 3649 2282 3704 Bucherius
2324 3657 2509 3705 noster
2560 3648 2700 3718 apud
2738 3647 3109 3712 Lambecium,
3152 3647 3291 3702 libro
3327 3651 3425 3717 iv),

1846 3742 1980 3796 adeo
2009 3741 2184 3796 simile
2207 3749 2266 3794 ut
2300 3757 2368 3796 ne
2400 3755 2558 3794 ovum
2586 3755 2688 3794 ovo
2719 3740 2936 3808 quidem
2963 3737 3132 3807 magis
3158 3754 3278 3794 esse
3303 3755 3429 3809 pos-

1845 3833 1942 3899 sit;
1974 3848 2148 3902 neque
2169 3848 2298 3888 vero
2326 3833 2611 3888 character
2637 3833 2753 3904 ipse
2785 3831 3015 3902 catalogi
3049 3831 3432 3900 antiquitatem

1848 3929 2104 3997 majorem
2143 3927 2368 3992 indicat,
2407 3926 2451 3980 si
2499 3941 2605 3980 non
2634 3934 2688 3980 et
2720 3925 3006 3979 minorem.
3045 3922 3200 3977 Addo
3248 3933 3430 3977 tamen

1845 4018 1962 4087 ejus
1986 4016 2278 4086 specimen,
2323 4035 2340 4065 ι
2385 4024 2490 4068 etc.
2517 4015 2643 4070 Haec
2665 4015 2772 4080 ille,
2801 4030 2960 4084 Quem
2991 4023 3136 4069 recte
3160 4014 3436 4085 judicasse

1846 4111 1912 4166 de
1939 4117 2098 4164 attate
2119 4109 2418 4177 scripturae,
2449 4122 2512 4160 ex
2555 4107 2850 4177 specimine
2877 4108 2994 4176 ipso
3024 4108 3090 4160 ad
3133 4123 3219 4161 me
3249 4115 3426 4163 trans-

1847 4203 2011 4258 misso
2068 4201 2297 4272 conjeci,
2324 4200 2410 4253 vix
2449 4200 2590 4255 enim
2613 4215 2706 4255 ccc
2737 4215 3000 4254 annorum
3024 4208 3239 4255 aetatem
3269 4215 3432 4270 supc-

1849 4312 1969 4352 rare
1997 4311 2154 4367 posse
2174 4293 2431 4362 judicavi.

1910 4379 1969 4445 .5.
1997 4389 2130 4444 Cum
2158 4389 2339 4458 itaque
2369 4403 2433 4442 ex
2479 4385 2720 4458 praefatis
2761 4387 2956 4442 litteris
3003 4395 3214 4442 constet
3270 4385 3432 4458 hujus

1849 4480 2159 4537 vetustioris
2193 4479 2424 4548 catalogi
2479 4478 2873 4548 autographum
2919 4479 3261 4548 deperditum
3287 4493 3426 4540 esse.

1848 4583 1904 4628 ct
1944 4589 2048 4627 non
2099 4571 2202 4626 nisi
2250 4571 2551 4626 recentiora
2585 4578 2950 4640 transmnspta
2993 4569 3254 4641 reperiri,
3312 4584 3432 4639 qua:

1849 4667 2074 4723 multum
2121 4667 2262 4722 inter
2291 4681 2349 4721 se
2396 4664 2610 4721 diﬁ‘erre
2659 4675 3057 4736 cognoscuntur
3105 4678 3282 4733 operae
3311 4677 3433 4732 pre-

1849 4761 1980 4813 tium
2012 4773 2096 4814 me
2119 4756 2387 4813 facturum
2416 4756 2745 4821 existimavi,
2789 4756 2832 4810 si
2864 4754 3184 4824 prazdictum
3228 4751 3432 4807 catalo-

1847 4865 1970 4920 gum
2031 4848 2168 4902 inl‘ra
2210 4863 2333 4903 cum
2379 4847 2716 4902 variantibus
2775 4845 3098 4900 lectionibus
3158 4843 3424 4898 ederem:

1848 4939 1990 4994 unde
2024 4938 2098 4992 nil
2122 4939 2263 4993 aliud
2297 4939 2397 4994 hoc
2434 4938 2552 4993 loco
2572 4938 2880 5008 adjungam,
2906 4951 3068 5004 quam
3097 4933 3426 5006 catalogum,

1849 5038 2006 5100 prout
2035 5029 2104 5084 ab
2131 5029 2469 5085 lienschenio
2511 5030 2562 5083 in
2593 5029 2742 5082 Actis
2769 5035 3100 5091 sanctorum,
3133 5034 3187 5080 et
3216 5042 3246 5080 a
3277 5024 3432 5080 nobis

1852 5120 1904 5174 in
1946 5119 2284 5191 Antiquitate
2315 5119 2577 5174 illustrata
2616 5117 2793 5172 editus
2823 5115 2944 5181 fuit,
2984 5114 3143 5186 longe
3172 5115 3429 5186 integrim

1856 5224 1968 5265 rem
1995 5224 2114 5265 esse
2158 5224 2224 5264 eo
2252 5209 2345 5278 qui
2391 5208 2443 5261 in
2471 5206 2798 5261 bibliotheca
2847 5205 3091 5261 Cmsarea
3133 5206 3429 5260 etiamnum

1855 5300 2140 5371 reperitur.
2168 5298 2224 5353 In
2257 5296 2442 5352 codice
2469 5297 2611 5350 enim
2638 5294 2889 5351 Caesareo
2915 5296 3108 5350 desunt
3151 5295 3432 5366 pontiﬁces
3463 5287 3480 5299 ’

1854 5391 2133 5455 Anicetus,
2166 5387 2530 5452 Eleutherius,
2562 5396 2618 5442 et
2643 5386 3001 5459 Zephyrinus,
3034 5387 3124 5456 qui
3167 5387 3219 5440 in
3247 5396 3430 5442 nostra

1855 5480 2091 5535 editione
2123 5487 2340 5532 exstant
2369 5492 2384 5531 :
2416 5493 2538 5532 cum
2582 5487 2760 5532 autem
2801 5477 2963 5531 iidem
2999 5487 3108 5532 tres
3143 5476 3432 5531 Pontiﬁces

1855 5571 2018 5626 etiam
2041 5569 2419 5624 desiderentur
2447 5568 2498 5623 in
2523 5569 2760 5625 editione
2780 5568 3051 5631 Bucherii,
3087 5566 3240 5620 valde
3279 5583 3432 5621 vero-

1856 5662 2030 5718 simile
2054 5662 2185 5716 mihi
2207 5661 2379 5716 visum
2409 5671 2515 5728 est,
2547 5659 2911 5725 membranas,
2958 5674 3095 5732 qttas
3131 5655 3430 5711 Bucherius

1855 5769 2018 5825 penes
2043 5768 2101 5808 se
2121 5754 2329 5820 habuit,
2351 5768 2418 5808 ex
2443 5752 2639 5809 Codice
2658 5752 2906 5808 Ctesareo
2926 5751 3223 5820 descriptas
3244 5749 3268 5801 l‘
3303 5749 3426 5802 isse.

1857 5848 1911 5902 lu
1943 5866 2046 5918 qua
2087 5849 2354 5903 sententia
2380 5847 2463 5900 vel
2507 5846 2740 5900 maxime
2782 5843 3133 5899 conﬁrmatus
3179 5841 3275 5904 fui,
3303 5840 3430 5894 dum
