3996 5412
544 380 645 438 167

1279 372 1372 430 AD
1409 369 1852 436 ANASTASIUM
1887 367 2406 428 PROLOGOMENA
2443 365 2620 425 EDlT.
2661 362 3084 422 ROM.—VATIC.

3723 361 3824 418 101

541 493 750 549 collatis
799 488 1122 546 lectionibus
1166 487 1352 545 Codici
1397 488 1665 552 Caesarei,
1721 488 1938 542 easdem
2005 483 2115 539 fere
2141 486 2194 547 Α
2219 483 2428 539 cundus
2455 481 2622 537 Linus
2643 478 2764 545 fuit,
2794 487 2852 534 et
2880 478 3071 533 tertius
3094 475 3407 539 Auaclettts.
3434 475 3542 532 etsi
3564 474 3822 547 plerique

540 600 749 650 omnes,
782 583 990 639 duabus
1023 580 1107 636 vel
1136 581 1308 636 tribus
1348 582 1610 650 exceptis,
1656 580 1709 635 in
1751 577 1990 634 editione
2018 576 2125 630 Bu-

540 678 711 734 cherii
742 674 969 746 reperiri
1012 674 1390 728 animadverti.
1441 674 1561 728 Alio
1604 674 1787 742 itaque
1825 668 2121 740 exemplari

539 772 856 833 Bucherius,
884 768 987 823 alio
1017 776 1144 822 ante
1172 781 1269 821 nos
1298 765 1672 822 Henschenius
1708 779 1838 818 usus
1858 771 1961 817 est.
1993 763 2124 832 Qua:

542 874 719 921 tamen
748 863 880 918 nihil
910 863 1126 917 obstant
1156 861 1314 932 hujus
1341 859 1567 929 catalogi
1595 867 1650 913 et
1675 857 2040 928 germanitati,
2069 863 2125 911 et

540 952 872 1024 antiquitati,
902 966 1024 1007 cum
1054 949 1214 1005 facile
1242 950 1556 1020 contingere
1583 945 1838 1017 potuerit,
1886 946 2028 1000 sicut
2070 945 2122 999 in

541 1046 752 1102 caeteris
801 1045 1147 1114 antiquorum
1199 1041 1456 1113 operibus
1505 1039 1820 1109 frequenter
1872 1036 2121 1107 contigit,

541 1138 791 1194 librarios
821 1148 877 1191 et
921 1134 1233 1190 tabellarios
1281 1149 1384 1188 non
1416 1140 1603 1188 exacte
1653 1130 2005 1199 descripsisse
2035 1144 2126 1183 co-

543 1231 709 1293 dices,
739 1229 833 1284 sed
855 1244 975 1282 cum
1006 1226 1187 1281 multis
1221 1224 1429 1280 mendis
1453 1234 1509 1279 et
1535 1223 1740 1278 lacunis
1774 1223 1841 1276 ad
1882 1231 2126 1290 posteros

544 1320 924 1375 transmisisse.
959 1317 1110 1374 Unde
1138 1316 1407 1372 afﬁrmare
1435 1317 1628 1380 audeo.
1656 1314 1849 1370 menda
1877 1322 1930 1369 et
1963 1313 2121 1369 lacn-

546 1423 643 1465 nas
669 1410 880 1479 signum
910 1423 1028 1463 esse
1054 1407 1195 1477 quod
1216 1418 1380 1477 opera
1412 1406 1480 1460 ab
1510 1405 1747 1473 antiquis
1769 1404 2126 1473 scriptoribus

547 1503 783 1574 profecta
831 1502 957 1557 sint.
1006 1499 1136 1568 Quae
1164 1514 1287 1553 cum
1324 1498 1397 1552 ita
1434 1512 1554 1552 esse
1592 1497 1792 1565 passim
1822 1513 1890 1553 ex
1937 1511 2127 1552 manu-

546 1596 761 1665 scriptis
789 1593 1067 1649 codicibus
1087 1593 1399 1655 doceamur,
1430 1597 1595 1644 restat
1635 1597 1694 1643 ut
1720 1590 1785 1644 de
1813 1588 2127 1644 auctoribus

545 1685 704 1755 hujus
745 1683 975 1753 catalogi
1002 1723 1017 1748 ,
1055 1690 1112 1735 et
1158 1681 1357 1750 quibus
1400 1679 1736 1750 temporibus
1784 1678 2123 1749 scripserint,

543 1775 732 1845 paucis
761 1774 1120 1845 inquiramus.

615 1868 672 1922 4.
715 1838 934 1922 Putavit
960 1864 1179 1934 quidem
1208 1860 1576 1917 Henschenius
1607 1871 1751 1918 tomo
1781 1862 1957 1932 primo
2005 1875 2126 1915 san-
2156 1838 2202 1897 Β

542 1965 753 2013 ctorum
809 1953 1038 2025 Aprilis.
1093 1952 1252 2021 hujus
1303 1951 1532 2021 catalogi
1586 1951 1721 2005 duas
1763 1960 1944 2020 partes
1983 1966 2123 2016 esse,

544 2048 891 2119 singulasque
916 2063 947 2104 a
974 2046 1200 2101 diversis
1225 2044 1539 2100 auctoribus
1565 2046 1902 2113 conscriptas
1924 2043 2124 2100 fuisse:

550 2160 568 2191 ι
601 2139 805 2202 Prima,
847 2136 1039 2207 inquit,
1081 2135 1200 2206 ejus
1249 2152 1374 2206 pars
1420 2135 1721 2206 completur
1768 2151 1891 2191 cum
1938 2146 2128 2192 sancto

546 2229 766 2287 Urbano
788 2228 1041 2300 pontiﬁce
1070 2244 1212 2285 anno
1237 2230 1344 2284 230
1368 2228 1685 2299 martyrium
1722 2243 1902 2299 passo,
1933 2229 1989 2283 In
2026 2229 2127 2284 hac

544 2321 711 2393 priori
745 2330 898 2393 parte
928 2319 1056 2377 nulli
1100 2319 1352 2377 consules
1390 2320 1472 2375 bis
1513 2328 1850 2389 repetuntur,
1879 2319 2127 2390 quamvis

544 2413 646 2468 sub
686 2413 874 2469 iisdem
912 2413 1011 2468 sub
1063 2412 1260 2482 quibus
1295 2412 1487 2467 sedere
1541 2410 1860 2480 inceperunt
1905 2410 2125 2480 quidam

544 2510 745 2566 fuerint
778 2508 883 2562 vita
915 2507 1108 2571 functi,
1139 2515 1235 2561 aut
1256 2506 1517 2576 martyrio
1548 2505 1789 2561 coronati
1814 2520 2003 2561 eorum
2034 2503 2137 2559 de;

542 2619 879 2660 cessores....
913 2602 1117 2656 Auctor
1141 2600 1300 2669 hujus
1320 2599 1490 2669 partis
1519 2599 1733 2653 videtur
1753 2613 1911 2668 posse
1957 2597 2122 2652 statui

543 2702 765 2748 sanctus
785 2691 1061 2745 Antherus
1087 2705 1246 2759 papa,
1277 2690 1367 2758 qui
1389 2696 1540 2759 gesta
1566 2696 1866 2758 martyrum
1892 2687 2126 2759 diligen-

547 2795 629 2841 ter
657 2801 686 2838 a
724 2784 948 2838 notariis
971 2782 1280 2851 exquisivit,
1326 2789 1381 2836 et
1425 2781 1478 2835 in
1520 2779 1755 2835 ecclesia
1805 2779 2124 2834 recondidit.

546 2874 701 2930 Sedit
728 2875 774 2929 is
797 2874 969 2929 solum
1002 2887 1110 2928 uno
1146 2887 1335 2927 mense
1364 2872 1418 2926 in
1460 2886 1560 2926 suo
1600 2871 1938 2941 pontiﬁcatu,
1985 2870 2129 2926 vide-

547 2976 742 3037 turque
798 2974 949 3037 gesta
1006 2973 1338 3037 martyrum,
1388 2962 1730 3033 potissimum
1788 2977 2127 3016 summorum

546 3058 858 3127 pontiﬁcum
886 3055 1242 3125 exquisivisse
1269 3054 1496 3109 necdum
1542 3052 1776 3123 pontifex
1816 3051 1917 3108 sub
1939 3060 2127 3114 sancto

546 3147 812 3203 Pontiano
855 3131 1168 3202 successore
1199 3146 1372 3205 sancti
1412 3142 1640 3207 Urbani,
1692 3145 1798 3198 imo
1839 3144 1972 3199 Acta
2010 3159 2130 3199 san-

547 3249 758 3295 ctorum
805 3237 1007 3293 Urbani
1053 3245 1107 3293 et
1135 3236 1321 3295 Calisti
1371 3234 1529 3304 hujus
1556 3236 1857 3289 decessoris
1897 3234 2068 3290 videri
2095 3252 2124 3289 a
2154 3211 2199 3275 (ἶ

550 3340 738 3384 sancto
767 3328 1010 3383 Anthero
1034 3327 1255 3397 scripta,
1281 3326 1521 3382 dicemus
1539 3325 1610 3379 25
1639 3325 1782 3390 Maii,
1804 3342 1911 3396 quo
1934 3326 2131 3381 colitur

551 3427 774 3473 sanctus
803 3415 1077 3481 Urbanus.
1118 3425 1172 3471 et
1217 3416 1285 3470 10
1324 3415 1472 3481 Maii,
1523 3431 1629 3485 quo
1669 3415 1923 3471 coluntur
1954 3416 2127 3470 sancti

549 3507 870 3577 Calepodius
896 3504 1199 3577 presbyter,
1237 3503 1536 3559 Palmatius
1574 3503 1784 3568 consul,
1822 3503 2131 3574 Simplicius

550 3608 789 3663 senator,
813 3599 1012 3669 aliique
1042 3607 1329 3669 martyres,
1351 3612 1582 3667 quorum
1612 3613 1697 3652 res
1720 3607 1883 3667 gestae.
1907 3598 1958 3651 in
1983 3598 2132 3653 Actis

550 3690 725 3745 sancti
770 3689 954 3748 Calisti
999 3689 1363 3744 continentur.
1396 3688 1643 3744 Secunda
1690 3704 1819 3760 ergo
1847 3705 1972 3761 pars
2003 3691 2133 3745 inei-

552 3790 701 3850 peret
750 3794 780 3832 a
831 3779 978 3833 dicto
1023 3777 1307 3843 Pontiano,
1360 3787 1414 3834 et
1460 3779 1512 3833 in
1544 3778 1648 3833 hac
1682 3780 1882 3849 passim
1929 3778 2131 3849 majora

552 3871 866 3940 pontiﬁcum
892 3870 1066 3941 elogia
1097 3870 1425 3935 referuntur,
1472 3870 1633 3929 iidem
1677 3872 1925 3928 consules
1975 3888 2130 3944 repe-

554 3969 763 4025 tuntur,
787 3960 901 4015 dies
923 3959 1301 4023 ordinationis,
1329 3968 1386 4015 et
1416 3960 1606 4015 mortis
1648 3961 1963 4031 pontiﬁcmu
1999 3964 2136 4019 assi-

552 4062 805 4123 gnantur.
860 4053 929 4108 Et
958 4054 1071 4107 haac
1116 4068 1243 4123 pars
1280 4054 1347 4109 ad
1377 4053 1535 4107 ﬁnem
1582 4052 1696 4111 fere
1734 4056 2018 4113 deducitur
2046 4058 2134 4112 ubi

553 4146 725 4201 sancti
756 4144 883 4201 Julii
914 4144 1147 4217 eIOgium
1196 4155 1394 4215 przeter
1438 4162 1640 4202 morem
1694 4146 1922 4203 aliorum
1976 4149 2138 4204 habet

554 4244 863 4292 accuratam
888 4237 1234 4292 basilicarum
1263 4236 1331 4291 ab
1360 4251 1425 4292 eo
1448 4247 1848 4293 exstructarum
1869 4239 2137 4293 narratio-

554 4345 703 4394 nem,
729 4344 793 4383 ex
820 4344 926 4399 qua
975 4328 1042 4383 12
1068 4328 1269 4398 Aprilis
1300 4330 1366 4382 ad
1397 4328 1557 4397 hujus
1602 4330 1773 4384 sancti
1807 4328 1933 4384 Julii
1973 4329 2135 4383 vitam

556 4420 938 4474 conﬁrmamus
965 4416 1124 4485 hujus
1151 4418 1382 4488 catalogi
1422 4420 1747 4474 eminentem
1788 4420 2136 4475 soliditatem.

557 4506 835 4563 Successit
864 4516 1052 4560 sancto
1080 4504 1221 4561 Julio
1250 4505 1513 4570 Liberius,
1542 4505 1696 4576 cujus
1727 4515 1973 4579 tempore
1996 4511 2138 4566 hunc

556 4610 797 4655 veterem
829 4597 1123 4652 indieulum
1154 4596 1522 4651 Romanorum
1563 4598 1875 4668 pontiﬁcum
1914 4612 2133 4658 contex-

558 4702 671 4747 tum
702 4692 888 4757 fuisse,
918 4689 1115 4746 asserit
1143 4687 1432 4759 Dionysius
1471 4688 1737 4759 Petavius,
1781 4692 1919 4750 libro
1953 4709 2004 4759 v,
2037 4695 2139 4755 Ra-

558 4785 775 4840 tionarii
806 4792 1133 4852 temporum,
1167 4794 1286 4850 cap.
1318 4778 1368 4841 5.
1398 4780 1489 4853 qui
1510 4795 1631 4841 eum
1655 4797 1820 4851 penes
1844 4799 1904 4838 se
1930 4784 2135 4840 habuit.

559 4876 689 4932 Post
710 4875 915 4931 obitum
941 4871 1141 4928 Liberii
1174 4872 1502 4933 constitutus
1538 4882 1623 4928 est
1648 4876 1885 4945 pontifex
1936 4875 2137 4938 Roma-

561 4983 665 5023 nus
698 4974 918 5029 sanctus
946 4963 1254 5030 Damasius,
1277 4963 1365 5033 qui
1401 4973 1618 5033 rogatus
1652 4980 1682 5019 a
1728 4976 1915 5023 sancto
1944 4967 2140 5023 Hiero-

562 5074 725 5132 nymo
747 5068 896 5128 gesta
925 5057 1258 5128 pontiﬁcum,
1287 5074 1408 5128 quae
1446 5059 1620 5128 potuit
1668 5061 1906 5130 reperire
1951 5062 2005 5116 in
2032 5078 2144 5118 sure

564 5149 708 5188 coalic
755 5149 934 5188 clndin
986 5149 1052 5188 ml
1098 5163 1219 5188 mum
1270 5148 1463 5188 diruti!
1543 5150 1672 5188 num
1721 5152 1929 5188 Παπιαοῖ
1974 5155 2137 5188 υη-Ιυι

2226 572 2541 630 Latinorum
2568 572 2863 629 secundum
2889 577 3008 642 post
3037 569 3255 624 Petrum
3282 567 3589 638 apostolum
3623 577 3821 637 putent

2227 664 2391 720 fuisse
2434 663 2787 719 Clementem.
2830 659 2931 716 Ubi
2982 659 3271 729 opinamur
3322 659 3545 714 nomine
3593 655 3823 714 Latino-

2226 771 2345 810 rum
2376 754 2603 809 indicari
2643 754 2786 808 hunc
2806 750 3124 822 Catalogum
3150 767 3179 804 a
3202 757 3392 805 sancto
3420 751 3663 805 Damaso
3691 752 3825 805 mis-

2225 866 2344 906 sum
2371 850 2437 904 ad
2483 858 2728 904 sanctum
2772 846 3184 919 Hieronymum,
3219 847 3313 917 qui
3341 848 3508 904 etiam
3533 848 3631 903 lib.
3662 864 3696 909 ι,
3730 850 3827 904 ad-

2224 955 2415 995 versus
2438 936 2780 994 Iovinianum
2812 938 3044 1010 appellat
3079 937 3413 993 Clementem
3443 952 3825 993 successorem

2226 1031 2451 1101 apostoﬁ
2480 1030 2648 1097 Petri,
2687 1040 2742 1085 et
2789 1032 2839 1085 in
2882 1046 3002 1101 cap.
3051 1047 3149 1096 LII,
3197 1029 3350 1086 Isaia:
3398 1030 3669 1097 scribens,
3726 1031 3823 1095 ait,

2225 1138 2348 1178 eum
2377 1131 2500 1193 post
2528 1122 2745 1176 Petrum
2792 1121 3090 1176 Romanam
3125 1122 3330 1177 rexisse
3356 1121 3682 1184 Ecclesium,
3715 1123 3827 1177 sci-

2228 1212 2352 1268 licet
2395 1212 2715 1283 interposito
2753 1213 2820 1268 ad
2868 1212 3137 1268 modicum
3171 1222 3383 1283 tempus
3427 1221 3620 1267 sancto
3663 1211 3825 1275 Lino.

2226 1303 2312 1357 cui
2342 1305 2671 1359 successisse
2707 1303 3042 1359 Clementem
3092 1303 3312 1357 tradunt
3352 1302 3587 1373 Optatus
3621 1303 3826 1356 Milevi-

2228 1402 2406 1457 tanus,
2444 1392 2538 1448 lib.
2567 1410 2628 1458 u,
2652 1402 2707 1449 et
2732 1404 2953 1449 sanctus
2985 1394 3342 1463 Augustinus,
3374 1398 3536 1463 epist.
3564 1394 3690 1449 165.
3724 1415 3747 1447 ι

2298 1483 2350 1538 5.
2395 1484 2664 1540 Hactenus
2693 1484 3068 1541 chschenius
3111 1486 3177 1541 de
3200 1487 3509 1554 antiquiore
3546 1487 3820 1559 catalogo,

2227 1576 2370 1631 circa
2407 1575 2562 1645 cujus
2591 1579 2913 1633 sententiam
2946 1578 3199 1634 nonnulla
3231 1579 3421 1634 habuit
3465 1596 3518 1633 vt
3551 1596 3604 1635 c.
3652 1579 3824 1652 Pape-

2226 1669 2499 1734 brochius,
2526 1685 2647 1740 quae
2672 1671 2995 1741 corrigenda
3029 1672 3199 1726 duxit.
3237 1671 3383 1726 Duos
3406 1672 3552 1727 enim
3582 1675 3819 1744 catalogi

2229 1770 2479 1815 auctores
2504 1761 2633 1816 facit
2667 1760 3060 1826 Henschenius,
3092 1761 3392 1821 Antherum
3441 1764 3653 1823 scilicet
3680 1765 3827 1836 prio-

2230 1854 2326 1916 ris,
2350 1862 2404 1908 et
2436 1853 2721 1909 Damasum
2753 1855 3068 1924 posterioris
3093 1856 3283 1926 partis,
3314 1872 3479 1926 quam
3507 1865 3693 1911 tamen
3729 1874 3825 1929 po-

2230 1943 2511 1999 steriorem
2563 1954 2771 2015 partem
2824 1962 2855 1999 a
2895 1956 3130 2016 quatuor
3180 1946 3411 2004 diversis
3460 1951 3824 2020 compositam

2230 2033 2415 2099 fuisse,
2448 2036 2676 2091 credidit
2698 2036 3135 2106 Papebrochius;
3180 2039 3321 2094 unde
3351 2040 3403 2095 in
3440 2041 3727 2113 Propylmo
3754 2042 3820 2095 ad

2228 2128 2364 2184 Acta
2392 2138 2705 2185 sanctorum
2746 2129 2871 2185 Maii
2914 2131 3193 2200 sequentia
3227 2132 3475 2187 notavit:
3508 2152 3526 2184 ‹
3570 2133 3823 2189 Secunda

2228 2233 2358 2288 ergo
2387 2235 2514 2290 pars
2547 2220 2811 2290 inciperet
2832 2238 2861 2275 a
2891 2223 3036 2277 dicto
3065 2224 3347 2285 Pontiano,
3381 2232 3438 2279 et
3476 2224 3532 2279 in
3567 2225 3672 2281 bac
3699 2242 3820 2297 pas.

2229 2312 2331 2370 sim
2363 2310 2565 2382 majora
2597 2314 2915 2390 pontiﬁcum
2943 2316 3117 2388 elogia
3146 2317 3479 2383 referuntur,
3504 2319 3672 2379 iidem
3695 2335 3821 2379 cou-

2229 2404 2373 2460 sules
2404 2415 2743 2475 repetuntur,
2768 2408 2881 2462 dies
2907 2407 3266 2464 ordinationis
3290 2419 3344 2467 et
3391 2412 3586 2465 mortis
3632 2413 3816 2481 ponti.

2232 2496 2391 2551 ﬁcum
2432 2498 2797 2568 assignantur.
2844 2498 2909 2555 Et
2949 2501 3062 2556 haec
3090 2516 3216 2571 pars
3247 2512 3480 2572 quatuor
3508 2504 3821 2559 successive

2230 2598 2491 2649 auctores,
2518 2591 2730 2646 videtur
2762 2592 3016 2648 habuisse
3043 2594 3299 2648 nonnulla
3330 2594 3454 2667 styli
3502 2595 3822 2653 diversitate

2229 2681 2654 2752 dignoseendos;
2699 2700 2927 2753 quorum
2982 2685 3191 2756 primus
3236 2702 3358 2741 cum
3406 2696 3597 2742 sancto
3649 2687 3823 2743 Felice

2233 2771 2486 2838 ﬁniverit,
2518 2777 2787 2831 secundus
2822 2785 2933 2831 tres
2961 2777 3120 2847 hujus
3149 2791 3496 2833 successores
3536 2777 3822 2848 adjecerit.

2231 2861 2650 2933 Entychianum.
2689 2865 2901 2932 Caium,
2931 2876 2985 2922 et
3035 2867 3434 2935 Marcellinum;
3483 2870 3682 2923 tertius
3702 2871 3826 2939 jun-

2231 2955 2374 3009 xerit
2402 2954 2713 3012 Marcellum
2739 2967 2796 3013 et
2821 2958 3112 3015 Eusebium
3140 2978 3153 3014 :
3187 2972 3415 3030 quartus
3457 2976 3488 3014 a
3519 2960 3827 3019 Melcbiade

2231 3062 2402 3116 usque
2450 3048 2517 3101 ad
2557 3047 2757 3104 Liberii
2806 3049 2958 3104 initia
3002 3050 3350 3121 scriptionem
3398 3052 3826 3117 continuaverit,

2231 3138 2475 3195 ﬂoruerit
2503 3149 2680 3196 autem
2713 3143 2812 3196 sub
2860 3142 3023 3213 hujus
3058 3143 3341 3199 decessore
3366 3142 3530 3209 Julio,
3571 3144 3626 3200 in
3670 3144 3829 3214 cujus

2230 3232 2404 3304 elogio
2431 3244 2627 3302 praeter
2655 3250 2862 3290 morem
2906 3236 2960 3290 in
2994 3237 3270 3306 prioribus
3300 3236 3492 3308 elogiis
3516 3248 3827 3303 servatum,

2230 3322 2462 3380 habetur
2490 3333 2741 3379 accurata
2793 3325 3144 3382 basilicarum
3193 3328 3262 3381 ab
3312 3342 3377 3381 eo
3419 3335 3825 3389 exstructarum

2230 3413 2492 3468 narratio.
2546 3432 2565 3465 ι
2618 3412 2824 3468 Omitto
2874 3425 3104 3479 caetera,
3151 3431 3271 3486 qua:
3314 3431 3439 3470 cum
3492 3414 3826 3471 Heuschenii

2231 3502 2497 3561 sententia
2523 3503 2771 3574 superius
2810 3504 3044 3559 iudicata
3065 3506 3399 3569 coinciduut,
3423 3506 3559 3560 adeo
3591 3504 3825 3574 utjuxta

2233 3592 2660 3664 Papebrochium
2685 3595 2819 3651 nihil
2848 3597 3229 3668 corrigendum
3274 3598 3346 3653 sit
3370 3597 3422 3652 in
3454 3598 3575 3668 ejus
3620 3599 3823 3662 verbis,

2231 3703 2396 3758 quam
2427 3688 2573 3758 quod
2621 3688 2741 3744 loco
2778 3689 3005 3743 duorum
3046 3689 3409 3760 antiquissimi
3450 3689 3692 3759 catalogi
3734 3706 3828 3743 au-

2233 3788 2466 3845 ctorum,
2496 3781 2733 3851 quinque
2753 3780 2977 3836 omnino
3001 3791 3254 3835 auctores
3284 3780 3648 3835 substituendi
3695 3781 3827 3835 sint.

2234 3866 2393 3939 Circa
2438 3885 2600 3939 quam
2664 3871 3057 3924 correctionem
3108 3886 3175 3924 an
3233 3868 3445 3926 felicius
3494 3871 3834 3940 processerit

2235 3974 2397 4029 quam
2453 3958 2846 4027 Henschenius,
2872 3960 2985 4030 jam
3046 3962 3424 4032 inquirendum
3472 3972 3588 4027 est;
3642 3962 3828 4020 omnia

2235 4052 2381 4107 enim
2420 4068 2540 4123 quae
2568 4054 2635 4109 de
2663 4055 2873 4125 primre,
2908 4064 2963 4111 et
3003 4056 3251 4110 secundae
3294 4056 3467 4127 partis
3508 4059 3831 4115 auctoribus

2237 4157 2269 4196 a
2299 4144 2509 4200 duobus
2536 4146 2622 4200 his
2648 4146 2782 4202 viris
2815 4147 2904 4202 cll.
2948 4147 3093 4202 dicta
3125 4156 3272 4213 sunt,
3303 4148 3614 4206 nullatenus
3659 4150 3832 4206 subsi-

2238 4245 2382 4291 Stere
2409 4237 2684 4292 existimo.

2309 4325 2363 4381 6.
2404 4328 2472 4382 Et
2508 4337 2567 4382 ut
2610 4329 2677 4384 de
2718 4330 2917 4401 prioris
2939 4331 3109 4401 partis
3134 4339 3357 4387 auctore
3384 4333 3439 4386 in
3461 4333 3661 4402 primis
3686 4346 3831 4406 παρ’

2241 4436 2382 4486 mus,
2419 4420 2617 4481 dicitur
2664 4431 2853 4489 auctor
2886 4423 3051 4479 fuisse
3093 4432 3314 4485 sanctus
3346 4424 3640 4489 Antherus
3668 4442 3828 4496 papa,

2242 4513 2311 4568 de
2343 4528 2451 4582 quo
2478 4514 2757 4586 catalogus
2778 4517 3071 4580 secundus,
3100 4517 3191 4586 qui
3225 4516 3277 4570 in
3309 4516 3489 4572 Felice
3510 4516 3577 4572 IV
3603 4519 3829 4581 desinit,

2241 4604 2437 4659 saeculo
2463 4614 2617 4660 sexto
2640 4606 2982 4676 conscriptus
3015 4625 3029 4661 :
3079 4626 3097 4659 ι
3144 4606 3247 4661 Hic
3267 4618 3412 4678 gesta
3430 4620 3730 4680 martyrum
3750 4612 3830 4667 di-

2241 4695 2458 4766 ligenter
2492 4713 2524 4750 a
2572 4697 2794 4751 notariis
2826 4698 3124 4770 acquisivit,
3162 4709 3210 4754 et
3253 4700 3307 4753 in
3337 4699 3554 4763 ecclesia
3588 4704 3830 4759 recondi-

2242 4786 2340 4840 dit.
2372 4807 2390 4839 ι
2428 4787 2581 4842 Alius
2612 4786 2983 4845 Romanorum
3024 4790 3340 4860 pontiﬁcum
3380 4791 3662 4862 catalogus
3705 4803 3832 4850 tem-

2243 4891 2374 4945 pore
2400 4877 2579 4936 Caroli
2611 4877 2789 4949 Magni
2814 4889 3093 4945 exaratus.
3129 4891 3187 4936 et
3220 4882 3273 4936 in
3303 4881 3632 4938 bibliotheca
3673 4883 3829 4939 Pala-

2246 4968 2643 5025 tino-Vaticana
2699 4979 3019 5032 asservatus
3046 4972 3211 5027 habet
3251 4974 3317 5027 de
3340 4973 3630 5028 Anthero:
3672 4994 3693 5027 ι
3730 4972 3828 5029 Hic

2245 5069 2389 5130 gesta
2417 5070 2709 5130 martyrum
2750 5061 3025 5133 diligenter
3057 5064 3352 5133 exquisivit.
3390 5084 3408 5114 ι
3449 5063 3617 5119 Liber
3646 5064 3826 5121 Ponti-

2248 5150 2413 5186 ηηιιιῖο
2477 5161 2631 5184 nun-Il
2680 5153 2839 5182 ιιηλζη
2887 5163 3057 5180 η-ηιηι
3139 5157 3329 5178 ..-κρατί
3382 5158 3501 5176 -.-μιν
3671 5168 3683 5174 -
3726 5159 3738 5174 ι
3811 5159 3821 5169 -

2477 5161 2631 5184 nun-Il
2680 5153 2839 5182 ιιηλζη
2887 5163 3057 5180 η-ηιηι
3139 5157 3329 5178 ..-κρατί
3382 5158 3501 5176 -.-μιν

3935 386 3937 419 l

3936 584 3937 603 ι

3938 668 3939 689 l
