3996 5412
153 245 261 300 1⁸39

774 243 1203 302 εειιιειεετιι.
1238 244 1552 302 οιεεειιτ.
1595 246 1683 301 DE
1724 246 1746 299 Α

1852 244 1959 313 ῚΟ.
2003 246 2166 301 ιιυιι.
2210 245 2411 301 ΡΟΧΤ.
2453 241 2792 301 CATALOG.

3338 241 3437 296 ιτο

154 357 415 429 martyrii
464 358 668 413 mentio
715 360 1020 429 reperitur;
1060 369 1424 429 praeterquam
1468 360 1522 414 in
1569 359 1753 423 Petro,
1791 367 1831 421 Α
1865 358 2126 415 Romanis
2167 359 2516 417 Pontifieibus
2563 359 3076 417 demonstravimus.
3125 356 3308 416 Tertio
3341 378 3436 431 po-

153 452 250 521 qni
288 452 456 506 unico
503 451 672 505 verbo
712 452 813 505 sub
862 449 1077 506 Nerone
1123 467 1316 521 passus
1367 451 1582 514 dicitur,
1622 452 1755 506 etin

154 543 451 607 Pontiano,
476 543 566 613 qui
594 544 646 597 in
677 543 931 597 exsilium
957 544 1156 597 missus
1184 543 1538 612 perhibetur?
1562 542 1618 596 Si
1644 543 1755 596 luce

157 650 284 705 pars
312 636 624 690 contineret
676 635 764 689 illa
790 650 1020 704 quorum
1068 635 1274 703 antiqui
1302 634 1533 702 catalogi
1566 634 1755 687 memi-

156 734 380 789 nerunt,
410 740 592 780 nonne
640 733 793 795 gesta
824 724 1139 794 pontiﬁcum
1179 739 1477 793 eorumque
1505 723 1749 794 martyrii

158 830 334 885 genus
370 816 426 870 in
464 816 551 869 illa
573 816 834 870 adnotata
868 814 1131 869 fuissent?
1160 814 1286 869 llsec
1310 816 1451 870 enim
1482 825 1608 870 sunt
1633 830 1752 884 quae

159 908 439 962 Antherus
473 922 612 978 papa
654 922 684 961 a
734 907 964 962 notariis
992 906 1275 976 diligenter
1297 906 1667 974 couquisiisse,
1697 914 1754 959 et

160 1000 211 1052 in
244 999 496 1053 Ecclesia
550 998 924 1054 recondidisse
974 999 1166 1061 fertur,
1215 1014 1322 1054 non
1361 1007 1543 1053 autem
1596 1013 1746 1053 mera

159 1090 532 1143 Romanorum
586 1090 904 1158 pontiﬁcum
965 1091 1185 1146 nomina
1242 1106 1365 1145 cum
1411 1090 1745 1154 consulibus,

156 1178 355 1247 quibus
395 1178 595 1248 singuli
640 1188 946 1249 cmperunt,
994 1188 1050 1233 et
1078 1180 1373 1243 desierunt,
1399 1187 1455 1233 ut
1498 1180 1550 1233 in
1581 1180 1747 1248 priori

160 1278 311 1339 parte
334 1270 668 1341 antiquioris
692 1271 947 1339 catalogi,
966 1272 1030 1326 de
1044 1286 1147 1341 qua
1176 1273 1226 1325 in
1247 1271 1495 1341 praesenti
1514 1272 1744 1340 agimus.

161 1362 360 1415 Deinde
390 1362 693 1416 notandum
740 1364 962 1417 omnino
990 1372 1091 1425 est,
1124 1364 1408 1416 Ant/terum
1432 1374 1573 1431 gesta
1601 1379 1747 1415 mar-

157 1462 328 1520 tyrum
350 1452 719 1521 conquisiisse,
736 1467 839 1507 non
862 1453 1033 1508 solum
1051 1468 1387 1508 summorum
1411 1453 1743 1523 pontiﬁcum,
1768 1500 1773 1505 .

157 1542 249 1596 sed
275 1542 505 1598 aliorum
532 1558 989 1613 quorumcunque
1018 1542 1281 1608 ﬁdelium,
1311 1544 1402 1612 qui
1427 1559 1524 1614 pro
1546 1542 1744 1597 Christi

159 1636 261 1689 lile
291 1635 349 1689 in
372 1636 486 1690 dies
516 1636 841 1695 martvrium
872 1636 1115 1698 obibant,
1153 1636 1289 1690 adeo
1325 1644 1383 1689 ut
1420 1644 1594 1706 gesta,
1625 1649 1746 1704 qua:

1858 450 1937 503 nit
1988 466 2158 505 annos
2214 450 2530 521 pontificum
2580 461 2633 505 et
2682 449 2931 504 consules
2977 450 3200 505 exordio
3248 460 3301 505 et
3347 454 3437 505 fini

1857 544 2263 613 pontiﬁcatuum
2288 544 2611 613 assignatos,
2641 544 2732 597 sed
2761 545 2895 596 adeo
2922 542 2973 595 in
3000 542 3271 614 plerisque
3301 542 3435 598 locis

1855 633 1955 687 sibi
1986 643 2367 703 repugnantes.
2415 641 2474 687 ut
2523 643 2733 703 tempus
2774 648 3042 687 annorum
3086 642 3140 687 et
3170 634 3433 687 mensium

1854 724 2167 779 adversetur
2195 726 2524 789 consulibus,
2544 734 2597 779 et
2622 725 2901 780 consulum
2937 733 3179 795 tempora
3213 726 3432 795 paucio-

1854 828 1963 879 res,
2010 815 2256 885 pluresve
2296 832 2501 881 annos,
2550 832 2711 886 quam
2742 832 2772 870 a
2804 817 3050 889 catalogo
3088 817 3431 883 exhibentur,

1854 905 2155 977 designent.
2182 906 2353 961 Unum
2371 924 2399 961 e
2422 907 2663 976 pluribus
2681 908 2971 964 adduxisse
2995 909 3242 964 sulliciet.
3262 906 3432 963 liabet

1852 997 1918 1051 de
1942 1007 2134 1050 octavo
2168 998 2420 1067 poutilice
2468 999 2741 1068 antiquior
2774 1001 2859 1055 hic
2898 1002 3174 1072 catalogus
3205 1044 3217 1056 .
3254 1022 3271 1054 t
3309 1001 3430 1057 Six-

1852 1094 1938 1142 tus
1964 1089 2119 1141 annis
2158 1104 2210 1149 χ,
2245 1088 2519 1144 mensibus
2548 1106 2631 1154 ιιι,
2672 1091 2862 1146 diebus
2900 1108 3013 1147 ut.
3065 1093 3186 1146 Fuit
3218 1102 3425 1161 tempo-

1853 1181 2001 1235 ribus
2044 1181 2333 1245 lladriaui,
2380 1197 2409 1235 a
2463 1184 2743 1237 consulatu
2794 1183 2938 1254 Nigri
3008 1192 3063 1237 et
3114 1186 3429 1253 Aproniani,

1852 1288 2019 1341 usque
2064 1270 2203 1327 Vero
2255 1288 2313 1327 ιιι
2356 1282 2410 1327 et
2458 1273 2763 1328 Ambibulo.
2805 1294 2822 1325 ι
2882 1275 3019 1327 Anni
3076 1285 3431 1327 tuuncrantnr

1850 1362 2057 1425 decem,
2091 1371 2144 1416 et
2201 1379 2414 1418 menses
2457 1372 2583 1423 tres.
2639 1364 2725 1417 ubi
2786 1364 2946 1431 Niger
2992 1375 3042 1418 et
3090 1365 3433 1434 Apronianus

1850 1451 2098 1504 consules
2131 1451 2345 1505 luerunt
2366 1469 2471 1505 :L't‘tl
2496 1452 2701 1522 vulgari
2742 1453 2858 1506 ll7.
2894 1454 3060 1507 Verus
3083 1464 3263 1508 autem
3294 1471 3353 1510 ιιι
3377 1467 3434 1511 et

1848 1540 2167 1594 Ambibalus
2214 1542 2553 1596 consulatum
2582 1543 2833 1596 obierunt
2880 1560 2985 1596 aera
3020 1544 3140 1598 1:26.
3180 1545 3260 1601 Ab
3291 1563 3433 1602 anno

1850 1640 2031 1684 autem
2061 1632 2159 1686 ll7
2183 1633 2248 1684 ad
2274 1632 2389 1696 ltili,
2408 1649 2514 1687 non
2540 1636 3050 1703 possuntnumerari
3074 1639 3198 1691 anni
3223 1638 3430 1704 decem,

158 1728 272 1793 ipse
328 1727 380 1778 in
442 1726 689 1781 Ecclesia
726 1726 1072 1788 recondidit,
1140 1726 1322 1796 potius
1379 1725 1745 1796 Marlyrologii
1780 1716 1822 1776 Β
1850 1731 1905 1777 et
1932 1738 2145 1777 menses
2172 1731 2301 1785 tres,
2331 1723 2422 1778 sed
2456 1732 2662 1778 tantum
2708 1724 2832 1779 anui
2869 1741 3089 1791 novem;
3125 1727 3348 1799 ideoque
3379 1737 3434 1784 et

154 1831 314 1887 quam
341 1817 573 1888 catalogi
598 1817 827 1871 formam
863 1817 1119 1872 lnbuisse
1144 1818 1468 1886 Oportuerit.
1499 1816 1741 1884 SUlljllll-

155 1913 382 1979 gitvero
433 1919 629 1965 auctor
655 1910 778 1964 libri
809 1909 1143 1964 Pontiﬁealis
1175 1910 1227 1963 in
1279 1909 1561 1966 Fabiano:
1598 1908 1746 1965 Fecit

153 2012 341 2069 septem
375 2002 752 2066 subdiaconos,
787 2002 877 2071 qui
911 2010 1104 2070 septem
1135 2002 1355 2055 notariis
1395 2001 1744 2065 imminerent,

154 2102 208 2144 ut
264 2103 411 2161 gesta
471 2106 765 2164 martyrum
826 2096 880 2147 in
937 2094 1195 2163 integrum
1250 2093 1571 2164 colligerent.
1630 2092 1748 2159 Quo

153 2189 405 2260 loquendi
457 2192 620 2246 modo
672 2191 959 2255 indicatur,
1001 2198 1225 2245 cunctos
1278 2198 1580 2260 martyrum
1622 2204 1746 2257 pro-

152 2296 357 2347 cessus,
389 2292 687 2349 tormenta,
742 2285 927 2347 verba,
965 2292 1020 2337 et
1056 2293 1229 2352 gesta,
1281 2298 1309 2335 a
1341 2282 1569 2337 notariis
1590 2282 1745 2353 jussu

155 2372 379 2427 Fabiani
414 2374 705 2443 diligenter
728 2387 943 2443 quoque
971 2373 1224 2427 adnotata
1274 2371 1460 2427 fuisse.

215 2463 269 2516 7.
314 2462 387 2517 Ut
411 2474 598 2517 autem
619 2464 820 2517 clarius
842 2471 1057 2518 constet
1082 2462 1381 2517 Antherum
1419 2478 1611 2533 papam
1638 2478 1743 2517 non

149 2568 268 2609 esse
291 2564 581 2608 auctorem
608 2555 805 2624 prioris
830 2554 1058 2623 eatalogi
1091 2554 1286 2623 partis,
1322 2553 1483 2609 refert
1512 2555 1741 2626 catulagi

151 2655 339 2701 auctor
361 2644 701 2700 Clementem
757 2654 880 2699 ante
930 2645 1137 2700 Cletum
1180 2656 1368 2700 contra
1426 2655 1742 2715 perpetuam

151 2738 409 2792 Romana:
440 2738 698 2793 Ecclesia:
729 2738 1102 2802 traditionem,
1126 2752 1246 2807 qua:
1276 2739 1329 2791 in
1361 2739 1744 2808 antiquissimo

146 2844 357 2884 canone
392 2830 581 2884 missae
619 2830 728 2898 jam
772 2830 894 2884 inde
932 2845 961 2883 a
1005 2829 1165 2884 tertio
1203 2830 1283 2884 vel
1315 2838 1509 2898 quarto
1547 2830 1743 2885 seculo

151 2924 476 2976 memoriam
526 2920 652 2976 fecit
696 2920 835 2985 Liui,
866 2918 1017 2985 Cleti,
1043 2919 1346 2996 Clementis,
1375 2921 1465 2990 qui
1504 2930 1587 2973 cst
1612 2922 1743 2974 ordo

147 3015 455 3082 primorum
500 3013 812 3083 poutilicum
854 3013 1007 3082 juxta
1060 3012 1364 3067 Romanam
1418 3011 1737 3065 Ecclesium.

1850 1816 2173 1871 Godefritlus
2203 1816 2575 1871 lleuschenius
2620 1818 2669 1871 in
2702 1833 2794 1872 sua
2844 1819 3164 1873 chronotaxi
3212 1822 3435 1891 protulit

1849 1908 2219 1978 pontiﬁcatum
2273 1907 2408 1962 Sixti
2474 1910 2540 1963 ad
2584 1926 2786 1963 annum
2842 1909 2961 1964 ιΞἹ.
3016 1909 3167 1976 Quol
3209 1922 3263 1965 et
3306 1913 3429 1967 alibi

1847 1999 2048 2054 factum
2077 2000 2285 2055 videtur
2325 2011 2513 2056 contra
2565 2018 2767 2056 morem
2800 2003 3051 2072 catalogi,
3094 2004 3182 2073 qui
3217 2003 3435 2075 ttltitnps

1847 2090 2098 2146 consules
2140 2092 2400 2146 exhibere
2449 2094 2748 2157 consuevit,
2802 2095 2998 2164 quibus
3062 2096 3432 2151 oecubuerunt

1847 2182 2148 2252 pontiﬁces.
2176 2181 2353 2251 Atque
2390 2182 2521 2243 haec,
2570 2184 2623 2237 ni
2667 2183 2845 2248 l‘allor,
2885 2184 3151 2240 sufﬁciunt
3178 2190 3245 2241 ad
3273 2188 3430 2241 evin-

1846 2272 2076 2326 cendum
2106 2272 2344 2340 priorem
2379 2273 2609 2342 catalogi
2656 2282 2864 2342 partem
2909 2275 2976 2330 ab
3012 2276 3254 2331 Anthero
3293 2291 3430 2348 papa

1847 2364 2117 2419 conscribi
2150 2378 2254 2418 non
2283 2363 2541 2434 potuisse.

1915 2454 1968 2509 8.
2013 2454 2304 2509 Videamus
2336 2455 2449 2526 jam
2486 2456 2551 2509 de
2584 2456 2818 2510 secunla
2872 2464 3050 2527 parte,
3100 2473 3260 2528 quam
3291 2457 3429 2513 Hen-

1846 2545 2100 2601 schenius
2126 2546 2193 2599 ab
2242 2562 2349 2600 uno
2395 2555 2641 2609 auclore,
2689 2548 2943 2600 nimirum
2993 2548 3220 2602 Damaso
3266 2566 3427 2619 papa,

1845 2636 2246 2705 Papcbrochius
2277 2652 2405 2691 vero
2444 2653 2470 2690 a
2518 2645 2754 2705 quatuor
2797 2637 3026 2693 diversis
3080 2640 3417 2701 auctoribus.

1844 2730 1935 2800 qui
1966 2729 2034 2784 ab
2062 2729 2299 2783 Anthero
2325 2744 2491 2798 usque
2529 2731 2594 2782 all
2637 2728 2851 2784 Datnasi
2904 2739 3145 2799 tempora
3178 2732 3415 2800 scripseo

1848 2828 1993 2882 runt,
2042 2828 2321 2873 exaratam
2381 2819 2545 2873 fuisse
2583 2827 2861 2889 putarunt.
2910 2818 3087 2889 thue
3133 2820 3199 2875 de
3250 2820 3426 2890 primo

1848 2911 2038 2964 horum
2063 2921 2296 2979 quatuor
2334 2926 2575 2980 agamus,
2602 2911 2833 2965 credidit
2856 2908 3274 2980 Papebrochius,
3306 2928 3429 2967 eum

1846 3018 1967 3055 cum
1996 3012 2183 3055 sancto
2222 3002 2399 3056 Felice
2443 3002 2670 3068 ﬁniisse,
2722 3018 2955 3071 cumque
3000 3002 3147 3058 Felix
3189 3004 3427 3076 Dionysii

150 3077 291 3158 ὲωτί
332 3119 472 3174 ergo
501 3077 605 3157 non
634 3112 808 3172 potest
836 3077 976 3171 (ξιιοά
1008 3112 1157 3172 gesta
1187 3115 1484 3173 martyrum
1520 3119 1549 3153 ιι
1588 3111 1741 3155 nota-
1770 3077 1812 3137 (ἶ
1845 3107 2128 3146 successor
2159 3092 2355 3146 vixerit
2396 3093 2541 3147 circa
2583 3109 2782 3147 annum
2812 3093 2938 3157 272,
2983 3094 3099 3163 ejus
3133 3096 3304 3166 partis
3333 3110 3425 3150 au-

149 3196 242 3249 riis
264 3194 537 3248 Romanis
564 3194 848 3264 diligenter
893 3194 1231 3263 conscripta,
1281 3202 1335 3246 et
1382 3194 1449 3246 ab
1496 3192 1739 3246 Anthero

146 3301 283 3354 papa
316 3286 370 3339 in
400 3284 623 3339 scriniis
670 3284 924 3340 Romana:
952 3283 1209 3338 Ecclesia:
1242 3284 1540 3346 recondita,
1573 3280 1737 3336 alium

144 3380 398 3432 ordinem
448 3376 735 3431 habuerint
760 3417 775 3441 ,
812 3385 868 3431 et
894 3376 1226 3431 Clementem
1257 3376 1411 3430 Cleto
1435 3389 1741 3445 praeposue-

150 3471 274 3521 rint.
313 3467 509 3536 Neque
570 3467 635 3519 ad
684 3466 843 3534 hujus
896 3466 1122 3534 catalogi
1173 3476 1449 3519 auctorem
1504 3466 1742 3535 respexit

146 3560 305 3613 divus
351 3557 738 3627 Hieronymus,
786 3557 912 3610 dum
943 3556 1162 3624 scripsit
1194 3556 1245 3608 in
1286 3556 1584 3618 Clemente,
1614 3570 1741 3608 eun.

146 3649 317 3704 fuisse
370 3649 559 3702 ordine
611 3657 876 3717 quartum,
921 3649 1123 3700 tametsi
1166 3646 1394 3716 plerique
1430 3646 1739 3701 Latinorum

144 3742 445 3797 secundum
510 3748 621 3809 post
672 3736 890 3792 Petrum
954 3737 1246 3807 apostolum
1318 3737 1479 3805 fuisse
1542 3745 1741 3804 puteus.

150 3835 457 3889 Enimvero
501 3846 598 3899 per
638 3830 922 3900 plerosque
964 3827 1279 3882 Latinorum
1328 3843 1434 3882 non
1480 3828 1745 3881 intellexit

148 3927 307 3979 divus
341 3924 711 3993 Hieronymus
764 3920 1437 3984 Romanam-Ecclesium,
1486 3912 1581 3973 aut
1630 3916 1747 3983 ejus

146 4018 491 4088 pontifices,
544 4017 635 4071 sed
698 4025 943 4071 sanctum
994 4012 1285 4084 Optatum,
1343 4010 1743 4079 nonnttllosque

146 4111 465 4179 scriptores
476 4107 713 4169 Latinos,
737 4116 792 4159 et
813 4105 991 4159 forsan
1009 4112 1283 4158 auctorem
1310 4102 1470 4172 hujus
1493 4102 1741 4179 catalogi,

145 4203 241 4272 qui
296 4202 557 4269 tempore
602 4198 797 4252 Liberii
852 4197 1004 4261 vixit,
1048 4207 1102 4251 et
1150 4209 1254 4249 non
1308 4194 1598 4259 Damasus,
1650 4194 1744 4248 sed

145 4296 410 4364 privatus
453 4290 684 4359 scriptor
730 4287 862 4352 fuit;
917 4288 1058 4342 unde
1091 4288 1247 4342 divus
1280 4286 1639 4359 Hieronymus
1679 4288 1748 4341 ab

146 4384 317 4453 hujus
363 4383 611 4437 auctoris
654 4391 707 4436 et
749 4381 922 4435 sancti
949 4378 1128 4448 Ορωιί
1171 4380 1443 4434 sententia
1468 4380 1765 4443 discessit;

1844 3194 2051 3238 ctorem
2085 3193 2209 3238 ante
2252 3185 2431 3239 saeculi
2464 3186 2608 3239 tertii
2656 3185 2816 3241 ﬁnem
2849 3185 3114 3240 floruisse.
3150 3187 3347 3242 Verum
3380 3189 3423 3242 si

1844 3284 2032 3329 auctor
2055 3275 2198 3329 tertii
2242 3276 2422 3330 εξελαυιί
2478 3284 2686 3346 partem
2720 3275 2948 3345 catalogi
2979 3278 3044 3330 ab
3074 3276 3320 3333 Anthero
3355 3278 3425 3334 ad

1846 3362 2078 3418 Felicem
2120 3364 2535 3433 composuisset,
2584 3374 2892 3434 perspectos
2923 3366 3108 3437 procul
3148 3366 3312 3419 dubio
3335 3368 3429 3422 ha-

1845 3454 2051 3509 huissct
2097 3455 2178 3508 sui
2231 3454 2492 3524 temporis
2540 3456 2888 3523 pontificatus
2922 3498 2935 3518 ,
2988 3467 3041 3510 et
3092 3457 3425 3521 consulatus,

1845 3548 2065 3617 suisque
2103 3547 2417 3603 consulibus
2449 3547 2736 3617 pontifices
2762 3548 3091 3619 assignassct
3126 3569 3136 3600 :
3164 3558 3217 3603 et
3244 3558 3423 3603 tamen

1847 3636 2110 3700 videmus,
2140 3637 2306 3691 etiam
2339 3636 2389 3689 iu
2418 3637 2519 3691 hac
2540 3646 2696 3701 parte
2729 3637 2974 3709 catalogi,
3004 3641 3198 3707 saipius
3227 3655 3394 3693 consu
3414 3669 3428 3679 ς

1846 3728 1924 3783 les
1949 3728 2109 3782 unius
2137 3728 2483 3796 pontiﬁcatus
2537 3727 2751 3782 misceri
2803 3744 2923 3783 cum
2955 3730 3269 3786 consulibus
3290 3730 3426 3786 alte-

1848 3820 1960 3873 rius
2006 3818 2344 3888 pontiﬁcatui
2396 3818 2704 3886 assignatis.
2764 3816 2919 3873 Unde
2979 3820 3227 3887 provenit
3281 3820 3423 3891 quod

1847 3913 2158 3981 frequenter
2209 3913 2598 3967 recurrendum
2630 3912 2701 3966 sit
2732 3914 2798 3966 ad
2845 3914 3186 3978 vicarialum,
3234 3924 3292 3969 ut
3314 3930 3424 3986 quo

1848 4017 2087 4074 tempore
2110 4003 2475 4073 prredecessor
2512 4004 2691 4058 adhuc
2720 4004 2944 4059 sedebat
2970 4020 3130 4059 verus
3152 4005 3419 4075 pontifex,

1847 4094 2144 4151 successori
2176 4093 2545 4164 assignaretur
2569 4092 2863 4149 vicariatus
2936 4104 2992 4148 ut
3039 4094 3116 4149 sic
3158 4095 3424 4152 veriﬁcari

1848 4196 2030 4259 posset
2064 4202 2187 4242 eum
2218 4186 2615 4256 quodammodo
2665 4185 2829 4241 fuisse
2872 4184 3199 4257 pontiﬁcem.
3251 4188 3328 4243 Ita
3359 4190 3425 4245 de

1848 4279 2108 4349 vigesimo
2155 4286 2351 4348 quarto
2393 4275 2647 4347 pontiﬁce
2698 4275 2858 4332 habet
2892 4276 3207 4349 catalogus:
3248 4298 3265 4329 ι
3311 4279 3431 4334 διον

1849 4369 2060 4439 phanus
2101 4382 2273 4423 annos
2308 4376 2565 4437 quatuor,
2604 4382 2824 4422 menses
2867 4367 3023 4431 duos,
3074 4369 3189 4422 dies
3239 4368 3430 4439 viginti

142 4438 590 4535 et'Clemcntem
620 4489 721 4528 non
750 4438 1076 4535 secundum,
1108 4471 1201 4525 sed
1238 4479 1493 4541 quartum
1525 4487 1555 4525 ει
1586 4438 1747 4528 ιδεμ-δ
1780 4438 1825 4495 1)
1851 4438 2037 4513 unum.
2070 4456 2196 4512 Fuit
2221 4458 2555 4529 temporibus
2582 4454 2853 4511 Valeriani
2882 4467 2935 4512 et
2962 4457 3215 4523 Gallieni,
3247 4475 3276 4512 a
3308 4438 3434 4515 con-

143 4567 487 4638 pontiﬁcem
523 4562 684 4618 fuisse
711 4564 917 4618 statuit.
967 4562 1217 4618 Secundo
1246 4563 1400 4631 ponit
1425 4563 1573 4632 prior
1601 4574 1745 4619 cata-

145 4659 259 4727 logi
315 4669 459 4727 pars
494 4654 771 4708 Anicetum
802 4662 929 4708 ante
964 4652 1142 4716 Pium,
1183 4654 1324 4721 quod
1370 4667 1489 4707 esse
1516 4653 1745 4707 alterum

143 4745 398 4816 catalogi
453 4758 726 4805 errorem,
779 4743 1070 4799 ostendunt
1144 4744 1368 4797 istorum
1446 4750 1747 4813 temporum

142 4839 506 4907 scriptorum
560 4833 663 4887 duo
692 4834 833 4888 omni
868 4834 1184 4903 exceptione
1231 4832 1483 4901 majores,
1513 4834 1748 4889 lrenzeus

144 4931 428 4985 nimirum
477 4924 843 4992 Lugdunensis
872 4926 922 4980 in
956 4926 1125 4983 Gallia
1156 4926 1461 4997 episcopus,
1487 4936 1542 4981 et
1572 4926 1745 4996 Rege—

139 5023 346 5090 sippus
415 5016 745 5079 historicus,
799 5016 887 5084 qui
936 5018 1036 5072 sub
1078 5017 1304 5072 Aniceto
1343 5025 1398 5072 et
1442 5017 1750 5071 Eleutherio

143 5114 397 5167 Romam
442 5115 735 5169 venerunt,
764 5115 818 5161 et
844 5123 1071 5177 quorum
1099 5108 1407 5164 testimonia
1432 5118 1557 5163 autc
1586 5121 1751 5161 uccce

143 5219 331 5260 annos
358 5203 423 5255 in
465 5198 628 5252 libris
669 5198 728 5253 de
768 5198 989 5256 llistoria
1020 5200 1404 5258 Ecclesiastica
1438 5200 1621 5256 retulit
1653 5198 1755 5252 Eu-

140 5296 344 5351 sebius
406 5290 779 5345 Cmsareensis
824 5290 872 5345 in
921 5292 1200 5349 Pal-.estina
1242 5292 1549 5361 episcOpus.
1610 5290 1753 5344 Sane

141 5396 252 5412 ι-..-
305 5383 577 5412 Ιι-ιιηαιη.
627 5393 778 5412 ηιμ-ιη
836 5380 1157 5412 ιῘηι-Λμῖη-ιηη
1206 5382 1423 5412 ..ΜΛ-..ιο
1480 5383 1501 5412 Α
1521 5382 1752 5412 -εἶηΛΙηηὶ

1850 4547 2030 4601 sulatu
2059 4545 2331 4601 Volusiani
2360 4554 2413 4601 et
2450 4544 2725 4601 Maximini
2773 4562 2941 4615 usque
2964 4546 3252 4603 Valeriano
3282 4547 3345 4602 ιιι
3379 4558 3435 4603 et

1852 4638 2094 4694 Gallieno
2118 4637 2181 4692 ll.
2215 4658 2233 4691 ι
2262 4637 2588 4693 Volusianus
2614 4648 2666 4693 et
2696 4637 3019 4693 Maximinus
3047 4638 3262 4692 luerunt
3300 4655 3433 4694 con-

1852 4729 1997 4785 sules
2031 4744 2172 4783 anno
2224 4728 2348 4791 233,
2383 4728 2579 4797 quibus
2629 4728 2847 4799 ponitur
2879 4741 2909 4780 a
2941 4727 3185 4796 catalogo
3211 4728 3431 4783 initittm

1854 4826 2196 4896 pontiﬁcatus
2225 4825 2400 4887 Lucii,
2445 4824 2588 4879 unde
2638 4834 2765 4878 tunc
2810 4830 3056 4878 sanctum
3101 4821 3439 4894 Stephanum

1860 4916 2008 4971 Lucii
2033 4916 2291 4970 vicarium
2324 4913 2510 4979 fuisse,
2554 4910 3156 4976 scribitHenschenius,
3182 4913 3273 4982 qui
3316 4911 3442 4969 Stev

1860 5008 2038 5079 phano
2067 5016 2273 5061 tantum
2326 5003 2516 5058 tribuit
2562 5015 2774 5059 menses
2796 5000 3037 5075 quinque
3064 5011 3188 5075 post
3217 5014 3443 5061 mortem

1863 5098 2034 5162 Lucii,
2072 5097 2261 5152 iisdem
2316 5091 2628 5149 consulibus
2658 5090 2947 5149 Valeriano
2992 5094 3055 5150 ιιι
3106 5101 3160 5149 et
3206 5091 3450 5150 Gallieno

1864 5187 1928 5251 ll,
1994 5202 2087 5243 seu
2139 5198 2281 5239 anno
2329 5178 2435 5235 255
2500 5184 2832 5255 assignatam
2870 5172 2955 5239 in
3010 5182 3271 5255 catalogo.
3342 5182 3476 5238 Sed-

1866 5277 2111 5347 quamvis
2169 5274 2257 5329 hie
2306 5271 2457 5324 locus
2514 5271 2816 5329 communis
2870 5274 2938 5331 de
2983 5272 3243 5331 vicariatu
3294 5281 3450 5343 aptus

1865 5378 2008 5412 ρςςρι
2050 5365 2117 5412 ad
2168 5359 2527 5412 snnnlendum
2568 5365 2765 5412 multas
2790 5364 3023 5412 catalnni
3069 5360 3335 5412 defectus.
3368 5369 3455 5412 ta-
