4010 6302
527 344 622 404 171

1246 343 1342 401 so
1376 338 1821 401 amsrasmu
1859 336 2371 397 PROLEGOMENA
2412 336 2590 396 sorr.
2632 304 3059 399 nou-vute.

3698 344 3803 400 172

526 457 716 541 plures
738 468 825 511 res
852 455 964 527 ipsa
990 453 1243 528 postulet.
1277 454 1568 508 Enimvero
1593 459 1840 507 sanctum
1879 448 2183 520 Stepha-sA
2213 449 2435 505 omnino
2461 453 2641 522 quoad
2665 455 2886 526 stylum,
2921 455 3195 512 scribendi
3225 456 3560 523 methodum,
3582 468 3639 515 et
3664 467 3804 517 tem-

529 546 680 612 t‘ntm,
717 560 778 601 ut
823 561 1010 602 verum
1048 544 1358 617 pontiﬁcem
1412 543 1552 598 ultra
1601 541 1842 612 quinque
1894 548 2111 597 menses

527 648 718 696 contra
738 636 1138 709 rebaptizantes
1162 636 1338 708 egisse
1389 641 1620 691 testatur
1640 624 1962 705 Cyprianus,
1982 631 2110 687 dum

527 733 632 789 hac
664 732 715 785 in
761 747 823 786 re
858 745 981 784 cum
1014 727 1337 784 auctoritate
1384 724 1661 797 pontiﬁcia
1705 712 1964 792 tanquam
2002 721 2112 792 epi-

528 812 804 892 scoporum
838 823 1133 893 episcopum
1161 820 1338 892 egisse
1374 817 1633 873 insinuat.
1664 816 1809 871 Idem
1840 813 2113 885 signiﬁcat

527 915 879 971 Firmilianus
912 928 1077 986 agens
1121 913 1188 969 de
1228 922 1381 983 petra
1412 910 1671 966 Ecclesiae
1696 906 2107 972 fundamentali,

525 1008 595 1064 de
624 1023 729 1080 qua
774 1007 1107 1078 Stephanum
1162 1004 1384 1077 gloriari
1429 1002 1666 1068 solitum,
1701 1000 1991 1058 manifeste
2015 1001 2112 1057 de-

525 1089 717 1154 clarat.
741 1098 1008 1155 Adderem
1045 1098 1133 1153 hic
1158 1097 1312 1167 plura
1344 1097 1395 1151 in
1426 1094 1586 1165 hujus
1621 1095 1698 1150 rei
1733 1093 2105 1177 conﬁrmatio-

524 1206 671 1258 nem,
709 1191 820 1247 nisi
859 1190 1263 1262 Papebrochius
1297 1187 1413 1259 ipse
1452 1189 1508 1244 in
1547 1188 1693 1243 notis
1734 1188 1802 1242 ad
1840 1185 2109 1258 Stephani

522 1270 716 1350 vitam,
743 1298 879 1354 quas
905 1282 1120 1337 exhibet
1179 1282 1232 1335 in
1266 1279 1485 1336 Conatu
1524 1278 1792 1335 chronici)
1847 1276 2111 1332 historico

525 1376 808 1433 confessus
832 1369 1067 1441 fuisset,
1121 1376 1238 1429 hmc
1282 1381 1433 1429 recte
1478 1388 1508 1426 a
1544 1386 1643 1427 'me
1683 1377 1867 1425 notata
1917 1367 2104 1433 fuisse,

522 1466 745 1538 ipseque
787 1465 1151 1530 ohservasset,
1182 1461 1433 1534 ejusdem
1471 1458 1776 1515 Firmiliani
1824 1458 2107 1529 epistolam

526 1556 707 1611 datam
729 1568 871 1620 esse,
887 1568 1009 1609 cum
1032 1553 1147 1610 fere
1169 1550 1465 1622 vigesimus
1483 1549 1753 1605 secundus
1772 1564 1949 1603 anuus
1966 1555 2113 1603 esset

526 1662 560 1703 a
589 1656 765 1704 morte
819 1646 1109 1703 Alexandri
1147 1643 1512 1715 imperatoris,
1545 1651 1605 1697 ut
1644 1650 1798 1697 notat
1847 1640 2110 1695 Baronius

522 1740 581 1795 in
602 1737 958 1796 Annalibus:
988 1753 1053 1792 ea
1097 1746 1276 1792 autem
1304 1735 1568 1791 acciderit
1600 1748 1743 1788 anno
1763 1731 1891 1787 2'55.
1925 1731 2110 1799 Quare

2214 541 2365 611 poris
2409 554 2565 599 notas
2593 544 2869 602 diversum
2897 553 3002 612 est,
3033 546 3316 619 solumque
3342 547 3397 603 in
3445 546 3683 606 Eusebio
3712 550 3804 607 dco

2214 634 2487 691 sideratur
2509 638 2826 694 consulatus
2854 657 2868 693 :
2893 639 3035 709 quod
3061 651 3241 695 tamen
3267 641 3462 696 mirum
3492 642 3670 707 videri
3696 657 3802 698 non

2214 727 2391 795 debet,
2420 745 2544 785 cum
2574 745 2680 786 non
2708 731 2956 802 pluribus
2979 733 3158 798 annis,
3185 742 3241 788 et
3272 735 3375 788 sub
3405 734 3635 790 diverisis
3673 750 3805 791 eon-

2214 818 2443 887 sulibus,
2473 821 2568 876 sed
2597 822 2786 892 paucis
2812 823 3080 880 duntaxat
3109 825 3408 892 mensibus,
3435 826 3640 883 eodem.
3658 841 3806 882 anno

2213 911 2453 980 sederit;
2489 914 2616 970 huic
2642 924 2822 971 autem
2850 931 2995 971 anno
3017 917 3362 976 consulatum
3389 919 3590 975 addere
3611 930 3806 976 auctor

2211 1001 2479 1068 omiserit,
2503 1004 2631 1074 quia
2658 1004 2713 1059 in
2739 1004 3039 1062 Melchiade
3065 1007 3285 1064 Eusebii
3310 1023 3628 1065 successore
3673 1026 3804 1066 con-

2213 1091 2423 1149 sulatus
2451 1093 2594 1151 illius
2621 1096 2750 1152 anni
2777 1096 3092 1169 allegandus
3120 1108 3260 1154 erat.
3291 1098 3368 1155 Ita
3396 1100 3542 1155 enim
3587 1099 3798 1158 catalo-

2214 1199 2351 1255 gus;
2385 1202 2405 1236 ε
2439 1184 2710 1242 Miltiades
2736 1189 2896 1244 annis
2932 1190 3127 1254 tribus,
3160 1190 3440 1246 mensibus
3462 1207 3578 1255 sex,
3610 1191 3806 1248 diebus

2214 1288 2434 1339 novem,
2485 1289 2553 1331 ex
2582 1276 2671 1332 die
2705 1291 2759 1332 vs
2799 1276 3204 1334 Nonas-Iulias
3244 1295 3274 1334 a
3312 1280 3601 1336 consulatu
3633 1280 3803 1336 Maxi-

2215 1364 2400 1421 miano
2427 1366 2541 1423 V’lll
2573 1368 2713 1435 solo,
2741 1369 2886 1439 quod
2922 1369 3024 1425 fuit
3055 1384 3241 1426 mense
3280 1369 3607 1441 Septembri,
3641 1373 3803 1428 Volu-

2214 1454 2371 1510 siano
2408 1463 2463 1510 et
2508 1456 2729 1523 Ruﬁno,
2759 1473 2935 1529 usque
2976 1460 3029 1514 in
3069 1458 3135 1514 Ill
3186 1459 3309 1515 ldus
3352 1459 3596 1515 Januarii
3647 1460 3805 1516 Voln-

2213 1544 2370 1600 siano
2392 1553 2449 1600 et
2471 1545 2683 1602 Aniano
2698 1562 2845 1604 coss.
2876 1567 2895 1600 ι
2923 1548 3284 1605 Maximianus
3311 1549 3461 1606 solus
3483 1550 3676 1605 consul
3700 1550 3801 1605 fuit

2214 1652 2378 1703 anno,
2420 1653 2530 1708 quo
2558 1639 2758 1709 periit:
2791 1648 3012 1711 tumque
3039 1640 3250 1697 suﬁ‘ecti
3294 1649 3423 1697 sunt
3473 1640 3807 1697 Volusianus

2220 1730 2558 1797 et-Rutinus,
2613 1732 2748 1787 adeo
2782 1740 2840 1787 ut
2868 1746 3060 1789 omnes
3088 1733 3140 1788 hi
3185 1732 3436 1787 consules
3485 1732 3539 1787 in
3595 1747 3802 1787 annum

514 1831 825 1890 Flrmiliani
870 1829 1153 1901 epistolam
1215 1843 1439 1884 necesse
1491 1835 1577 1883 est
1621 1827 1880 1896 scriptam
1940 1824 2106 1880 fuisse
2135 1807 2184 1868 Β
2212 1821 2473 1888 incidant,
2496 1837 2607 1893 quo
2635 1822 2705 1877 ab
2730 1832 2954 1879 auctore
2975 1822 3203 1895 eatalogi
3239 1823 3491 1894 superius
3516 1823 3801 1894 assignat:

520 1938 666 1980 anno
685 1921 905 1978 circiter
939 1920 1070 1984 257,
1098 1934 1204 1989 quo
1228 1927 1471 1988 tempore
1496 1917 1641 1972 inter
1665 1915 2027 1986 Stephanum,
2050 1923 2106 1968 et

522 2013 854 2086 Cyprianum
880 2009 1388 2080 Carthaginensem,
1421 2007 1736 2080 Dionysium
1781 2006 2107 2061 Alexandri-

525 2119 678 2170 num,
727 2104 988 2174 aliosque,
1037 2103 1214 2157 adhuc
1254 2100 1565 2172 agitabatur
1617 2096 1989 2153 controversia
2040 2095 2108 2150 de

523 2197 710 2251 valore
768 2195 1020 2266 baptismi
1098 2195 1167 2249 ab
1229 2190 1504 2247 lnereticis
1569 2189 1800 2253 collato,
1866 2188 2106 2257 adeoque

523 2302 667 2341 anno
698 2282 809 2340 ’255
848 2285 1148 2341 exstinctus
1175 2297 1282 2338 non
1304 2281 1477 2336 fuerit
1510 2279 1839 2351 Stephanus,
1885 2286 1944 2332 ut
1977 2292 2106 2332 con-

527 2378 675 2433 sules
725 2392 755 2431 a
805 2376 1049 2447 catalogo
1104 2374 1368 2443 assignati
1421 2370 1757 2427 indicabant.
1813 2368 1941 2425 Haec
1991 2367 2107 2423 fere

520 2459 944 2541 Papebrochius,
989 2468 1082 2539 qui
1127 2466 1329 2522 frustra
1367 2473 1593 2521 conatus
1628 2471 1713 2518 est
1750 2463 1803 2518 in
1836 2461 1979 2517 notis
2008 2476 2105 2516 su-

520 2554 781 2631 pradictis
822 2569 1034 2631 tempus
1061 2558 1324 2628 Stephani
1353 2558 1408 2612 in
1439 2555 1735 2626 antiquiori
1757 2553 2004 2626 catalogo
2037 2566 2101 2608 ex

508 2654 832 2711 consulibus
862 2652 1195 2721 assignatum
1227 2664 1337 2704 sure
1362 2662 1483 2702 aera:
1512 2648 1820 2701 restituere.

577 2743 645 2799 ‘9.
690 2742 874 2812 Neque
905 2740 1095 2809 majori
1141 2738 1496 2793 fundamento
1524 2737 1773 2791 nituntur
1811 2750 1872 2790 ea
1897 2750 2017 2805 qua:
2039 2733 2106 2789 de

516 2836 778 2899 secundo,
811 2834 974 2888 tertio
1002 2841 1059 2887 et
1080 2839 1275 2902 quarto
1309 2828 1562 2885 secunda:
1588 2828 1762 2898 partis
1790 2826 2106 2881 auctoribus

519 2927 801 2983 notantur.
827 2924 956 2981 Sine
977 2924 1087 2979 ullo
1110 2936 1346 2993 namque
1373 2929 1532 2986 teste,
1551 2920 1669 2975 sine
1693 2917 1803 2974 ullo
1819 2917 2102 2987 scriptore,

516 3018 638 3074 sine
672 3015 781 3071 u'llo
809 3014 1156 3085 antiquitatis
1185 3018 1534 3068 monumento
1558 3008 1859 3064 alﬁrntatur
1907 3022 2104 3062 secun-
2155 3025 2158 3027 λ

510 3110 643 3163 dam
686 3106 915 3177 catalogi
956 3114 1165 3177 partem
1216 3120 1247 3159 a
1290 3111 1370 3159 tot
1407 3102 1722 3158 auctoribus
1758 3100 1927 3156 fuisse
1973 3115 2105 3156 con-

512 3203 807 3275 scriptam,
831 3209 887 3256 et
923 3200 1093 3271 gratis
1131 3198 1353 3255 omnino
1389 3196 1648 3252 statuitur
1679 3193 1851 3249 altero
1881 3200 2102 3248 auctore

523 3294 942 3367 Eutychianum.
992 3291 1182 3347 Caium
1219 3298 1274 3345 et
1306 3287 1708 3352 Marcellinum;
1755 3284 1928 3340 altero
1965 3282 2106 3338 Mar-

517 3384 715 3443 cellum
782 3391 839 3440 et
901 3382 1252 3447 Eusebium;
1330 3380 1503 3434 altero
1583 3375 1799 3433 demum
1868 3374 2105 3444 reliquos

515 3482 706 3545 omnes
739 3493 768 3533 a
797 3474 1097 3532 Melchiade
1126 3486 1297 3543 usque
1330 3471 1395 3524 ad
1439 3467 1713 3524 Liberium
1760 3464 1926 3520 fuisse
1958 3472 2105 3520 cata-

516 3570 641 3642 lego
670 3567 938 3636 adiectos.
973 3564 1043 3622 Ut
1069 3563 1213 3620 enim
1258 3578 1288 3617 a
1321 3561 1498 3632 primo
1521 3558 1864 3628 incipiamus,
1894 3556 2021 3626 quid
2049 3555 2103 3611 in

520 3660 869 3733 Eutychiani,
902 3656 1019 3713 Caii
1048 3664 1104 3711 et
1148 3652 1443 3708 Marcellini
1483 3650 1619 3706 actis
1647 3649 1937 3720 reperitur,
1960 3648 2103 3718 quod

518 3770 626 3810 non
667 3754 721 3808 in
774 3752 893 3806 aliis
942 3747 1308 3804 anterioribus
1360 3742 1707 3816 pontiﬁcibus
1753 3734 1986 3813 legitur?
2027 3741 2105 3797 De

518 3843 860 3917 Ettgcltiano
904 3840 1070 3896 habet
1116 3836 1434 3906 catalogus:
1488 3852 1507 3885 r
1544 3833 1913 3905 Eutychianus
1946 3832 2104 3887 annis

521 3924 673 4001 octo,
697 3933 977 3988 mensibus
1005 3929 1276 3991 undecim,
1306 3926 1497 3983 diebus
1524 3925 1716 3981 tribus.
1741 3922 1867 3979 Fuit
1899 3933 2106 3994 tempo-

528 4024 685 4084 ribus
708 4023 984 4081 Maeliani
1028 4022 1093 4077 Ill
1138 4028 1194 4076 et
1231 4018 1525 4074 Marcellini
1562 4033 1732 4088 usque
1769 4010 1833 4072 in"
1862 4016 2003 4072 diem
2025 4030 2101 4070 vn

523 4114 659 4175 Idus
676 4116 1011 4181 Decembris,
1035 4113 1174 4170 Caro
1214 4128 1251 4167 ιι
1278 4110 1553 4172 et‘Carin‘o
1593 4108 1925 4165 consulibus.
1967 4127 1985 4159 ι
2027 4104 2104 4163 De

520 4191 782 4280 Dionysio
806 4215 987 4261 autem
1010 4220 1118 4260 uno
1143 4219 1207 4259 ex
1234 4202 1558 4273 Eutychiaui
1577 4197 2100 4271 pricdecessoribus:

527 4320 552 4357 ι
583 4301 878 4373 Dionysius
914 4301 1072 4355 annis
1126 4307 1268 4363 octo,
1334 4297 1609 4351 mensibus
1660 4285 1886 4359 duobus,
1914 4294 2103 4349 diebus

524 4399 778 4465 quatuor.
822 4390 946 4444 Fuit
983 4388 1319 4460 temporibus
1359 4386 1586 4442 Gallieni
1637 4401 1704 4440 ex
1753 4385 1840 4440 die
1888 4402 1943 4441 xl
1990 4384 2099 4441 Ka-

2210 1910 2312 1966 fuit
2368 1926 2517 1968 mors
2562 1912 2822 1968 Marcelli.
2869 1911 3023 1968 Unde
3080 1912 3370 1968 manifeste
3423 1912 3698 1984 colligimr
3744 1913 3802 1968 in

2208 2001 2527 2072 pontiﬁcatu
2548 2002 2783 2059 Marcelli
2806 2003 2874 2059 ab
2890 2012 3111 2061 auctore
3131 2003 3361 2074 catalogi
3384 2004 3563 2059 studio
3590 2004 3801 2060 omissa

2210 2092 2376 2149 fuisse
2405 2093 2691 2149 consulum
2720 2095 2958 2160 nomina,
2991 2110 3059 2150 ne
3090 2110 3154 2149 ea
3185 2103 3558 2165 repeterentur
3587 2096 3643 2157 in
3666 2094 3800 2151 lle!-

2208 2185 2419 2244 clsiade.
2452 2185 2608 2254 Quod
2648 2193 2797 2242 certe
2836 2201 3114 2258 nunquam
3149 2186 3350 2242 factum
3377 2196 3542 2251 esset,
3573 2188 3622 2243 si
3663 2187 3804 2242 hlar-

2207 2274 2329 2330 celli
2358 2283 2570 2345 tempus
2610 2290 2640 2330 a
2675 2276 2856 2341 tertio,
2888 2274 3206 2332 Melchiadis
3249 2293 3281 2332 a
3312 2288 3511 2347 quarto
3550 2289 3801 2344 auctore,

2195 2375 2342 2421 ‘utv.
2381 2382 2430 2423 c.
2467 2365 2874 2437 Papebrochius
2918 2367 3195 2433 credebat,
3244 2368 3372 2424 huic
3415 2368 3665 2440 catalogo
3690 2371 3802 2431 in-

2207 2466 2353 2514 serta
2385 2457 2635 2514 fuissent.
2659 2458 2742 2513 Ab
2767 2473 2875 2515 uno
2906 2459 3109 2532 itaque,
3131 2468 3188 2514 et
3208 2460 3402 2516 eodem
3443 2470 3668 2518 auctore
3702 2479 3798 2519 se-

2206 2555 2379 2609 cunda
2419 2569 2547 2626 pars
2573 2555 2805 2625 catalogi
2837 2557 3145 2628 conscripta
3191 2557 3313 2623 fuit,
3359 2568 3418 2615 ut
3462 2575 3623 2630 supra
3655 2561 3802 2616 indi-

2205 2651 2470 2717 cavimus,
2500 2658 2820 2719 tantumque
2866 2650 3022 2705 abest
3049 2665 3117 2705 ex
3154 2651 3401 2720 catalogo
3428 2652 3607 2723 colligi
3638 2667 3804 2723 posse

2205 2741 2454 2797 eumdem
2476 2757 2508 2795 a
2542 2740 2781 2796 diversis.
2796 2742 3108 2797 auctoribus
3135 2750 3451 2797 contextum
3496 2743 3688 2808 fuisse,
3737 2753 3801 2800 ut

2205 2835 2386 2906 potius
2425 2849 2493 2889 ex
2530 2842 2792 2905 perpetuo
2839 2842 3140 2904 temporum
3188 2849 3331 2889 nexu
3381 2834 3669 2905 colligatur
3721 2835 3827 2893 ab.

2205 2941 2313 2981 uno
2341 2924 2642 2994 eodemque
2685 2934 2908 2980 auctore
2937 2924 3243 2980 confectum
3294 2925 3477 2982 fuisse.
3515 2926 3631 2983 Nisi
3674 2928 3804 2998 quis

2205 3018 2388 3073 dicere
2416 3016 2569 3082 velit,
2620 3025 2897 3075 auctorem
2930 3015 3092 3085 hujus
3134 3016 3389 3089 catalogi,
3419 3033 3614 3085 annos,
3645 3035 3803 3076 men-

2208 3123 2319 3174 ses,
2355 3116 2411 3164 et
2443 3108 2561 3165 dies
2582 3123 2648 3163 ex
2688 3107 2871 3178 aliquo
2911 3108 3171 3163 anteriori
3202 3120 3553 3165 monumento
3573 3111 3802 3165 desum-

2207 3200 2399 3272 psisse,
2424 3214 2489 3255 eo
2513 3199 2657 3270 quod
2681 3199 2752 3254 illi
2776 3207 3039 3270 perpetuo
3064 3213 3095 3253 a
3123 3198 3407 3255 consulum
3431 3200 3574 3255 notis
3592 3200 3801 3256 discre-

2204 3305 2337 3361 pare
2364 3288 2594 3345 soleant.
3154 3332 3159 3337 .
3454 3334 3459 3339 .

2278 3381 2365 3438 10.
2399 3383 2568 3439 Porro
2598 3399 2706 3438 non
2748 3398 2779 3438 a
2828 3384 3077 3450 diversis,
3119 3384 3211 3440 sed
3251 3383 3321 3440 ab
3359 3399 3468 3440 uno
3499 3384 3825 3455 eodemque.

2206 3486 2430 3530 auctore
2479 3475 2836 3544 compositum
2865 3473 3034 3531 fuisse
3063 3476 3208 3534 hunc
3255 3476 3620 3546 antiquiorem
3649 3489 3805 3531 cata-

2206 3565 2407 3637 logum,
2454 3564 2719 3635 judicavit
2766 3564 3151 3636 Cuspiuianns,
3205 3566 3298 3635 qui
3345 3580 3469 3620 eum
3500 3565 3802 3636 primoex

2206 3656 2575 3724 manuscripto
2617 3655 2804 3710 codice
2850 3655 3013 3720 eruit,
3057 3662 3114 3708 et
3138 3654 3547 3710 commentariis
3574 3657 3694 3710 suis
3747 3656 3826 3711 in‘

2205 3745 2516 3803 Cassiodori
2560 3744 3104 3811 consules-inseruit,
3151 3744 3399 3800 scribens
3423 3744 3505 3799 ad
3548 3744 3801 3800 consula-

2207 3848 2321 3895 tum
2354 3838 2583 3894 duorum
2615 3838 3006 3895 Geminorum:
3043 3857 3061 3889 ι
3092 3835 3350 3894 Oblatum
3376 3843 3462 3892 est
3496 3836 3633 3892 mihi
3679 3852 3804 3906 per-

2204 3939 2360 3986 vetus
2410 3929 2726 4001 opusculum
2779 3928 3032 4000 anonymi
3074 3927 3336 3993 auctoris,
3377 3940 3486 3996 quo
3511 3926 3803 3996 pontiﬁces

2205 4019 2423 4076 maximi
2457 4020 2558 4075 sub
2593 4019 2789 4089 quibus
2807 4032 2950 4072 coss.
2983 4015 3181 4071 fuerint
3200 4023 3607 4072 enumerantur.
3636 4014 3697 4070 In
3727 4031 3800 4072 co

2204 4111 2279 4165 ita
2304 4109 2560 4165 scribitur
2587 4126 2601 4164 :
2626 4107 2929 4177 lmperante
2966 4105 3186 4161 Tiberio
3209 4104 3426 4162 Czcsare
3462 4119 3658 4174 passus
3709 4117 3800 4161 est

2204 4204 2465 4260 Dominus
2512 4200 2669 4258 Jesus
2703 4203 2956 4257 Christus
2999 4201 3208 4257 duobus
3232 4200 3472 4256 Geminis
3497 4215 3640 4255 coss.
3675 4214 3800 4262 rm,

2207 4297 2431 4352 Kalend.
2480 4296 2698 4366 Aprilis.
2731 4296 2797 4350 Et
2837 4304 2958 4366 post
2983 4309 3268 4350 ascensum
3294 4294 3412 4363 ejus
3437 4293 3796 4349 beatissimus

2204 4390 2398 4445 Petrus
2416 4390 2784 4461 episcopatum
2814 4388 3058 4459 suscipit,
3098 4408 3117 4439 ι
3147 4397 3253 4443 etc.
3300 4387 3379 4441 Ex
3412 4387 3604 4458 primis
3634 4386 3804 4455 hujus

517 4478 802 4538 lendarum
855 4476 1120 4549 Augusti,
1191 4474 1490 4567 Emiliano
1561 4483 1618 4529 et
1636 4565 1664 4567 Α
1681 4474 1852 4530 Basso
1913 4489 2057 4531 coss.
2085 4515 2101 4542 ,
2129 4477 2449 4567 D’opnsculi
2472 4482 2676 4546 verbis,
2703 4496 2823 4551 quae
2846 4479 3036 4536 eadem
3065 4479 3286 4534 omnino
3306 4486 3572 4533 suntcum
3598 4478 3800 4549 primis

519 4588 691 4641 usque
722 4570 772 4624 in
804 4570 944 4624 diem
973 4568 1261 4639 septimum
1284 4565 1402 4620 Kal.
1425 4563 1689 4629 Januarii,
1713 4580 1853 4621 coss.
1881 4564 2105 4622 Claudio

516 4672 574 4717 et
592 4660 882 4717 Paterno.»
909 4656 1070 4725 Quid,
1095 4669 1301 4727 quzeso,
1332 4654 1386 4709 in
1415 4654 1500 4709 his
1527 4655 1737 4731 duobus
1762 4655 2108 4725 pontiﬁcibus

520 4750 763 4821 estquod
792 4748 1160 4804 diversitatem
1181 4753 1462 4800 auctorum
1492 4743 1735 4798 indicet?
1766 4745 1907 4799 ldem
1930 4746 2107 4801 omni-

522 4832 594 4902 no
615 4853 699 4899 est
724 4842 916 4916 stylus,
939 4841 1128 4897 eadem
1169 4838 1455 4894 methodus
1481 4837 1704 4892 notandi
1731 4833 1962 4908 tempus,
1998 4853 2106 4910 quo

522 4945 753 5005 uterque
778 4932 1021 5003 pontifex
1063 4918 1225 4993 sedit,
1261 4930 1397 4985 adeo
1434 4936 1494 4983 ut
1533 4928 1719 4983 omnia
1742 4931 1906 4985 verba
1936 4946 2102 4986 unum

521 5007 1014 5097 eumdemquemon
1032 5022 1214 5093 plures
1231 5029 1483 5077 auctores
1506 5018 1672 5076 fuisse
1686 5021 1943 5076 indicent.
1958 5021 2106 5077 Idem

525 5096 686 5209 plane
723 5113 801 5209 ‘de
844 5111 1097 5209 marcello
1139 5120 1193 5166 et
1219 5111 1455 5166 Eusebio
1486 5110 1800 5209 dicendum,
1832 5124 1969 5179 quos
2004 5111 2106 5165 Pa-

517 5198 847 5277 pebrocltitts
878 5202 946 5257 ab
974 5201 1144 5257 altero
1172 5198 1673 5282 ‘auctore‘adjectos
1716 5200 1991 5256 credebat.
2033 5201 2109 5257 De

519 5292 778 5352 Marcello
804 5293 948 5349 enim
973 5294 1046 5348 ita
1074 5293 1238 5348 habet
1264 5294 1540 5366 catalogus
1565 5309 1581 5351 :
1610 5314 1629 5347 ι
1664 5295 1947 5352 Marcellus
1966 5312 2107 5354 anno

516 5401 650 5467 tum,
674 5384 951 5440 mensibus
975 5394 1206 5455 septem,
1237 5383 1354 5439 dies
1382 5385 1587 5455 viginti.
1615 5383 1738 5440 Fuit
1773 5386 2104 5457 temporibus

510 5472 803 5551 Maxentii,
834 5493 863 5533 a
911 5476 1261 5533 consulatu...
1294 5474 1342 5528 Χ
1367 5484 1422 5530 et
1461 5475 1773 5533 Maximiani
1820 5476 1906 5542 Vl,
1937 5493 2105 5550 usque

499 5564 643 5641 post
671 5569 1009 5625 consulatum
1038 5566 1086 5623 X
1115 5578 1170 5623 et
1191 5567 1299 5624 VII.
1330 5554 1448 5621 {Et
1485 5568 1552 5623 de
1577 5569 1812 5627 Eusebio
1837 5588 1851 5626 :
1883 5589 1900 5622 σ
1939 5572 2107 5628 Euse-

440 5656 465 5677 "
518 5662 640 5717 bius
665 5677 881 5719 menses
907 5678 983 5729 tv,
1025 5661 1142 5718 dies
1174 5650 1286 5728 xvi,
1314 5676 1344 5716 a
1389 5675 1480 5716 xxv
1506 5661 1626 5716 Kal.
1660 5662 1827 5720 Maias
1847 5660 2020 5736 usque
2050 5667 2103 5722 in

504 5752 663 5810 .diem
693 5769 779 5809 xvi
828 5753 1097 5810 Kalendas
1142 5753 1500 5825 Septembris.
1539 5773 1558 5808 ι
1612 5754 1666 5809 In
1719 5755 1915 5826 quibus
1965 5758 2102 5816 nihil

2214 4573 2393 4635 verbis
2430 4572 2685 4643 catalogi,
2725 4572 2795 4626 de
2825 4585 2935 4641 quo
2982 4571 3034 4625 in
3069 4570 3324 4640 praesenti
3362 4570 3591 4641 agimus,
3628 4568 3799 4626 facile

2210 4666 2799 4737 colligitnrcatalogum
2815 4665 3064 4720 eumdem
3088 4680 3209 4721 esse
3241 4680 3401 4735 quem
3429 4664 3800 4735 Cuspinianus

2208 4758 2337 4813 olim
2391 4757 2626 4821 habuit,
2675 4770 2946 4827 quemque
2995 4769 3266 4827 anonymo
3312 4755 3516 4811 auctori
3576 4753 3797 4821 tribuit,

2206 4859 2366 4922 prout
2392 4850 2630 4906 tribuere
2655 4851 2831 4922 pergit
2861 4851 2913 4904 in
2947 4851 3126 4921 operis
3171 4864 3480 4922 progressu,
3509 4848 3600 4904 ubi
3640 4859 3797 4906 cata-

2208 4942 2314 5014 logi
2344 4942 2500 4998 istius
2522 4943 2846 4998 mentionem
2871 4941 3024 5005 facit,
3054 4951 3110 4996 et
3138 4943 3420 5012 signanter
3442 4941 3509 4996 ad
3536 4942 3799 4998 consula-

2210 5042 2325 5089 tum
2355 5032 2633 5089 Saturnini
2664 5031 2684 5087 l
2714 5042 2773 5088 et
2799 5032 3029 5098 Venuvi,
3061 5047 3225 5103 agens
3249 5034 3314 5088 de
3338 5031 3500 5087 Petro
3536 5033 3623 5088 bis
3670 5048 3798 5088 ver-

2207 5127 2293 5182 bis
2328 5143 2343 5182 :
2385 5145 2403 5178 ‹
2438 5125 2875 5182 1Vetustissimum
2926 5124 3163 5195 comperi
3206 5124 3261 5179 in
3285 5124 3610 5180 bibliotheca
3658 5140 3798 5194 qna-

2210 5216 2333 5271 dam
2363 5216 2681 5285 opusculum
2717 5214 2968 5284 anonymi
3007 5214 3269 5272 auctoris.
3307 5228 3415 5284 quo
3440 5214 3798 5269 continentur

2209 5306 2493 5377 pontiﬁces
2540 5306 2899 5362 Romani‘sub
2925 5307 3121 5375 quibus
3160 5320 3305 5361 coss.
3336 5305 3538 5366 fuerint
3580 5321 3612 5359 a
3654 5306 3796 5362 Divo

2212 5396 2374 5455 Petro
2414 5412 2585 5467 usque
2619 5399 2685 5452 ad
2732 5396 3120 5463 Marcellinum,
3170 5398 3262 5468 qui
3299 5397 3401 5452 sub
3451 5396 3798 5455 Diocletiano

2210 5488 2333 5557 fuit,
2383 5488 2832 5560 quemadmodum
2886 5488 3143 5558 deinceps
3172 5488 3536 5543 narrabimus.
3586 5507 3607 5541 ι
3650 5488 3801 5545 Con-

2211 5587 2439 5643 stanter,
2483 5585 2539 5634 et
2587 5586 2737 5633 recte
2765 5574 2998 5634 aﬁirm‘at
3042 5577 3424 5648 Cnspinianus,
3485 5578 3798 5634 vetustissi-

2211 5685 2360 5726 mum
2407 5668 2726 5736 opusculum
2771 5678 2891 5724 esse
2913 5668 3135 5739 ‘antiqui
3171 5668 3792 5740 scripturisanonymi;

2212 5764 2306 5819 sed
2345 5761 2605 5819 memoria
2635 5760 2817 5834 lapsus
2845 5756 3079 5828 videtur,
3123 5759 3461 5817 dumrefert
3503 5762 3797 5831 pontiﬁces
