4010 6302
511 376 615 432 175

1198 366 1300 430 ΑΙ)
1333 373 1466 429 A‘NA
1478 373 1772 430 STASIUM
1812 372 2077 430 PROLEG

2186 371 2322 427 ENA
2359 370 2535 427 EDIT.
2577 370 3003 429 ROMH‘VATIC.

3667 374 3769 447 ne

504 506 522 539 ε
564 484 706 557 plius
732 483 847 541 sitit
888 482 1174 540 curiositas
1200 495 1498 554 temporum
1551 483 1989 550 saeerdotaiium,
2021 492 2073 538 ut
2107 488 2152 546 Α
2182 483 2274 538 sed
2304 483 2630 554 approbator
2674 483 2953 539 duntaxat.
3006 478 3210 539 Auctor
3256 492 3439 541 tamen
3488 486 3624 543 vixit
3671 489 3771 544 sub

505 598 525 629 ι
565 578 708 650 quod
736 577 956 648 dignum
998 586 1102 631 est.
1133 584 1529 647 cognoscatur;
1576 578 1716 647 quod
1763 577 2037 649 indignum
2067 617 2082 642 ,

507 687 527 720 ι
566 677 868 739 respuatur.
900 667 1284 724 Verumtamen
1313 675 1461 739 gesta
1490 668 1824 740 pontificum,
1844 683 1965 739 quae
1992 684 2087 739 po-

504 779 522 811 ‹
568 762 768 816 tuimus
797 761 1032 831 reperire
1079 759 1132 815 in
1163 760 1305 816 sedis
1337 769 1534 815 nostrae
1581 760 1780 825 studio,
1826 760 1891 814 ad
1939 768 2085 814 tuam

503 870 522 901 ι
563 851 885 909 charitatem
935 851 1235 921 gaudentes
1286 850 1599 906 direximus.
1641 848 1745 905 Ora
1791 865 1886 920 pro
1934 849 2087 904 nobis

503 958 523 991 ι
563 942 631 995 ad
651 947 895 1000 sanetam
913 939 1387 1005 resurrectionem,
1404 936 1572 993 frater
1590 948 1644 993 et
1663 939 2082 1011 eompresbyter.

500 1046 522 1082 ι
565 1029 696 1085 Vale
739 1029 792 1084 in
838 1029 1052 1084 Christo
1099 1028 1210 1083 Deo
1250 1039 1305 1083 et
1359 1028 1587 1083 Domino
1630 1037 1839 1083 nostro.
1877 1027 1995 1081 Dat.
2028 1043 2082 1081 x.

502 1137 524 1174 ε
560 1119 828 1177 Kalendas
880 1120 1045 1187 Junii,
1100 1130 1153 1177 et
1201 1129 1419 1191 accepta
1470 1119 1739 1176 Kalendas
1792 1117 2081 1175 Octobris:

502 1229 525 1264 ι
570 1212 734 1268 missa
781 1213 848 1268 de
876 1212 1043 1267 Roma
1072 1211 1523 1283 Hierosolymam.
1556 1232 1575 1263 ι

567 1302 625 1357 2.
672 1301 884 1358 Primas
927 1303 1027 1358 has
1074 1302 1327 1373 epistolas
1383 1302 1523 1374 typis
1571 1302 1853 1373 descripsit
1914 1300 2087 1358 Gode-

498 1392 673 1453 fridus
717 1392 1117 1450 llenschenius:
1156 1401 1303 1451 tomo
1355 1393 1497 1449 enim
1526 1393 1705 1462 primo
1732 1392 1932 1463 Aprilis
1959 1399 2085 1447 ante

496 1484 783 1557 Catalogos
826 1485 1194 1542 Romanorum
1243 1484 1561 1555 pontiﬁcum
1594 1498 1689 1539 eas
1730 1498 1796 1538 ex
1849 1483 2086 1553 antiquis

497 1592 630 1633 mss.
663 1577 849 1645 edidit,
893 1592 954 1633 ac
979 1592 1076 1650 pro
1106 1578 1379 1647 germanis
1423 1576 1631 1642 habuit,
1682 1577 1903 1632 laudans
1950 1575 2086 1630 Mar-

501 1666 632 1722 tium
660 1666 924 1724 Milesium
948 1666 1300 1722 Sarazanium
1327 1665 1374 1721 J.
1407 1665 1466 1721 C.
1501 1666 1824 1727 Romanum.
1852 1682 1920 1722 eo
1942 1669 2083 1737 quod

496 1760 639 1833 typis
658 1760 934 1816 Vaticanis
959 1775 1102 1815 anno
1129 1758 1265 1816 “358
1292 1761 1430 1814 inter
1456 1759 1632 1828 Opera
1658 1762 1830 1816 sancti
1860 1752 2079 1818 Damasi

2187 572 2401 629 Liberio
2427 615 2441 638 ,
2500 581 2558 628 ut
2604 572 2806 628 Petavii
2858 573 3165 629 testimonio
3208 573 3579 633 Henschenius
3622 592 3773 633 eom-

2185 664 2409 733 probat:
2447 680 2466 713 ι
2503 661 2702 719 Sancto
2722 661 2864 718 Julio
2886 663 3156 730 Liberius,
3184 665 3339 736 cujus
3365 674 3605 736 tempore
3628 669 3773 725 hunc

2187 760 2422 806 veterem
2456 752 2749 806 lndieulum
2783 752 3149 809 Romanorum
3195 757 3507 825 pontificum
3544 768 3776 814 contex-

2190 848 2300 894 tum
2339 840 2526 906 fuisse,
2575 841 2771 895 asserit
2814 842 3104 913 Dionysius
3147 844 3399 900 Petavius
3447 846 3540 902 lib.
3572 862 3628 912 v,
3680 848 3773 919 qui

2187 946 2310 987 eum
2337 946 2503 1001 penes
2535 946 2595 986 se
2626 931 2832 987 habuit.
2862 931 2993 987 Post
3027 934 3231 988 obitum
3270 934 3471 991 Liberii
3509 937 3775 992 constitu-

2190 1029 2276 1074 tus
2301 1028 2385 1073 est
2413 1018 2652 1089 pontifex
2685 1019 2962 1076 Romanus
2991 1020 3049 1076 8.
3080 1020 3375 1091 Damasus,
3415 1026 3508 1096 qui
3551 1035 3777 1097 rogatus

2188 1125 2217 1163 a
2248 1119 2437 1164 saneto
2484 1108 2836 1181 Hieronymo,
2878 1119 3029 1180 gesta
3055 1113 3391 1184 pontiﬁcum,
3442 1129 3564 1185 qua:
3597 1115 3799 1186 potuit.

2189 1201 2425 1271 reperire
2450 1201 2503 1255 in
2529 1216 2640 1256 sua:
2664 1201 2805 1255 sedis
2833 1203 3009 1257 studio
3034 1242 3050 1270 ,
3091 1205 3160 1259 ad
3204 1220 3326 1260 eum
3377 1205 3591 1262 direxit.
3643 1207 3776 1273 Quae

2188 1293 2401 1348 Damasi
2443 1291 2606 1346 verba
2637 1292 2969 1348 arbitramur
2996 1293 3337 1367 intelligenda
3378 1297 3445 1352 de
3467 1296 3583 1367 ja’n
3629 1298 3776 1352 iniii-

2188 1389 2309 1435 cato
2355 1380 2614 1452 Cataiogo
2645 1396 2820 1451 usque
2864 1382 2933 1437 ad
2980 1382 3252 1440 Liberium
3272 1383 3404 1455 Pejus
3429 1386 3775 1443 decessorem

2187 1471 2437 1526 deducto.
2469 1471 2738 1542 Epistolas
2766 1473 3049 1543 utriusque
3077 1474 3179 1531 hac
3204 1475 3273 1533 de
3298 1491 3361 1532 re
3395 1484 3452 1533 et
3490 1476 3550 1533 8.
3584 1477 3776 1535 Hiero-

2187 1563 2333 1634 nymi
2361 1571 2419 1617 et
2441 1561 2499 1617 S.
2534 1562 2751 1618 Damasi
2788 1579 2856 1619 ex
2887 1565 3161 1621 codicibus
3203 1568 3588 1639 manuscriptis
3630 1586 3774 1640 prae-

2186 1654 2453 1723 ponimus.
2496 1652 2639 1709 idem
2676 1652 2733 1709 8.
2766 1654 3127 1728 Hieronymus
3167 1657 3237 1713 de
3273 1656 3640 1729 Seriptoribus
3673 1660 3778 1717 Ec-

2187 1743 2503 1798 clesiasticis
2532 1743 2710 1813 capite
2734 1743 2805 1799 i5
2829 1747 3019 1800 statuit
3044 1745 3106 1801 8.
3146 1746 3482 1804 Clementem
3516 1759 3775 1819 quartum

494 1850 630 1908 alias
656 1851 910 1922 epistolas
939 1852 1022 1908 his
1042 1852 1199 1922 plane
1229 1851 1433 1907 similes
1468 1853 1736 1919 ediderit;
1767 1870 1888 1926 pag.
1937 1856 2077 1910 enim

2184 1843 2305 1904 post
2328 1834 2548 1890 Petrum
2578 1833 2882 1891 Romanum
2908 1837 3248 1907 pontiﬁcem,
3271 1839 3536 1911 siquidem
3576 1842 3773 1912 inquit,

495 1939 593 1996 121
629 1952 684 1996 et
712 1942 986 2012 sequentis
1015 1941 1177 1997 habet
1223 1941 1510 2013 epistolam
1553 1941 1765 1998 Damasi
1794 1944 1860 1998 ad
1891 1942 2081 2000 Hiero-

496 2046 736 2102 nymum,
767 2047 831 2087 ex
863 2046 967 2100 qua
995 2047 1154 2103 supra
1197 2040 1529 2088 memoratus
1575 2031 1949 2088 Hensehenius
1990 2049 2081 2089 se-

488 2122 713 2190 quentia
739 2123 1029 2193 excerpsit.

571 2227 591 2261 ι
634 2210 900 2268 Damasus
961 2212 1246 2284 episcopus
1320 2212 1476 2269 fratri
1529 2223 1587 2269 et
1645 2215 2079 2287 eompresbytero

498 2317 519 2354 ι
554 2300 883 2375 Hieronymo
911 2304 964 2359 in
988 2303 1217 2360 Domino
1242 2304 1488 2363 salutem.

566 2411 589 2447 ι
623 2393 760 2448 Dum
791 2395 956 2450 multa
1008 2410 1236 2466 corpora
1287 2394 1548 2451 librorum
1597 2397 1648 2451 in
1690 2411 1813 2451 meo
1851 2396 2079 2452 arbitrio

490 2503 517 2539 τ
553 2484 715 2542 allata
738 2485 983 2553 fuissent,
1009 2489 1255 2561 contigit,
1279 2498 1336 2543 ut
1357 2498 1411 2545 et
1437 2490 1630 2545 librum
1654 2489 1990 2546 Psalmorum
2023 2492 2075 2547 in

499 2600 517 2629 ι
551 2590 673 2632 meo
694 2577 874 2632 animo
900 2576 1132 2633 festinus
1169 2593 1524 2650 eognoeerem
1583 2579 1846 2645 detineri,
1877 2589 1932 2635 et
1967 2595 2079 2635 me-

500 2687 518 2720 l
555 2667 781 2723 moriam
811 2668 1124 2737 capacitatis
1159 2684 1292 2724 me:e
1333 2670 1574 2725 imbuere
1617 2671 1869 2742 cogitavi,
1909 2670 2081 2725 frater

501 2775 520 2808 ι
559 2757 949 2823 amantissime,
979 2767 1035 2812 et
1078 2758 1133 2814 in
1174 2758 1393 2814 Christo
1419 2775 1634 2830 semper
1677 2761 1947 2826 sacerdos,
1976 2776 2080 2816 se-

501 2862 521 2896 ι
556 2845 788 2901 cundum
817 2848 1151 2920 septuaginta
1183 2848 1601 2919 lnterpretes....
1635 2850 1878 2905 invenire
1919 2851 2081 2906 vesti-

499 2951 518 2987 ι
566 2935 671 3005 gia.
725 2934 857 2992 Peto
880 2937 1044 2994 etiam
1091 2938 1413 2993 eharitatem
1444 2948 1621 3004 tuam,
1675 2947 1735 2994 ut
1768 2938 2079 2995 Graecorum

502 3041 522 3075 ι
560 3023 897 3095 psallentiam
925 3029 992 3082 ad
1028 3043 1127 3084 nos
1172 3028 1405 3100 dirigere
1442 3036 1530 3083 tua
1558 3022 1872 3084 fraternitas
1904 3030 2079 3086 deiec-

503 3133 522 3166 ‹
568 3123 777 3171 tetur...
817 3114 951 3171 Peto
981 3132 1109 3187 ergo
1132 3133 1228 3187 per
1251 3117 1473 3172 fratrem
1502 3126 1556 3173 et
1582 3123 2076 3191 eompresbyterum

2182 1925 2454 1980 secundus
2493 1925 2665 1981 Linus
2691 1925 2812 1994 fuit,
2840 1936 2897 1983 et
2922 1928 3117 1984 tertius
3150 1930 3464 2003 Anacletus,
3493 1942 3550 1990 et
3572 1934 3618 1990 si
3659 1934 3774 2005 ple-

2187 2017 2343 2087 rique
2389 2016 2705 2073 Latinorum
2731 2020 3029 2079 secundum
3055 2031 3177 2092 post
3211 2023 3430 2081 Petrum
3459 2026 3771 2095 Apostolus:

2183 2117 2368 2180 putent
2396 2108 2563 2165 fuisse
2588 2109 2946 2176 Clementem:
2980 2111 3080 2168 Ubi
3108 2114 3396 2185 opinamur
3428 2117 3647 2173 nomine
3668 2116 3776 2172 La-

2182 2199 2417 2255 tinorum
2476 2199 2701 2256 indicari
2760 2202 2904 2258 hunc
2956 2203 3271 2275 Catalogum
3329 2220 3360 2260 a
3429 2205 3488 2262 S.
3540 2206 3776 2265 Damaso

2182 2289 2405 2345 missum
2434 2290 2502 2345 ad
2540 2300 2789 2347 sanctum
2822 2291 3208 2365 Hieronymum
3234 2335 3249 2359 ,
3282 2296 3376 2365 qui
3416 2297 3582 2355 etiam
3633 2297 3776 2353 libro

2180 2380 2358 2449 primo
2436 2381 2698 2438 adversus
2747 2381 3091 2440 Joviaianum
3146 2384 3382 2456 appellat
3441 2386 3772 2444 Clementem

2180 2486 2546 2531 successorem
2575 2475 2804 2544 apostoli
2843 2475 3013 2535 Petri.
3058 2478 3126 2533 Et
3164 2478 3221 2533 in
3268 2491 3431 2550 caput
3475 2479 3629 2537 Isaia:
3676 2496 3775 2545 ιιι,

2180 2565 2424 2621 scribens
2450 2566 2546 2634 ait,
2592 2581 2717 2623 eum
2763 2578 2886 2638 post
2932 2569 3151 2626 Petrum
3201 2570 3501 2628 Romanam
3566 2573 3774 2629 rexisse

2180 2655 2505 2720 Ecelesiam,
2551 2656 2760 2714 scilicet
2806 2659 3125 2730 interposito
3163 2660 3230 2716 ad
3276 2661 3513 2721 medium
3563 2670 3776 2731 tempus

2181 2744 2241 2801 S.
2271 2746 2426 2812 Lino,
2459 2748 2544 2802 cui
2574 2748 2903 2814 successisse
2948 2748 3316 2817 Clementem,
3353 2751 3569 2822 tradunt
3607 2748 3774 2822 0pta~

2181 2844 2269 2892 tus
2333 2837 2671 2896 Mitevitanus
2733 2839 2825 2896 lib.
2894 2856 2971 2909 ιι,
3030 2851 3085 2897 et
3147 2853 3367 2901 sanctus
3441 2844 3776 2917 Augustinus

2180 2929 2338 2999 epist.
2371 2931 2497 2985 165.
2542 2951 2566 2985 ο
3330 2998 3340 3005 ,

2249 3021 2304 3077 4.
2338 3021 2610 3079 Hactenus
2638 3022 3036 3092 Hensehenius,
3081 3027 3174 3097 qui
3206 3042 3280 3102 ex.
3319 3027 3514 3083 litteris
3560 3043 3592 3084 a
3631 3027 3774 3083 Mar-

2181 3113 2256 3169 tio
2320 3114 2528 3171 Milesio
2580 3117 2866 3187 publicatis
2921 3117 3153 3189 probare
3220 3120 3412 3177 nititur
3465 3121 3770 3177 litterarum

504 3225 525 3261 I
562 3218 808 3264 nostrum
838 3208 1195 3276 Bouifacium,
1226 3218 1289 3264 ut
1323 3208 1511 3279 jubeat
1534 3208 1847 3266 fraternitas
1867 3187 1964 3264 tua
1996 3213 2075 3268 rei
2105 3187 2150 3250 C
2181 3208 2568 3262 “mummium
2594 3208 2736 3264 inter
2755 3187 3046 3266 Damasum
3077 3226 3271 3282 papam
3294 3221 3354 3268 et
3371 3212 3554 3268 divum
3580 3212 3781 3271 Hiero-

496 3316 517 3351 ι
552 3296 710 3368 hujus
755 3301 914 3358 nobis
973 3302 1187 3373 aperire
1239 3302 1484 3374 vestigia.
1539 3302 1702 3360 Missa
1750 3319 1802 3359 v.
1844 3302 2071 3360 Kalend.

500 3406 518 3438 ι
555 3384 891 3449 Novembris.
932 3412 951 3444 ι

563 3480 848 3539 Subneetit
877 3481 1282 3554 responsionem
1313 3480 1625 3553 Hieronymi
1660 3481 1963 3554 presbyteri
2014 3483 2074 3539 td

491 3581 804 3638 Damasum.

569 3690 589 3721 ι
625 3666 948 3724 Beatissimo
976 3654 1395 3737 papze‘Damaso
1420 3662 1562 3722 sedis
1589 3665 1897 3737 apostolic:e
1924 3666 2074 3723 urbis

498 3782 514 3813 ι
548 3758 736 3814 Romae
773 3754 1133 3827 Hieronymus
1160 3752 1402 3825 supplex.

567 3867 586 3901 ι
620 3847 751 3918 Legi
804 3846 1012 3901 litteras
1059 3844 1390 3915 apostolatus
1435 3843 1637 3909 vestri,
1684 3853 1969 3915 poscentes
2015 3855 2077 3902 ut

496 3965 514 3998 ι
552 3942 844 4000 secundum
876 3939 1278 4010 simplicitatem
1324 3937 1662 4010 septuaginta
1715 3938 2074 4009 interpretum

495 4052 517 4087 ι
551 4031 851 4092 canendum
878 4030 1354 4101 Psalmograpimm
1375 4028 1718 4101 interpretari
1747 4028 2068 4086 festinem...

498 4146 516 4177 ι
552 4123 814 4179 Precatur
836 4136 967 4194 ergo
994 4120 1161 4176 cliens
1207 4127 1329 4175 tuus
1365 4128 1423 4174 ut
1451 4135 1552 4174 vox
1603 4108 2073 4190 ista'psallentium

495 4232 514 4267 ι
556 4214 610 4269 in
636 4212 761 4270 sede
789 4221 877 4267 tua
907 4211 1147 4266 Romana
1178 4209 1265 4266 die
1308 4218 1578 4280 noctuque
1619 4218 1847 4264 canatur
1870 4248 1885 4276 ,
1921 4216 1977 4264 et
2010 4209 2068 4264 in

496 4326 516 4357 ι
552 4305 659 4360 ﬁne
697 4302 986 4373 cujuslibet
1018 4300 1209 4372 psalmi
1244 4300 1492 4371 eOnjungi
1538 4299 1818 4369 praecipiat
1855 4308 2075 4368 aposto-

496 4417 514 4449 ι
554 4395 695 4452 latus
720 4396 796 4451 tui
825 4394 959 4450 ordo
985 4413 999 4447 :
1030 4391 1213 4447 Gloria
1253 4391 1425 4458 Patri,
1452 4401 1501 4447 et
1548 4390 1713 4460 Filio,
1759 4404 1808 4446 et
1851 4390 2076 4463 Spiritui

494 4509 518 4544 ι
551 4498 755 4553 sancto,
778 4488 925 4543 ‘sicut
956 4497 1064 4540 crat
1091 4486 1145 4539 in
1164 4483 1441 4555 principio,
1476 4503 1495 4535 ι
1530 4492 1637 4539 etc.

2128 3336 2141 3344 .
2178 3312 2398 3368 nymum
2421 3298 2490 3354 de
2518 3298 2786 3356 similibus
2814 3302 3079 3368 materiis,
3106 3312 3168 3358 ut
3217 3302 3429 3359 facilius
3449 3305 3778 3374 persuadeat

2177 3388 2388 3447 litteras
2424 3392 2492 3447 de
2535 3393 2702 3464 gestis
2739 3393 3108 3451 Romanorum
3156 3396 3467 3465 pontiﬁcum
3500 3412 3532 3452 a
3577 3412 3640 3453 se
3669 3396 3777 3468 pri-

2177 3498 2324 3539 mum
2350 3485 2555 3551 editas,
2584 3498 2642 3542 et
2668 3502 2956 3557 germanas
2981 3502 3125 3552 esse.
3159 3497 3216 3543 et
3260 3489 3491 3545 Damaso
3515 3503 3671 3559 papa:
3709 3506 3777 3545 ac

2181 3570 2507 3644 Hieronymo
2533 3577 2854 3648 presbytero
2885 3577 3046 3633 tribui
3078 3592 3257 3647 posse.
3288 3578 3487 3633 Verum
3511 3578 3565 3632 in
3594 3580 3772 3647 prima

2175 3664 2528 3734 Antiquitatts
2586 3666 2867 3721 illustratai
2928 3667 3164 3725 editione
3211 3668 3438 3723 miratus
3491 3667 3567 3722 fui
3621 3669 3769 3739 quod

2177 3753 2550 3811 Hensehenius
2595 3770 2703 3811 non
2748 3757 3117 3814 observaverit
3145 3757 3405 3829 epistolas
3433 3759 3498 3814 de
3535 3758 3773 3830 psalmo.

2176 3845 2264 3900 dia
2308 3843 2532 3901 Basilus:
2573 3860 2716 3905 anno
2765 3847 2903 3902 1516
2952 3847 3250 3917 publicatas
3293 3849 3463 3905 fuisse
3508 3864 3609 3920 per
3634 3849 3769 3903 Era-

2178 3952 2387 4000 smum,
2433 3936 2529 4007 qui
2571 3938 2641 3993 de
2681 3937 2849 4008 priori
2885 3938 3034 3995 circa
3072 3939 3426 4009 psalmodiam
3471 3939 3701 4011 epistola
3736 3955 3768 3996 a

2177 4025 2409 4095 Damaso
2437 4027 2505 4082 ad
2538 4027 2922 4099 Hieronymum
2953 4030 3257 4101 conscripta
3281 4037 3600 4101 Sequentem
3633 4047 3768 4088 cen-

2178 4132 2362 4173 suram
2386 4117 2506 4172 tulit
2531 4136 2544 4173 :
2577 4137 2597 4171 ς
2629 4119 2843 4175 Clarius
2862 4130 2947 4175 est
2971 4136 3132 4191 quam
3161 4131 3218 4177 ut
3241 4121 3519 4178 admoneri
3547 4121 3769 4189 debeat,

2176 4210 2325 4271 hanc
2354 4210 2635 4282 epistolam
2681 4212 2923 4283 ejusdem
2968 4229 3090 4270 esse
3133 4213 3360 4270 artiﬁcis
3402 4215 3557 4285 cujus
3585 4224 3675 4271 est
3703 4229 3773 4270 ea

2177 4316 2297 4370 qua:
2340 4303 2585 4371 proxime
2630 4303 2896 4372 sequitur,
2942 4311 2997 4357 et
3037 4304 3225 4361 eadem
3269 4303 3407 4360 febri
3445 4302 3766 4359 laborantis.

2178 4391 2346 4447 Deum
2388 4392 2777 4451 immortalem!
2828 4411 2948 4464 quae
2977 4396 3077 4451 fuit
3118 4396 3485 4467 impudentia,
3535 4396 3638 4453 hoc
3671 4399 3770 4452 tria

2178 4481 2347 4538 buere
2376 4482 2640 4538 Damaso?
2687 4502 2706 4535 ι
2755 4483 2920 4539 Addit
2945 4485 3011 4541 de
3038 4500 3299 4556 responso
3343 4484 3661 4557 Hieronymi
3699 4488 3769 4542 ad

560 4582 616 4639 3.
656 4550 828 4636 Editis
862 4578 1008 4632 hisee
1062 4550 1266 4630 duabus
1311 4550 1554 4644 epistolis
1579 4615 1593 4638 ,
1647 4572 1888 4646 adiungit
1931 4573 2074 4630 idem
2103 4550 2155 4612 Ῐ)
2178 4569 2504 4627 Damasum:
2535 4592 2554 4625 ι
2576 4573 2768 4628 Mirum
2794 4583 2877 4631 est
2905 4550 3182 4637 inventum
3201 4576 3387 4645 fuisse,
3402 4576 3492 4647 qui
3522 4550 3771 4648 speravit

490 4669 904 4730 Hemehenius:
936 4684 954 4717 σ
990 4664 1107 4721 Νοη
1140 4662 1351 4719 videtur
1374 4672 1553 4718 autem
1582 4663 1641 4717 S.
1666 4663 1926 4719 Damasus
1961 4664 2075 4735 ipse

489 4760 879 4830 conscripsisse
921 4757 1156 4827 priorem
1202 4753 1513 4825 Catalogum
1557 4754 1623 4808 de
1675 4753 1810 4809 Vitis
1855 4755 2072 4823 pontifi-

491 4866 636 4918 cum,
666 4852 762 4908 sed
795 4848 968 4907 solum
997 4848 1095 4903 has
1121 4844 1189 4901 ad
1232 4844 1502 4900 Liberium
1540 4845 1875 4901 deeessorem
1912 4861 2073 4902 suum

489 4957 522 4999 a
557 4942 718 4996 variis
742 4941 1000 4996 deductas
1042 4937 1368 5009 approbasse
1397 4944 1452 4991 et
1481 4937 1548 4989 ad
1581 4945 1825 4992 sanctum
1875 4936 2072 4995 Hiero-

489 5044 710 5102 nymum
757 5028 1039 5084 direxisse.
1091 5027 1257 5099 igitur
1315 5040 1437 5080 eum
1483 5023 1808 5083 Ptolomaeus
1858 5026 2072 5082 Lucen-

490 5120 588 5185 sis,
639 5117 780 5189 apud
816 5115 1077 5172 Milesium
1114 5131 1235 5188 pag.
1284 5115 1378 5180 Si,
1403 5114 1534 5171 dicit
1579 5116 1720 5184 quod
1750 5129 1918 5186 usque
1964 5117 2069 5172 Da-

488 5224 701 5268 masum
763 5207 1030 5264 Chronica
1078 5222 1409 5261 summorum
1468 5206 1780 5276 pontiﬁcum
1830 5208 2070 5279 vigorem

486 5300 771 5372 recipiunt,
837 5299 1067 5354 Damaso
1111 5297 1416 5363 scribente,
1458 5297 1646 5353 eodem
1696 5298 2071 5368 approbante,

485 5410 584 5452 seu
610 5391 983 5450 subscribente
1032 5390 1085 5446 id
1127 5389 1239 5444 ﬁeri
1286 5389 1650 5458 intelligimus,
1681 5400 1735 5444 et
1778 5391 1924 5460 quod
1967 5391 2069 5460 ipsi

492 5486 628 5544 Vita:
652 5484 985 5557 pontiﬁcum,
1016 5494 1076 5538 ut
1113 5483 1286 5554 primo
1313 5484 1565 5554 scriptori
1591 5485 1788 5554 passim
1833 5485 2072 5541 tribuan-

487 5589 575 5635 tur
598 5594 631 5635 a
682 5578 969 5645 Sabellico,
1008 5576 1267 5634 Panvinio
1307 5584 1361 5632 et
1403 5577 1542 5643 aliis,
1579 5578 1759 5634 minus
1805 5579 2069 5649 approba-

486 5684 629 5726 mus.
671 5689 689 5722 ι
745 5668 866 5741 Ipso
915 5668 1095 5739 itaque
1140 5666 1481 5723 Hensehenio
1533 5664 1767 5739 fatente,
1810 5667 2074 5724 Damasus

485 5779 591 5822 non
620 5762 724 5819 erit
759 5761 972 5833 proprie
999 5768 1186 5817 auctor
1231 5757 1388 5829 lmjus
1428 5758 1748 5829 antiquioris
1794 5758 2033 5832 Cataiogi
2055 5795 2071 5821 ,

2176 4662 2417 4719 futurum
2446 4674 2504 4718 ut
2546 4665 2661 4720 haec
2693 4665 2955 4735 epistola,
3002 4682 3108 4737 qua
3138 4667 3273 4723 nihil
3304 4666 3431 4737 ﬁngi
3471 4668 3648 4738 potuit
3675 4669 3766 4723 in-

2175 4753 2394 4819 sulsius,
2427 4770 2533 4811 nec
2552 4755 2837 4823 indoctius,
2868 4773 2970 4814 nec
2993 4758 3272 4823 infantius,
3306 4774 3335 4813 a
3365 4774 3640 4831 quoquam
3662 4775 3768 4830 pro

2176 4843 2592 4917 Hieronymiana
2642 4846 2930 4918 legeretur.
2988 4867 3007 4901 ι
3057 4848 3122 4904 Et
3155 4865 3224 4906 ue
3265 4849 3476 4906 Erasmi
3523 4849 3772 4908 auctoris

2174 4936 2412 5006 suspecti
2450 4934 2652 5005 iudicio
2692 4938 2789 4993 niti
2816 4937 2954 4994 velle
2997 4939 3298 5004 videamur,
3347 4952 3609 4996 censuras
3642 4939 3767 5010 ejus

2172 5026 2467 5083 novissime
2487 5026 2771 5084 conﬁrmat
2791 5036 2936 5084 toruo
2959 5027 3003 5082 ll
3028 5027 3374 5086 Collectionis
3392 5028 3765 5086 Coneiliorum

2174 5115 2230 5170 in
2276 5119 2418 5175 notis
2464 5118 2850 5188 marginalibus
2889 5120 2958 5176 ad
2996 5120 3130 5175 duas
3176 5120 3432 5193 epistolas
3464 5136 3495 5175 a
3546 5119 3766 5177 Milesio

2174 5212 2471 5283 publicatas
2498 5211 2774 5283 Philippus
2801 5213 3052 5270 Labbeus
3078 5231 3091 5268 :
3128 5234 3145 5264 ι
3182 5212 3561 5286 Supposititia:
3582 5254 3597 5279 ,
3629 5229 3766 5286 apo-

2174 5306 2390 5376 crypha:
2431 5316 2489 5360 et
2528 5305 2878 5375 ineptissimte
2923 5305 3058 5360 viris
3105 5304 3278 5362 doctis
3326 5304 3600 5360 habentur
3641 5313 3769 5361 tan-

2176 5404 2397 5466 tumque
2419 5411 2450 5450 a
2478 5396 2618 5467 Stylo
2647 5396 2859 5452 Damasi
2890 5405 2945 5451 et
2974 5395 3285 5467 Hieronymi
3312 5396 3532 5460 distant,
3583 5412 3765 5466 quan-

2177 5497 2291 5545 tum
2315 5490 2510 5544 emittm
2539 5506 2568 5543 a
2606 5497 2782 5555 terra,
2822 5497 2876 5544 et
2900 5489 3055 5560 polus
3081 5490 3382 5545 antarticus
3404 5489 3473 5543 ab
3501 5490 3701 5544 artico.
3738 5513 3763 5544 ι

2176 5579 2362 5652 Neque
2399 5578 2637 5634 nltcriori
2685 5579 3004 5650 probatione
3043 5580 3157 5637 haec
3186 5580 3455 5654 indigent,
3502 5594 3627 5635 eum
3674 5583 3766 5639 vel

2178 5672 2384 5728 titteras
2418 5671 2720 5742 inSpicienti
2752 5670 3131 5755 eademplane
3148 5680 3468 5736 occurrant,
3499 5679 3663 5741 prout
3692 5686 3767 5727 ex

2177 5760 2417 5832 epistolis
2442 5775 2539 5831 per
2561 5761 2808 5818 Martium
2838 5759 3103 5819 Milesium
3136 5761 3429 5835 publicatis
3446 5762 3585 5818 adeo
3607 5759 3771 5841 etut;
