3996 5412
275 210 381 268 I77

895 217 1329 275 SCHELESTH.
1375 221 1687 278 DlSSEHT.
1733 224 1818 276 Dli
1857 221 2089 291 ANTIQ.
2134 223 2298 282 ROM.
2341 225 2544 284 PONI'.
2582 227 2919 285 CA'IALOG.

3457 238 3557 298 ΠΟ

268 329 623 385 ostenderam
654 330 705 385 in
735 332 906 401 prima
939 334 1289 405 Antiquitatis
1326 337 1718 392 Ecclesiastica.‘
1745 338 1862 392 edi-
1894 342 1936 399 Α
1969 336 2071 391 lam
2118 340 2375 409 scriptam
2417 356 2571 406 esse,
2615 359 2735 399 cum
2792 345 2849 397 υ.
2902 343 3260 417 Hieronymus
3301 350 3353 403 in
3397 351 3553 422 Syria

272 416 449 483 tione,
492 430 550 473 ut
582 419 642 474 γ.
676 418 735 475 C.
781 420 1179 491 Papcbrochius
1226 426 1276 478 in
1312 426 1590 498 Pt‘opylaco
1618 429 1683 481 ad
1707 444 1867 497 quar-

274 517 391 562 tum
424 518 629 563 tomum
678 510 839 577 Maii,
890 528 1009 584 pag.
1052 530 1147 579 ιιι,
1192 518 1513 569 sententiam
1546 518 1865 572 llcnschcnii

269 601 693 671 prredecessoris
739 605 820 657 sui
855 607 1250 660 retractandum
1283 608 1519 672 duxerit,
1547 609 1865 679 adjungens,

270 710 331 749 se
362 694 670 750 rationibus
721 699 856 751 meis
901 698 1207 753 convictum
1257 701 1413 754 malle
1460 702 1718 771 epistolas
1749 702 1864 758 illas

268 806 337 841 ex
369 798 518 842 tomo
548 788 566 841 l
593 789 795 858 Aprilis
826 806 1142 859 expunctus.

341 872 401 927 5.
440 874 751 944 Agnoverat
782 877 1181 948 Papebrochius
1210 896 1368 952 quam
1402 883 1669 955 eleganti,
1702 901 1863 955 quam

270 960 466 1016 ﬂorido
502 965 660 1035 stylo,
692 968 772 1020 usi
805 980 959 1023 erant
991 970 1054 1025 D.
1100 971 1457 1043 Hieronymus
1488 984 1540 1029 et
1572 976 1629 1029 S.
1667 977 1863 1031 Dama-

270 1070 400 1117 sus,
448 1070 677 1124 quorum
714 1059 942 1129 plurima
975 1078 1135 1134 Opera
1160 1104 1176 1125 ,
1223 1065 1289 1118 de
1320 1066 1516 1134 quibus
1544 1068 1723 1121 nullus
1777 1076 1863 1122 est

268 1148 581 1217 ambigendi
610 1148 780 1215 locus,
809 1154 875 1207 ad
902 1170 1092 1227 manus
1119 1166 1333 1212 nostras
1356 1168 1736 1227 pervenerunt.
1768 1160 1863 1216 Ut-

268 1253 378 1293 aue
409 1240 475 1292 de
518 1241 580 1294 D.
616 1234 926 1313 Hieronymi
959 1246 1214 1314 operibus
1252 1249 1304 1302 id
1344 1249 1395 1302 iu
1441 1250 1629 1318 primis
1662 1252 1858 1320 probe-

268 1338 431 1395 "ius,
484 1341 701 1387 exstant
726 1335 1009 1405 Epitapbia
1042 1336 1250 1404 Paulm,
1304 1340 1565 1405 Fabiolm,
1614 1341 1858 1409 Lucinii,

270 1420 540 1477 Marcellae
580 1433 634 1479 et
679 1424 964 1495 Nepotiani
993 1443 1023 1481 a
1069 1438 1255 1484 sancto
1302 1430 1391 1484 illo
1421 1432 1639 1486 doctore
1677 1433 1855 1499 edita;

266 1522 487 1568 exstant
522 1515 799 1584 complura
827 1519 1081 1587 opuscula
1113 1521 1374 1577 adversus
1400 1523 1722 1590 Helvidium,
1758 1524 1856 1580 Jo-

267 1604 567 1669 vinianum,
598 1606 973 1678 Vigilanlium,
1004 1609 1340 1683 Pelagianos,
1376 1614 1708 1679 Montanum,
1744 1616 1856 1671 Ru-

1974 430 2212 498 pcrcepit
2244 430 2527 485 Damasum
2554 449 2745 503 papam
2770 435 2882 489 sedi
2912 437 3220 505 apostolica:
3241 438 3554 509 praefectum

1972 516 2138 573 fuisse
2172 538 2185 572 :
2218 523 2361 590 quod
2407 534 2667 595 repugnat
2698 526 2763 580 iis
2791 542 2910 595 qua:
2952 527 3003 581 in
3053 530 3287 583 secunda
3338 532 3555 589 Damasi

1970 610 2194 678 epistola
2243 626 2618 683 supponuntur
2650 636 2661 670 :
2691 617 2761 672 ibi
2798 617 2943 673 enim
2980 619 3227 674 innititur
3264 622 3328 676 D.
3360 620 3556 682 Hiero-

1971 715 2212 771 nymum,
2237 718 2357 757 cum
2392 704 2530 761 hanc
2556 708 2834 777 epistolam
2866 708 3104 778 scripsit,
3139 709 3303 765 fuisse
3332 713 3553 785 presby-

1973 796 2142 843 terum
2176 808 2189 843 :
2220 790 2394 848 factus
2422 803 2504 849 est
2532 805 2714 850 autem
2746 796 3029 868 presbyter
3052 815 3081 852 a
3111 798 3336 855 Paulino
3362 802 3553 858 Antio-

1968 878 2103 932 clii:e
2161 883 2438 953 episcopo,
2507 896 2791 957 postquam
2856 888 3181 944 discesserat
3242 906 3307 945 ex
3366 907 3552 947 eremo

1969 966 2163 1039 Syrim,
2209 988 2274 1026 ex
2300 990 2405 1043 qua
2434 977 2567 1031 duas
2595 992 2755 1047 supra
2790 987 3115 1033 memoratas
3142 979 3395 1050 epistolas
3420 981 3555 1036 scri-

1966 1074 2150 1130 pserat
2180 1068 2245 1121 ad
2276 1070 2561 1124 Damasum
2596 1085 2809 1140 papam.
2838 1070 2986 1125 Adeo
3014 1079 3070 1123 ut
3099 1069 3293 1125 falsum
3328 1073 3551 1127 omnino

1968 1162 2041 1216 sit
2076 1162 2137 1215 ι).
2176 1160 2563 1230 Hieronymum
2604 1159 2716 1229 jam
2746 1162 3119 1231 presbyterum
3151 1162 3326 1229 primo
3349 1175 3547 1233 cogno-

1963 1254 2107 1308 visse
2152 1253 2365 1306 Damasi
2410 1252 2804 1321 promotionem
2834 1252 2900 1305 ad
2937 1253 3340 1322 pontiﬁcatum.
3371 1264 3427 1308 et
3452 1270 3546 1321 pa-

1967 1350 2109 1406 teat,
2141 1341 2209 1394 ab
2256 1341 2473 1395 homine
2518 1341 2700 1410 aliquo
2728 1350 2971 1395 actorum
3019 1342 3329 1413 Hieronymi
3360 1342 3549 1411 ignaro

1964 1431 2273 1501 prazdictam
2304 1430 2588 1499 epistolam
2637 1430 3000 1499 conscriptam
3040 1429 3223 1484 fuisse.
3265 1429 3448 1499 Neque
3478 1444 3547 1483 ex

1961 1521 2063 1576 hoc
2108 1520 2555 1590 parachronismo
2605 1528 2832 1583 tantum,
2865 1520 2957 1573 sed
2998 1520 3161 1575 etiam
3202 1535 3265 1573 ex
3296 1519 3545 1590 sequenti

1960 1610 2334 1675 barbarisro,
2386 1620 2636 1680 quatenus
2668 1620 2845 1664 nostra
2890 1610 3159 1665 [nimi/itas
3211 1613 3434 1665 sentiens
3466 1627 3548 1667 re-

268 1700 436 1751 tinum
458 1740 471 1761 ,
505 1698 754 1769 aliosque
786 1702 954 1769 ipsius
997 1702 1307 1775 Hieronymi
1339 1705 1418 1759 vel
1458 1706 1735 1776 religionis
1762 1722 1856 1762 ca-
1893 1695 1936 1755 Β
1963 1713 2238 1772 cognoscat
2258 1743 2272 1767 ,
2327 1711 2568 1767 constat,
2600 1703 2913 1772 prmdictam
2952 1704 3232 1773 epistolam
3264 1705 3325 1758 ι).
3356 1706 3546 1761 lliero-

264 1790 478 1844 tholica:
520 1792 868 1848 adversarios
914 1796 1213 1865 composita
1263 1814 1277 1850 :
1330 1807 1547 1853 exstant
1618 1800 1858 1869 plerique

266 1888 533 1937 tractatus
570 1883 639 1937 de
669 1884 961 1940 virtutibus
981 1926 996 1950 ,
1048 1888 1330 1942 innumera
1361 1889 1758 1946 Commentaria
1792 1893 1857 1947 de

264 1968 565 2039 Scripturis
586 1975 783 2040 Sacris,
811 1985 868 2029 et
898 1984 956 2031 ut
979 1976 1184 2043 ﬁniam,
1216 1978 1356 2034 inter
1381 1980 1623 2036 diversas
1652 1982 1854 2050 episto-

266 2058 367 2126 las,
398 2064 520 2117 dua:
548 2064 789 2134 insignes
826 2067 894 2121 ad
940 2066 1231 2123 Damasum
1266 2084 1462 2139 papam
1503 2072 1852 2141 conscriptae,

263 2168 492 2223 quarum
523 2156 718 2222 altera,
745 2159 936 2234 ordine
958 2160 1048 2220 57.
1076 2160 1154 2215 sic
1184 2162 1369 2230 incipit
1395 2178 1409 2216 :
1442 2180 1461 2213 ι
1498 2162 1855 2234 Hieronymus

266 2244 517 2300 Damaso.
552 2231 816 2314 Quoniaiu
860 2260 1072 2305 vetusto
1111 2249 1305 2306 Oriens
1353 2252 1493 2306 inter
1537 2268 1595 2307 se
1627 2231 1853 2323 populo-

264 2354 379 2391 rum
412 2338 601 2395 furore
631 2339 868 2405 collisus,
904 2342 1242 2398 indiseissam
1276 2345 1489 2399 Domini
1530 2347 1768 2401 tunicam
1800 2358 1856 2403 et

262 2430 497 2499 desuper
530 2440 733 2485 textam
781 2433 1087 2488 minutatim
1128 2452 1224 2504 per
1256 2435 1424 2491 frusta
1456 2437 1747 2509 discerpit,
1801 2450 1855 2495 et

261 2519 468 2575 Christi
517 2522 731 2577 vineam
763 2526 1127 2579 exterminant
1174 2527 1389 2596 vulpes,
1433 2536 1491 2581 ιιι
1537 2530 1677 2584 inter
1710 2531 1854 2588 lacos

260 2612 555 2676 contritos,
601 2614 691 2683 qui
721 2628 917 2683 aquam
949 2630 1056 2668 non
1087 2616 1306 2679 habent,
1342 2616 1574 2683 difﬁcile,
1607 2620 1696 2674 ubi
1733 2621 1853 2677 fons

258 2700 535 2770 signatus,
562 2711 616 2757 et
646 2702 836 2759 hortus
862 2704 948 2760 ille
976 2706 1264 2761 conclusus
1289 2708 1377 2771 sit,
1405 2710 1577 2777 possit
1603 2710 1849 2782 intelligi.

260 2789 381 2844 Ideo
413 2790 553 2846 mihi
582 2792 895 2847 cathedram
945 2793 1114 2859 Petri,
1148 2804 1202 2849 et
1233 2795 1390 2850 ﬁdem
1434 2800 1731 2866 apostolico
1757 2817 1851 2856 ore

258 2879 540 2935 laudatam
570 2883 754 2937 censui
783 2884 1166 2939 consulendam
1194 2903 1209 2951 ;
1253 2887 1375 2941 inde
1402 2905 1542 2943 nunc
1571 2904 1703 2943 metu
1730 2892 1848 2945 ani-

260 2984 359 3025 mre
391 2971 680 3040 Postulans
706 2972 917 3038 cibum,
973 2975 1111 3028 unde
1142 2975 1267 3030 olim
1299 2978 1499 3032 Christi
1528 2980 1847 3033 vestimenta

256 3061 467 3131 accepi,
507 3080 526 3113 ι
557 3071 667 3116 etc.
696 3062 875 3118 Altera
906 3074 1086 3119 autem
1117 3066 1185 3121 58
1216 3068 1293 3121 sic
1324 3069 1571 3122 orditur:
1602 3087 1620 3119 ‹
1656 3069 1848 3123 Hiero-
1877 3044 1920 3104 (ἶ

258 3166 460 3223 uymus
486 3150 741 3207 Damaso.
773 3153 1082 3223 lmportuna
1110 3157 1161 3210 in
1196 3157 1483 3228 Evangelio
1508 3159 1703 3214 mulier
1736 3169 1854 3213 tan-

255 3243 380 3298 dem
432 3246 640 3299 meruit
684 3246 900 3303 audiri:
947 3258 1002 3304 et
1049 3248 1234 3305 clauso
1283 3267 1405 3307 cum
1451 3255 1626 3309 servis
1676 3255 1848 3319 ostio,

256 3338 440 3391 media
469 3336 599 3391 licet
628 3350 801 3404 nocte,
855 3342 922 3396 ab
966 3344 1141 3398 amico
1174 3360 1339 3413 panes
1377 3348 1585 3404 amicus
1617 3351 1847 3419 accepit.

258 3427 404 3484 Deus
432 3429 584 3499 ipse,
633 3432 721 3500 qui
747 3431 907 3487 nullis
935 3444 1123 3490 contra
1167 3453 1226 3492 se
1253 3439 1459 3495 viribus
1488 3443 1729 3510 superari
1758 3456 1852 3510 po-

252 3528 383 3583 test,
415 3522 694 3590 publicani
720 3524 969 3593 precibus
998 3527 1250 3582 vincitur.
1275 3529 1467 3585 Ninive
1490 3533 1703 3597 civitas,
1731 3548 1851 3603 quae

254 3620 489 3678 peccato
546 3612 735 3680 periit,
787 3613 999 3671 ﬂetibus
1048 3619 1215 3673 stetit.
1269 3618 1538 3685 Quorsum
1591 3623 1690 3676 ista
1740 3632 1847 3676 tam

254 3698 422 3770 longo
453 3702 681 3769 repetita
716 3704 1032 3775 principio?
1066 3708 1342 3774 Videlicet,
1394 3720 1452 3763 ut
1483 3727 1704 3781 parvum
1736 3728 1850 3767 ma-

251 3808 393 3862 gnus
422 3793 679 3862 aspicias,
719 3815 736 3847 ι
768 3806 871 3851 etc.
901 3800 1077 3869 Atque
1111 3815 1175 3855 ex
1205 3801 1309 3864 his,
1349 3803 1400 3856 ni
1431 3802 1603 3867 fallor,
1638 3804 1849 3860 abunde

250 3892 477 3937 conth
500 3898 664 3952 quam
688 3884 918 3956 eleganti
949 3888 1118 3959 stylo,
1171 3905 1332 3959 quam
1384 3901 1579 3945 ornato
1621 3908 1750 3946 usus
1780 3894 1851 3947 sit

251 3972 630 4046 Hieronymus
674 3978 728 4032 in
778 3978 972 4035 litteris
1016 3982 1085 4036 ad
1136 3982 1425 4036 Damasum
1477 3998 1672 4053 papam
1720 4000 1849 4039 con-

252 4066 516 4134 scriptis.
544 4076 912 4137 quantumque
935 4070 1002 4125 ab
1027 4070 1193 4139 ipsius
1219 4072 1489 4126 scribendi
1520 4073 1677 4128 modo
1698 4073 1850 4129 diﬁ‘e—

251 4164 340 4210 rat
367 4156 608 4226 epistola
636 4157 700 4211 de
728 4160 894 4228 gestis
918 4161 1229 4229 pontiﬁcum
1257 4162 1506 4233 superius
1535 4165 1795 4220 exhibita.

323 4246 382 4301 6.
432 4245 573 4300 Dum
605 4248 746 4302 enim
778 4249 840 4303 D.
886 4250 1243 4323 Hieronymus
1289 4254 1491 4323 aliquid
1541 4271 1571 4309 a
1620 4258 1848 4313 Damaso

251 4351 393 4406 papa
419 4338 668 4405 petebat,
688 4349 883 4393 ornato
907 4354 1155 4396 sermone
1181 4352 1235 4395 et
1257 4342 1414 4412 longo
1440 4346 1663 4414 repetita
1687 4360 1846 4400 exor-

1962 1809 2123 1864 nymo
2146 1792 2557 1862 abjudicandam
2588 1809 2729 1859 esse,
2762 1796 2852 1864 qui
2882 1795 3126 1849 eamdem
3158 1810 3428 1865 nunquam
3459 1797 3545 1851 bis

1958 1884 2138 1939 verbis
2179 1883 2565 1949 conclusisset,
2614 1882 2689 1938 vel
2714 1885 2759 1938 si
2787 1886 2903 1954 quis
2938 1895 3119 1939 contra
3148 1902 3372 1939 canones
3416 1901 3543 1955 apo-

1956 1972 2211 2027 stolorum
2239 1976 2521 2028 excessisse
2552 1984 2916 2044 cognoscatur.
2965 1974 3098 2028 Nam
3130 1989 3322 2030 sensus
3349 1976 3541 2030 horum

1957 2062 2243 2117 verborum
2274 2065 2538 2119 obscurus
2577 2072 2681 2130 est,
2722 2074 2909 2119 contra
2939 2079 3145 2119 morem
3177 2066 3445 2121 scribendi
3479 2066 3540 2119 D.

1956 2150 2272 2225 Hieronymi
2296 2194 2311 2218 ,
2352 2155 2443 2224 qui
2480 2153 2811 2209 declarasset
2836 2160 2903 2209 de
2927 2156 3248 2224 quibusnam
3275 2156 3546 2225 apostolo-

1956 2257 2075 2296 rum
2120 2245 2439 2310 canonibus,
2491 2252 2545 2299 et
2581 2244 2649 2301 de
2674 2259 2907 2313 quonam
2934 2259 3188 2306 excessus
3229 2259 3427 2316 genere
3468 2246 3541 2301 ibi

1956 2340 2169 2410 agebat.

2024 2430 2077 2481 7.
2117 2429 2373 2495 Quamvis
2398 2436 2579 2483 autem
2612 2429 2838 2498 supponi
2868 2438 3049 2498 posset
3074 2429 3214 2499 quod
3246 2429 3307 2483 D.
3340 2428 3533 2484 Hiero-

1954 2535 2148 2591 nymus
2176 2532 2301 2575 tunc
2342 2520 2724 2590 Martyrologio
2762 2536 2984 2590 operam
3025 2523 3213 2585 dabat,
3267 2532 3322 2576 et
3350 2522 3472 2577 ideo
3496 2537 3529 2577 a

1957 2612 2187 2666 Damaso
2235 2626 2371 2682 papa
2440 2610 2757 2681 Catalogum
2810 2611 3178 2665 Romanorum
3226 2611 3537 2679 pontiﬁcum

1954 2705 2202 2776 petebat,
2247 2714 2307 2758 ut
2343 2720 2409 2757 ex
2437 2719 2502 2759 eo
2530 2702 2873 2772 dignoscerct
2898 2703 3117 2771 quinam
3151 2703 3396 2772 martyrii
3426 2701 3538 2772 pal-

1954 2812 2094 2851 mam
2126 2796 2306 2865 adepti
2358 2804 2556 2858 erant;
2600 2805 2783 2849 tamen
2830 2796 3025 2849 mirum
3066 2795 3231 2849 videri
3264 2803 3441 2863 potest
3471 2794 3535 2849 D.

1955 2886 2339 2956 Hieronymum
2372 2887 2593 2955 petiisse
2634 2901 2664 2939 a
2694 2885 2926 2939 Damaso
2955 2893 3012 2937 ut
3051 2884 3316 2938 indicaret
3336 2885 3382 2938 si
3414 2884 3539 2953 quis

1953 2977 2267 3047 pontiﬁcum
2291 2976 2672 3045 praevaricator
2695 2974 3116 3044 apostolicorum
3136 2988 3402 3028 canonum
3427 2974 3540 3027 exi-

1952 3076 2100 3121 stens
2127 3081 2193 3120 ex
2227 3066 2329 3119 hoc
2356 3065 2556 3119 mundo
2602 3064 2960 3127 discessisset,
2993 3078 3116 3117 cum
3144 3062 3211 3116 ad
3238 3064 3532 3116 Damasum

1951 3157 2245 3225 scripserat
2294 3170 2352 3209 se
2394 3155 2711 3210 cathedram
2762 3154 2906 3208 Petri
2940 3162 2995 3208 et
3032 3153 3190 3208 ﬁdem
3237 3153 3535 3224 apostolico

1950 3262 2046 3301 ore
2075 3244 2343 3300 laudatam
2376 3246 2495 3300 ideo
2523 3245 2825 3307 consulere,
2859 3244 3001 3314 quod
3038 3244 3152 3298 haec
3174 3245 3439 3300 cathedra
3464 3245 3538 3299 sit

1952 3349 2101 3409 petra
2133 3338 2474 3408 Evangelica,
2509 3352 2669 3406 supra
2698 3351 2862 3405 quam
2892 3334 3215 3389 aediﬁcatam
3238 3335 3537 3391 Ecclesiam

1952 3429 2195 3493 sciebat;
2230 3428 2374 3498 quod
2419 3426 2791 3481 Romanorum
2840 3425 2973 3481 ﬁdes
3020 3425 3093 3480 sit
3129 3425 3249 3492 illa,
3299 3441 3461 3495 quam
3506 3442 3538 3480 ιι

1950 3519 2118 3574 Paulo
2167 3519 2435 3573 laudatam
2480 3528 2535 3572 et
2580 3532 2854 3587 nunquam
2884 3514 3220 3571 defecturam
3246 3516 3537 3580 credebat,

1952 3610 2024 3664 ita
2058 3619 2117 3663 ut
2146 3609 2287 3678 apud
2314 3608 2459 3663 solos
2485 3607 2630 3663 Petri
2666 3620 3011 3661 successores
3037 3606 3406 3676 incorruptam
3434 3605 3540 3661 Pa-

1952 3709 2094 3755 trum
2139 3700 2514 3755 hmreditatem
2548 3697 2754 3753 servari
2801 3696 3168 3766 proﬁteretur.
3222 3695 3346 3751 Hzec
3391 3697 3536 3751 enim

1951 3808 2071 3847 cum
2099 3791 2461 3862 Hieronymus
2484 3791 2537 3845 in
2561 3788 2806 3859 epistolis
2827 3788 2892 3841 ad
2918 3787 3207 3843 Damasum
3233 3788 3536 3852 tradiderit,

1951 3898 2057 3953 quo
2083 3882 2342 3946 consitio,
2394 3897 2500 3950 qua
2532 3880 2744 3934 ratione
2790 3895 2848 3934 se
2895 3879 2961 3933 de
3008 3878 3366 3946 quorumdam
3392 3877 3537 3933 Petri

1951 3990 2325 4030 successorum
2355 3973 2801 4044 praevaricatione
2835 3972 3117 4036 dubitare,
3152 3972 3218 4025 ad
3246 3972 3531 4026 Damasum

1951 4067 2125 4136 ipsum
2156 4065 2499 4135 scripsisset?
2545 4065 2627 4117 An
2650 4062 2824 4126 forte,
2860 4063 2906 4115 si
2947 4062 3232 4131 quisquam
3258 4060 3535 4115 Romano-

1953 4174 2069 4213 rum
2102 4158 2417 4228 pontiﬁcum
2466 4157 2519 4210 in
2553 4156 2729 4224 aliquo
2754 4154 3102 4223 deliquisset,
3141 4153 3267 4207 illud
3297 4151 3361 4206 ad
3390 4152 3536 4207 Mar-

1953 4249 2277 4319 tyrologium
2343 4249 2405 4302 D.
2469 4246 2779 4317 Hieronymi
2842 4254 3091 4314 spectare
3142 4244 3393 4314 poterat?
3456 4243 3533 4298 De

1952 4339 2152 4394 sanctis
2174 4337 2514 4408 pontiﬁcibus
2540 4350 2836 4405 eorumque
2863 4335 3142 4406 martyriis
3175 4334 3237 4387 D.
3269 4334 3531 4406 Hierony-

252 4428 345 4482 dio
380 4428 679 4481 Damasum
722 4445 949 4485 exorare
979 4431 1204 4497 solebat,
1240 4443 1297 4487 ιιι
1325 4449 1390 4488 ex
1417 4436 1623 4491 duobus
1645 4438 1833 4505 praedi.
1872 4417 1922 4476 D
1951 4447 2068 4485 mus
2094 4447 2193 4501 pro
2220 4430 2555 4486 conﬁciendo
2583 4444 2682 4483 suo
2706 4427 3084 4498 Martyrologio
3120 4425 3385 4481 sollicrtus
3409 4440 3530 4480 esse

249 4527 475 4571 ctarum
506 4516 806 4570 litterarum
837 4518 1153 4587 fragmentis
1179 4521 1429 4590 colligere
1460 4522 1604 4577 licet.
1638 4525 1844 4594 Atepi-

252 4609 395 4663 stola
442 4608 510 4662 de
548 4610 714 4679 gestis
762 4609 1128 4667 Romanorum
1172 4615 1487 4681 pontiﬁcum
1519 4614 1845 4686 Hieronymo

255 4701 467 4756 tributa
511 4701 650 4771 stylo
681 4701 992 4779 humilixet
1038 4704 1247 4773 abjecto
1294 4705 1410 4759 sine
1440 4706 1597 4759 ullius
1638 4707 1845 4761 exordii

254 4800 583 4846 ornamento
612 4792 798 4846 statim
846 4792 1043 4847 indicat
1073 4795 1212 4865 quod
1244 4796 1461 4865 petitur,
1511 4807 1569 4851 ut
1607 4806 1753 4867 patet
1781 4813 1847 4851 ex

256 4884 365 4938 hoc
396 4884 537 4939 illius
569 4884 726 4937 initio
757 4900 770 4934 :
810 4881 1042 4938 Gloriam
1086 4888 1378 4941 sanctitatis
1418 4898 1522 4942 tua:
1546 4898 1724 4941 nostra
1755 4888 1850 4941 hu-

258 4972 456 5028 militas
504 4974 841 5043 deprecatur.
889 4969 1013 5027 Post
1056 4975 1198 5044 quod
1236 4976 1421 5030 statim
1454 4978 1843 5047 prosequitur:

264 5060 337 5115 Ut
372 5066 659 5118 secundum
709 5059 856 5115 sedis
903 5063 1199 5129 apostolicae
1246 5067 1642 5130 auctoritatem,
1691 5080 1848 5134 quam

264 5158 591 5227 cognorimus
637 5169 735 5223 per
795 5160 940 5203 tuam
986 5157 1314 5209 sanctitatem
1345 5155 1658 5225 gubernari,
1700 5165 1849 5207 actus

260 5259 511 5316 gestorum
560 5263 595 5299 a
626 5243 774 5298 beati
808 5238 949 5294 Petri
980 5247 1195 5313 apostoli
1244 5247 1539 5315 principatu
1572 5263 1737 5317 usque
1778 5246 1846 5298 ad

257 5350 418 5391 restra
460 5348 706 5405 tempora
732 5373 751 5393 ,
782 5346 902 5401 qua:
930 5334 1119 5391 scilicet
1140 5338 1207 5409 in
1231 5337 1350 5391 sede
1380 5347 1469 5391 tua
1519 5349 1665 5409 gesta
1690 5345 1811 5391 sunt
1831 5376 1845 5398 ,

1953 4521 2200 4586 debebat,
2227 4529 2281 4574 et
2306 4535 2428 4575 cum
2458 4519 2645 4573 Romae
2665 4519 2716 4572 in
2735 4518 3018 4587 juventute
3047 4531 3141 4571 sua
3165 4514 3449 4578 studuerit,
3471 4530 3537 4568 ac

1954 4612 2150 4680 smpius
2180 4619 2397 4682 cryptas
2428 4619 2725 4679 martyrum
2753 4623 2816 4661 ac
2842 4607 3212 4675 apostolorum
3240 4603 3457 4672 templa,
3482 4604 3535 4657 in

1953 4700 2151 4769 quibus
2220 4698 2319 4753 SS.
2370 4699 2684 4767 pontiﬁcum
2733 4710 2961 4765 corpora
3016 4694 3291 4750 recondita
3340 4703 3533 4758 erant,

1955 4792 2384 4861 perlustraverit,
2419 4792 2507 4844 vix
2537 4789 2793 4845 credibile
2821 4796 2904 4841 est
2943 4787 3007 4842 D.
3040 4786 3425 4855 Hieronymum
3455 4786 3537 4840 la-

1960 4886 2126 4939 tuisse
2164 4884 2529 4938 Itomanorum
2579 4879 2890 4950 pontiﬁcum
2920 4877 3239 4950 martyria,
3260 4876 3540 4945 multoque

1958 4974 2361 5030 inverisimilius
2398 4980 2481 5026 est
2524 4971 2812 5023 Damasum
2843 4982 3046 5038 papam
3095 4967 3269 5022 solum
3314 4968 3416 5021 tria
3443 4976 3539 5022 aut

1954 5076 2185 5135 quatuor
2230 5061 2547 5131 pontiﬁcum
2583 5050 2875 5127 martyria'
2898 5067 3346 5117 enumeraturum
3375 5057 3540 5113 fuisse

1956 5156 2008 5210 in
2038 5153 2327 5224 antiquiori
2358 5150 2647 5218 Catalogo,
2686 5148 2730 5202 si
2765 5147 2915 5203 illum
2952 5155 3022 5209 ad
3056 5155 3120 5207 Ι).
3160 5148 3540 5220 Hieronymum

1956 5260 2077 5299 cum
2119 5240 2345 5312 epistola
2371 5238 2620 5306 superius
2659 5236 2822 5290 allata
2862 5240 3279 5298 transmisisset.
3328 5237 3443 5303 Qua
3475 5238 3542 5290 de

1959 5350 2017 5389 re
2059 5334 2238 5388 statim
2287 5342 2540 5398 agemus,
2591 5343 2712 5382 cum
2750 5329 3271 5390 monstraverimus,
3304 5325 3447 5393 quod
3475 5326 3541 5379 de
