4010 6302
442 338 447 343 ’
461 314 567 372 {'79

1164 313 1259 370 AD
1290 312 1736 373 ANASTASIUM
1775 312 2289 372 PROLEGOMENA
2325 316 2504 375 EDIT.
2544 317 2964 378 ROM.-V.\TIC.
3023 343 3031 346 ν
3072 356 3073 361 η

3612 274 3736 379 in

428 429 603 507 ﬁstula
630 427 986 500 conspicitur,
1027 429 1188 503 longe
1210 439 1293 488 est
1319 448 1349 487 a
1394 433 1612 489 Damasi
1660 432 1834 505 style,
1879 431 2041 488 etlo-
2070 432 2119 492 Α
2147 432 2406 489 stolornm
2436 436 2734 494 excessisse
2778 440 3157 507 cegnoscatur.
3202 430 3269 489 Et
3310 432 3603 504 respondet
3625 434 3707 489 Da

464 522 664 592 queudi
706 522 944 592 puritate
1001 520 1229 581 alienus.
1287 525 1483 597 Incipit
1530 542 1766 596 namque
1819 525 2046 598 epistola

466 611 554 667 bis
575 610 794 668 verbis:
822 609 1027 668 Gaudet
1058 613 1293 670 Ecclesia
1320 625 1409 671 tuo
1438 616 1581 687 [ante
1598 618 1718 689 jam
1754 618 1971 681 satiata,
1998 624 2049 671 et

441 701 698 773 .amplius
757 703 871 757 sitit
933 694 1213 760 curiositas
1262 715 1552 779 temporum
1616 706 2046 777 sacerdotalium.

445 794 604 862 .Qutc
653 795 766 850 sola
802 794 1049 852 sulliccre
1088 797 1347 852 deberent
1396 799 1462 852 ad
1495 797 1776 869 epistolam
1816 797 2050 852 Damaso

446 884 882 953 .abjudicandam
907 905 921 940 :
954 895 1318 958 prteterqnam
1348 890 1492 944 enim
1517 889 1658 959 quod
1683 888 1746 944 D.
1781 887 2050 961 Hierony-

452 993 629 1047 .mus,
669 978 796 1033 dum
852 966 1049 1034 munus
1092 977 1391 1050 presbyteri
1432 979 1667 1051 primum
1711 979 2050 1046 obtinuerat,

439 1083 582 1124 ‘nou
629 1077 740 1124 tam
790 1069 959 1124 multa
988 1070 1297 1141 scripserit,
1347 1078 1408 1125 nt
1453 1070 1752 1127 Ecclesiam
1798 1071 2056 1142 operibus

450 1161 590 1217 suis
620 1160 933 1232 repleverit,
979 1162 1223 1233 adeoque
1245 1176 1433 1217 verum
1466 1176 1572 1218 non
1605 1162 1676 1218 sit
1702 1164 1844 1232 quod
1872 1161 2058 1218 Eccle-

458 1252 560 1308 sia
581 1252 695 1322 jam
721 1262 869 1310 esset
912 1254 1082 1325 ipsius
1110 1253 1258 1309 lente
1295 1254 1511 1319 satiata,
1538 1254 1881 1326 subjungitur
1907 1270 1923 1310 :
1955 1253 2058 1308 Ta-

459 1361 597 1400 men
625 1356 673 1400 et
714 1344 940 1417 amplius
967 1346 1075 1402 sitit
1103 1347 1381 1401 curiositas
1425 1356 1715 1416 temporum
1757 1346 2060 1402 sacerdota-

475 1434 629 1490 liunt.
658 1434 788 1503 Quae
815 1436 978 1491 verba
1002 1436 1141 1492 sicut
1172 1437 1410 1505 ineptum
1440 1450 1658 1491 sensum
1685 1436 1948 1500 reddunt,
1986 1435 2060 1491 ita

477 1527 713 1584 Damaso
753 1543 1099 1600 nequaquam
1143 1528 1307 1583 tribui
1343 1536 1587 1598 possunt.
1636 1526 1775 1596 Quid
1806 1528 1949 1583 enim
1971 1527 2063 1582 ‘si-

478 1616 738 1689 gniﬁcant
792 1626 1038 1690 tempora
1105 1618 1507 1675 sacerdotalia?
1570 1616 1708 1674 Num
1754 1618 2066 1675 sacerdotes

2149 540 2332 580 masus
2359 525 2673 599 Catalogum
2719 527 3036 597 pontiﬁcum
3072 540 3103 580 a
3130 525 3190 580 ι).
3225 524 3556 597 Hieronymo
3593 524 3736 593 peti-

2151 623 2266 671 tum
2292 626 2344 670 et
2373 631 2403 671 a
2433 632 2492 672 se
2522 618 2903 675 transmissum
2933 616 3216 674 continere
3254 616 3416 671 Actus
3445 626 3739 686 gestorum,

2149 714 2242 759 aut
2270 715 2413 775 gesta
2437 706 2766 777 pontiﬁcum,
2797 707 2994 779 quibus
3022 721 3210 762 eorum
3237 704 3439 770 obitus,
3464 711 3521 758 ct
3544 702 3744 757 mortis

2151 810 2321 867 genus
2367 797 2772 854 adnectebatur.
2844 798 2921 853 De
2982 798 3069 854 his
3124 806 3302 852 autem
3350 795 3609 850 omnibus
3650 792 3744 847 vix

2152 887 2446 957 quidquam
2496 889 2770 959 reperitur
2817 888 2872 945 in
2922 888 3213 960 antiquiori
3256 887 3536 959 Catalogo.
3605 883 3747 940 Nam

2158 979 2244 1033 vix
2270 978 2379 1033 ulla
2419 987 2573 1050 gesta
2610 980 2922 1051 pontiﬁcum
2948 979 3001 1035 in
3043 962 3117 1035 eo,
3138 986 3659 1042 commemorantur,
3692 988 3749 1033 et

2157 1069 2301 1123 inter
2347 1076 2427 1122 tot
2454 1068 2769 1139 pontiﬁces,
2809 1078 2941 1140 quot
2987 1082 3020 1123 a
3065 1079 3253 1124 sancto
3292 1066 3453 1123 Petro
3497 1066 3750 1138 apostolo

2159 1173 2328 1228 usque
2361 1158 2426 1213 ad
2458 1158 2749 1215 Damasum
2798 1175 2993 1230 papam
3040 1159 3328 1226 sederunt,
3366 1166 3576 1213 tantum
3610 1169 3752 1227 qua-

2162 1261 2286 1309 tuor
2309 1253 2571 1325 martyria
2600 1263 3014 1320 enumerantur,
3041 1252 3190 1309 Petri
3224 1252 3483 1309 nimirum
3512 1260 3568 1307 et
3591 1249 3749 1323 Pauli

2161 1344 2526 1417 apostolorum
2547 1387 2564 1410 ,
2607 1345 2672 1399 de
2693 1345 2888 1415 quibus
2914 1345 3114 1412 dicitur
3139 1361 3153 1398 :
3187 1342 3380 1399 Petrus
3409 1360 3599 1415 passus
3625 1358 3751 1397 cum

2164 1433 2338 1491 Paulo
2363 1437 2536 1493 diem
2565 1434 2795 1491 Kalend.
2826 1435 2997 1501 Julii;
3028 1434 3300 1500 Pontiani,
3342 1435 3409 1490 de
3434 1450 3542 1505 quo
3573 1432 3753 1489 refer-

2166 1534 2255 1580 tur
2282 1544 2295 1579 :
2327 1524 2394 1580 In
2424 1523 2604 1579 eadem
2630 1522 2806 1579 insula
2833 1523 3131 1596 (Sardinia)
3154 1523 3438 1578 discinctus
3462 1531 3537 1577 est
3561 1536 3616 1576 tv
3641 1516 3755 1574 Kac

2167 1619 2308 1673 tend.
2347 1617 2625 1684 Octobris;
2668 1617 2930 1686 Fabiani,
2973 1618 3042 1674 de
3082 1633 3189 1689 quo
3222 1628 3518 1674 narratur:
3547 1614 3755 1671 Passus

480 1720 609 1765 tunc
633 1708 918 1779 imperium
950 1709 1229 1775 tenebant,
1260 1717 1356 1765 aut
1382 1718 1513 1766 tunc
1533 1709 1766 1780 primum
1798 1708 1851 1764 in
1876 1706 2066 1764 Eccle-
2166 1725 2265 1765 xm
2293 1706 2419 1763 Kal.
2452 1705 2649 1774 Febr.;
2679 1717 2734 1765 et
2763 1708 3033 1775 Cornelii;
3064 1710 3130 1765 de
3151 1725 3258 1780 quo
3284 1708 3545 1764 asseritur
3573 1724 3588 1763 :
3618 1705 3756 1761 Cen-

462 1799 561 1854 -sia
589 1815 712 1856 esse
740 1808 1053 1870 coeperant,
1081 1799 1137 1855 in
1162 1815 1266 1869 qua
1297 1807 1425 1856 ante
1449 1815 1556 1856 non
1590 1798 1847 1855 fuerant?
1876 1798 2066 1855 Nonne
2094 1790 2140 1849 Β
2168 1797 2441 1853 tumcellas
2468 1797 2717 1873 expulsus
2756 1799 2829 1853 ibi
2857 1816 2975 1853 cum
3000 1798 3168 1870 gloria
3195 1798 3563 1853 dormitionem
3596 1812 3754 1851 acce-

467 1889 820 1960 temporibus
881 1889 1098 1945 Damasi
1143 1904 1297 1961 papa:
1354 1890 1712 1960 imperatores
1765 1887 2067 1957 regnabant

468 1980 626 2034 sicut
653 1978 754 2034 sub
783 1979 1000 2034 Damasi
1030 1980 1515 2048 prmdecessoribus
1541 1979 1751 2050 imperii
1800 1979 2069 2051 guberna-

474 2072 604 2128 .cula
637 2072 965 2127 tenuerant?
997 2068 1054 2127 Si
1084 2071 1442 2143 imperatores
1484 2081 1610 2128 ante
1649 2073 1939 2127 Damasum
1973 2087 2070 2143 gu-

473 2160 823 2227 bernarunt,
855 2160 898 2215 si
925 2170 1081 2216 antea
1111 2163 1396 2233 pontiﬁces
1424 2172 1479 2216 et
1520 2163 1832 2218 sacerdotes
1870 2162 1924 2217 in
1968 2162 2072 2218 Ec-

469 2251 654 2306 -clesia
680 2251 1025 2318 exstiterunt,
1054 2253 1206 2323 quid,
1235 2268 1439 2323 quaeso,
1468 2253 1570 2309 sibi
1613 2252 1802 2308 volunt
1830 2262 2070 2324 tempora

475 2340 889 2395 sacerdotalia?
937 2340 1211 2407 Quomodo
1239 2342 1444 2397 sitiebat
1476 2344 1756 2400 curiositas
1781 2354 2073 2415 temporum

489 2428 894 2485 sacerdotalium
911 2432 936 2484 ει
962 2431 1043 2485 Αη
1068 2431 1385 2489 curiositate
1406 2433 1743 2488 ducebantur
1763 2432 2073 2489 sacerdotes

490 2522 561 2578 ad
587 2523 884 2580 audiendas
913 2538 943 2577 a
976 2522 1037 2577 D.
1066 2522 1398 2594 Hieronymo
1430 2525 1905 2595 interpretationes
1925 2524 2075 2580 Scri-

486 2620 800 2685 pturarnm,
825 2621 887 2672 ut
912 2615 1185 2682 quondam
1209 2615 1571 2671 Athenienses
1597 2632 1779 2671 rerum
1811 2632 2074 2671 novarum

465 2702 675 2775 xcupidi
722 2717 755 2756 a
800 2702 866 2757 D.
902 2702 1105 2757 Paulo?
1150 2703 1304 2771 Quod
1342 2705 1386 2759 si
1424 2705 1688 2761 Damasus
1714 2722 1853 2777 papa
1897 2708 2078 2777 expri-

494 2809 646 2850 mere
674 2792 935 2849 voluisset
964 2794 1106 2850 hanc
1138 2796 1480 2850 sacerdotum
1510 2796 1881 2867 cupiditatem,
1907 2797 2077 2853 dixis-

485 2893 582 2940 .set
610 2885 889 2940 curiositas
912 2885 1242 2939 sacerdotum
1263 2926 1278 2951 ,
1328 2900 1433 2941 non
1464 2887 1742 2942 curiositas
1786 2897 2076 2957 temporum

486 2974 935 3038 .sacerdotalium.
1004 2982 1064 3028 nt
1109 2974 1163 3029 in
1211 2974 1387 3044 prima
1434 2975 1788 3046 Antiquitatis
1842 2976 2079 3031 editione

484 3065 1000 3120 animadvertimus.
1030 3063 1240 3131 Quibus
1267 3063 1563 3135 adiungere
1590 3080 1878 3133 possumus
1907 3074 2074 3121 totam

2166 1893 2262 1961 pit.
2297 1889 2504 1946 Horum
2533 1888 2715 1961 itaque
2755 1891 3071 1961 pontiﬁcum
3107 1890 3366 1961 martyria
3412 1885 3757 1944 solummodo

2167 1990 2664 2036 commemorantur
2693 1981 2747 2036 in
2776 1981 3058 2054 Catalogo,
3089 1982 3180 2051 qui
3212 1981 3257 2036 si
3294 1996 3325 2034 a
3354 1980 3587 2034 Damaso
3614 1993 3757 2049 papa

2169 2072 2509 2141 conscriptus
2537 2080 2632 2126 aut
2676 2072 2775 2142 ipsi
2806 2073 3066 2142 probatus
3107 2072 3325 2138 fuisset,
3369 2071 3566 2139 illeque
3610 2081 3759 2125 esset

2171 2160 2325 2230 cujus
2355 2161 2408 2216 in
2437 2161 2638 2218 litteris
2671 2163 3000 2217 mentionem
3034 2161 3212 2217 facere
3246 2161 3586 2230 supponitur,
3637 2174 3759 2215 cre-

2170 2252 2299 2308 dinc
2343 2261 2525 2324 potest
2559 2253 2851 2308 Damasum
2901 2262 3095 2310 cetera
3141 2253 3455 2324 pontiﬁcum
3492 2251 3757 2321 martyrio

2174 2344 2486 2416 ignorasse?
2536 2344 2824 2415 ignorabat
2871 2343 3053 2400 forsan
3092 2343 3389 2400 Clementis
3434 2343 3760 2415 martyrium

2176 2442 2290 2491 toto
2329 2442 2596 2489 terrarum
2623 2435 2757 2491 orbe
2801 2434 3262 2491 celeberrimum?
3293 2433 3509 2489 Nihilne
3535 2432 3764 2489 omnino

2179 2533 2433 2596 supereat
2472 2526 2539 2581 de
2567 2527 2734 2597 gestis
2761 2536 3080 2599 martyrum,
3112 2541 3233 2596 qum
3256 2525 3480 2596 jubente
3515 2524 3765 2606 Anthcro

2177 2628 2208 2668 a
2232 2615 2461 2669 notariis
2491 2614 2723 2670 ﬁdeliter
2750 2615 3060 2685 conscripta
3086 2622 3143 2670 et
3194 2614 3247 2668 in
3293 2612 3535 2669 Ecclesia
3572 2627 3765 2667 recon-

2177 2705 2289 2761 dita
2317 2707 2508 2761 erant?
2548 2706 2631 2761 An
2668 2715 2849 2764 mente
2878 2705 3156 2761 exciderat
3207 2705 3351 2775 quod
3381 2704 3450 2759 de
3497 2701 3762 2773 Stephani

2179 2810 2332 2867 papa:
2373 2796 2637 2868 martyrio
2680 2796 2797 2861 eius
2825 2796 2960 2851 Acta
3009 2794 3383 2851 testabantur?
3423 2794 3762 2863 lgnorarene

2181 2896 2394 2956 peierat
2438 2904 2560 2957 qua:
2590 2889 2653 2942 de
2682 2885 2835 2960 Xysti
2866 2888 3016 2942 obitu
3062 2886 3325 2942 retulerat
3348 2887 3526 2942 clerus
3568 2885 3766 2940 Roma-

2181 2991 2317 3041 nus,
2349 2978 2644 3049 scripserat
2669 2978 2990 3048 Cyprianus,
3020 2987 3078 3033 et
3123 2979 3174 3033 in
3200 2978 3337 3034 festo
3367 2977 3426 3033 S.
3458 2977 3763 3043 Laurentii,

2184 3070 2273 3141 qui
2302 3068 2528 3141 Xystum
2560 3079 2680 3141 post
2710 3071 2947 3127 triduum
2985 3079 3205 3127 secutus
3230 3080 3380 3136 erat,
3430 3069 3639 3139 legebat
3665 3069 3768 3124 Ec-

491 3156 640 3211 hanc
683 3155 905 3210 Damasi
950 3155 1238 3225 epistolam
1279 3155 1421 3226 stylo
1458 3156 1594 3211 adeo
1629 3156 1748 3211 rudi
1790 3165 1846 3211 et
1876 3156 2077 3211 inculto
2105 3139 2150 3202 (ἶ
2182 3139 2383 3215 clcsia?
2451 3139 2748 3216 Latebatne
2805 3161 2980 3232 ipsum
3033 3158 3160 3230 quid
3206 3160 3519 3216 continebat
3578 3159 3767 3213 Canon

490 3244 757 3313 scriptam
803 3258 959 3308 esse,
1002 3251 1064 3297 ut
1098 3242 1240 3297 nulla
1288 3243 1544 3314 periodus
1586 3244 1639 3298 in
1670 3259 1733 3299 ea
1780 3246 2082 3314 reperiatur

489 3341 610 3387 tam
637 3332 853 3392 erudito
880 3343 936 3389 et
979 3333 1267 3404 eloquente
1289 3333 1543 3405 pontiﬁce
1564 3334 1745 3406 digna,
1778 3336 1845 3389 de
1874 3351 1982 3405 quo
2012 3335 2077 3393 D.

496 3421 864 3493 Hieronymus
894 3422 1029 3477 libre
1060 3425 1125 3478 de
1155 3422 1524 3494 Scriptoribus
1552 3433 1783 3480 testatur
1806 3426 1950 3496 quod
1971 3425 2082 3481 ele-

493 3513 980 3583 gansin‘versibus
1004 3513 1389 3583 componendis
1409 3513 1684 3585 ingenium
1718 3514 1926 3568 habuit.
1956 3512 2081 3581 Ejus

496 3602 748 3673 epistolae
771 3603 1004 3674 eleganti
1031 3603 1171 3675 style
1197 3605 1516 3673 conscripta:
1544 3604 1704 3659 editae
1730 3613 1855 3659 sunt
1881 3621 1911 3659 a
1943 3604 2083 3658 Mar—

506 3697 584 3751 tio
614 3694 818 3762 Milesio
844 3704 900 3750 ct
943 3711 973 3749 a
1002 3694 1146 3751 Luca
1171 3693 1450 3751 Holstenio
1474 3709 1489 3749 :
1522 3695 1777 3766 pleraque
1808 3696 1937 3751 item
1965 3711 2086 3750 car-

496 3786 655 3840 zmina
682 3786 978 3841 etiamnum
1020 3786 1363 3855 reperiuntur
1390 3787 1442 3841 in
1489 3786 1821 3842 Bibliotheca
1866 3787 2085 3854 Patrum

499 3878 649 3935 .etlita
674 3917 691 3943 ,
736 3886 792 3931 et
825 3877 930 3932 alia
961 3879 1281 3933 marmoreis
1309 3878 1504 3934 tabulis
1533 3879 1798 3951 insculpta
1817 3922 1831 3947 ,
1866 3882 2090 3952 quihus-

505 3981 631 4022 cum
656 3968 700 4022 si
726 3968 1069 4023 conferamus
1090 3968 1550 4024 constructionem
1572 3971 1817 4042 epistola:
1838 3974 2088 4044 superius

505 4059 687 4124 editrc,
736 4060 891 4116 facile
933 4061 1206 4116 constabit
1232 4062 1329 4117 has
1355 4063 1604 4132 phrases,
1652 4064 1709 4118 in
1737 4074 1927 4119 nostra:
1951 4067 2089 4120 sedis

499 4153 702 4215 studio,
737 4164 784 4208 et
824 4154 1116 4225 gaudenter
1161 4155 1471 4223 direximus,
1510 4157 1618 4212 alio
1659 4168 1881 4214 auctore
1926 4175 2089 4229 quam

502 4240 740 4299 Damaso
766 4244 961 4299 editas.
1011 4243 1200 4300 Prodit
1228 4256 1410 4302 autem
1461 4262 1519 4302 se
1560 4247 1736 4317 ipsum
1768 4258 1960 4303 auctor
1990 4251 2093 4305 hac

506 4332 791 4389 clausula:
825 4334 965 4389 Data
994 4351 1029 4389 x
1060 4335 1329 4391 Kalendas
1367 4337 1542 4403 Junii,
1572 4351 1621 4393 et
1651 4349 1863 4409 accepta
1892 4339 2093 4395 Kalen-

507 4425 608 4479 das
639 4424 914 4489 Octobris;
939 4425 1099 4480 missa
1124 4424 1291 4481 Roma
1317 4426 1738 4498 Hierosolymam
1757 4469 1773 4494 ,
1806 4444 1925 4498 qua:
1950 4431 2093 4487 sicut

510 4516 567 4570 in
611 4514 758 4570 nulla
798 4515 1027 4570 aliarum
1058 4516 1272 4572 Damasi
1312 4494 1660 4588 epistularum
1691 4494 1981 4589 reperitur,
2012 4521 2088 4576 ita
2118 4494 2171 4552 θ

481 4608 581 4663 .ab
606 4608 698 4664 illo
737 4606 1004 4664 fabricata
1044 4616 1164 4675 est,
1215 4609 1307 4679 qui
1355 4609 1622 4679 integram
1654 4610 1937 4683 epistolam
1986 4611 2093 4668 Da-

508 4696 665 4755 maso
690 4700 993 4770 supposuit.

512 4831 519 4842 .
581 4790 638 4845 υ.
670 4792 849 4862 Atque
890 4791 1008 4846 haec
1050 4791 1267 4863 quidem
1307 4792 1577 4849 sulﬁciant
1611 4795 1677 4849 de
1722 4796 2095 4865 suppositione

512 4881 886 4953 cpistolarum.
937 4881 1093 4941 Nunc
1138 4884 1313 4940 solum
1359 4887 1770 4941 monstrandum
1817 4896 1902 4942 est
1955 4889 2097 4942 anti-

513 4974 760 5045 quiorem
801 4974 1114 5047 Catalogum
1138 4991 1206 5030 ne
1231 4975 1449 5046 quidem
1488 4976 1716 5032 Damaso
1749 4979 2093 5033 tribuendum

513 5078 657 5130 esse,
688 5066 817 5120 licet
836 5066 1078 5134 epistola:
1108 5066 1210 5121 illae
1235 5083 1507 5139 germanae
1527 5080 1731 5124 essent.
1763 5070 1916 5136 Quod
1950 5070 2094 5126 facili

514 5157 734 5229 negotio
780 5146 1194 5225 comprobatur,
1246 5158 1293 5212 si
1337 5160 1673 5229 perpendere
1718 5160 1947 5216 velimus
2005 5162 2092 5215 illa

514 5265 636 5321 qua:
661 5249 714 5304 in
744 5249 911 5320 priori
939 5248 1162 5317 epistola
1192 5250 1322 5318 petit
1349 5250 1728 5325 Hieronymus,
1753 5259 1810 5306 et
1833 5251 1888 5305 in
1917 5263 2096 5320 poste.

515 5344 647 5400 riori
676 5341 963 5413 reSpondet
990 5341 1253 5396 Damasus
1278 5358 1435 5413 papa.
1463 5345 1605 5400 Petit
1636 5346 1780 5401 enim
1815 5346 1875 5399 D.
1908 5344 2096 5401 Hiero-

513 5450 711 5507 nymus
737 5444 797 5488 nt
824 5432 1259 5487 transmittuntur
1284 5432 1452 5488 Actus
1479 5444 1755 5503 gestorum
1801 5449 1831 5489 a
1858 5435 1919 5490 Β.
1952 5435 2097 5491 Petti

519 5525 746 5597 apostoli
768 5522 1081 5596 principatu
1117 5537 1288 5592 usque
1312 5525 1379 5577 ad
1406 5538 1502 5578 sua
1541 5532 1801 5596 tempora,
1830 5534 2097 5597 quatenus

519 5625 776 5689 agnoscat
803 5616 925 5687 quis
952 5614 1215 5671 meruerit
1232 5614 1299 5670 de
1321 5614 1587 5686 episcopis
1607 5618 1932 5688 supradictae
1955 5619 2097 5674 sedis

519 5709 781 5777 martyrio
806 5707 1085 5774 coronari,
1139 5705 1223 5762 vel
1254 5706 1298 5762 si
1336 5706 1458 5777 quis
1487 5718 1674 5764 contra
1706 5724 1940 5767 canones
1965 5726 2093 5781 apo-

2184 3249 2364 3304 llissce
2390 3250 2588 3306 saeculo
2609 3251 2771 3307 tertio
2792 3250 3163 3322 compositus?
3201 3250 3327 3306 Haec
3344 3291 3358 3311 .
3391 3251 3443 3304 ni
3475 3248 3656 3313 fallor,
3682 3249 3771 3302 ni-

2124 3392 2129 3413 ι
2187 3340 2290 3395 mis
2318 3340 2463 3395 clara
2491 3350 2649 3408 sunt,
2689 3357 2853 3414 quam
2879 3350 2940 3399 ut
2966 3358 2997 3397 a
3029 3356 3300 3413 quoquam
3343 3342 3394 3397 in
3419 3341 3642 3397 dubium
3671 3357 3770 3396 vo-

2184 3434 2296 3488 cari
2327 3434 2556 3503 possint.
2809 3504 3038 3562 CAPUT
3076 3504 3144 3561 Ν

2190 3592 2267 3648 De
2309 3595 2537 3650 secundo
2589 3595 2873 3665 Catalogo,
2948 3598 3039 3668 qui
3082 3613 3202 3651 cum
3228 3596 3372 3651 Actis
3424 3594 3616 3650 Felicis
3656 3596 3775 3665 ejus

2681 3668 2906 3724 nominis
2932 3669 3108 3739 quarti
3129 3668 3267 3737 ﬁnit.

2189 3772 2228 3823 Ι.
2263 3774 2521 3840 Catalvgns
2562 3790 2623 3827 cx
2664 3790 2754 3828 ms.
2773 3778 2943 3827 codice
2982 3780 3173 3840 reginae
3203 3779 3393 3829 buccina
3421 3776 3603 3838 editus,
3630 3781 3683 3825 et
3702 3789 3770 3840 ex

2252 3838 2425 3901 eodem
2468 3848 2577 3901 post
2619 3844 2818 3900 primam
2860 3836 3125 3890 editioném
3167 3846 3433 3901 correctus,
3459 3847 3554 3899 est,
3582 3836 3775 3901 acACleo

2253 3899 2405 3950 menti
2446 3899 2583 3950 locus
2617 3899 2738 3950 Suus
2760 3903 3017 3952 restitutus
3059 3927 3119 3939 -—-
3146 3900 3208 3950 ll.
3239 3899 3475 3950 Dodwelli
3502 3902 3592 3948 hac
3625 3899 3690 3950 de
3718 3912 3772 3947 re

2251 3962 2583 4025 cairillationcs
2605 3965 2896 4020 refutantur,
2919 3973 2970 4013 et
2991 3963 3269 4025 thitalogum
3291 3961 3637 4025 aestaset-nlo
3657 3974 3774 4025 con-

2254 4024 2486 4084 scriptum
2513 4039 2648 4086 esse,
2674 4028 2904 4086 couyenit
2936 4029 3066 4075 inter
3089 4022 3276 4074 omnes.
3302 4049 3363 4059 —
3406 4022 3493 4072 ΙΙΙ.
3521 4022 3573 4072 lu
3595 4023 3774 4086 Codice

2254 4097 2342 4147 nis.
2371 4093 2479 4145 post
2520 4084 2733 4136 Felicem
2762 4085 2819 4135 IV
2846 4087 3103 4136 duodecim
3144 4086 3417 4147 pontilicum
3461 4086 3655 4147 nomina
3692 4084 3775 4147 ad-

2251 4144 2432 4209 duntur
2454 4160 2562 4196 cum
2588 4155 2698 4197 nota
2727 4154 3016 4209 temporum,
3036 4144 3230 4207 tpize'ab
3254 4146 3669 4209 imperitoraliquo
3690 4145 3776 4192 ad-

2252 4205 2382 4265 jecta
2406 4221 2539 4270 esse,
2565 4223 2625 4257 ex
2667 4205 2937 4262 erroribus.
2965 4205 3063 4270 qtti'
3082 4212 3128 4257 in
3153 4209 3275 4257 hanc
3295 4205 3622 4270 appendicem
3648 4209 3775 4270 irre-

2259 4278 2480 4328 pserunt.
2506 4269 2796 4320 Ostenditur.
2823 4298 2881 4308 —
2921 4269 3001 4320 IV}
3028 4272 3192 4320 Codex
3217 4272 3405 4330 regine
3439 4269 3631 4317 Snecia:
3656 4269 3779 4318 hanc

2258 4334 2581 4391 appendicem
2605 4334 2870 4391 exhibeas,
2897 4345 2989 4381 non
3013 4333 3233 4381 continet
3256 4330 3607 4391 autographnm
3634 4330 3777 4380 Cata-

2259 4389 2444 4459 logum,
2470 4395 2558 4459 se_d
2584 4404 2690 4459 post
2700 4389 2941 4459 saeculum
2959 4400 3154 4459 sextum
3175 4393 3387 4459 scriptus
3408 4389 3634 4459 esten-ca
3657 4403 3781 4459 pon-

2260 4452 2489 4516 tiﬁcatum
2515 4452 3011 4516 Paschalisprimi.-—
3036 4454 3091 4503 V.
3120 4453 3186 4502 Ex
3215 4453 3309 4500 alio
3328 4454 3584 4516 antiquiori
3610 4452 3777 4516 codice

2254 4515 2530 4577 descriptus
2553 4526 2632 4566 est
2652 4514 2926 4577 (‘Atalogug
2949 4518 3031 4577 qui
3057 4518 3206 4563 etiam
3237 4515 3514 4564 continetur
3539 4515 3586 4561 in
3610 4514 3777 4577 codice

2257 4574 2560 4640 Cottier'tino,
2600 4574 2826 4640 tempore
2849 4574 3003 4631 Caroli
3032 4577 3442 4640 Magniexarsto,
3466 4574 3776 4640 teste‘YqC.

2257 4637 2451 4687 Baluzio
2476 4642 2522 4688 in
2547 4634 2727 4690 litteris
2748 4640 2806 4687 ad
2828 4651 2906 4688 me
2930 4640 3069 4688 datis.
3096 4634 3156 4672 ἐ-
3182 4636 3267 4687 νι.
3303 4636 3587 4686 Alleruntur
3608 4634 3778 4684 lectio-

2258 4709 2351 4769 nes
2373 4712 2433 4769 est
2463 4713 2670 4769 utroque
2693 4703 2885 4765 codice,
2909 4713 3020 4763 quae
3039 4700 3275 4769 diii'erunt
3309 4700 3372 4746 ab
3396 4698 3613 4769 editione
3642 4696 3780 4769 Hen-

2260 4763 2539 4822 scheaiaua,
2564 4757 2694 4812 inter
2713 4776 2768 4810 se
2795 4757 2954 4812 tanien
2978 4763 3289 4812 conveniunt.
3314 4785 3378 4795 —
3401 4759 3506 4822 ναι.
3540 4757 3610 4807 Ex
3631 4757 3779 4810 dictis

2263 4822 2506 4885 colligitur
2530 4821 2796 4885 utrumque
2820 4837 2908 4874 ms.
2932 4825 3149 4873 codicem
3174 4833 3359 4885 exﬂup‘o
3390 4834 3451 4885 eo
3468 4821 3668 4885 lemque
3693 4833 3778 4869 anv

2265 4880 2480 4941 tiqui’ore
2501 4887 2667 4935 codice
2689 4880 2986 4947 descriptum
3008 4897 3207 4933 esse.—
3228 4880 3357 4947 Vill.
3383 4881 3778 4947 Cataloguskcon-

2263 4946 2416 5006 sules,
2444 4961 2567 5007 quos
2586 4949 2646 4996 ad
2671 4943 2865 4996 initium'
2883 4954 2937 4996 et
2960 4947 3103 4994 tinem
3130 4944 3487 5007 pontiﬁcatuum
3506 4956 3537 5007 ᾳ
3556 4943 3617 4992 Ι).
3632 4943 3780 4994 Petro

2264 5009 2321 5052 ad
2352 5004 2598 5070 Liberium
2623 5009 2837 5070 adduci,
2865 5023 2926 5057 ex
2952 5004 3224 5067 antiquiore
3244 5004 3777 5070 Cat_alogo_de_sttmltsit.

2264 5092 2325 5104 -—
2351 5068 2429 5118 IX.
2461 5069 2740 5120 Pontiﬁcum
2780 5066 2899 5119 Acta
2940 5066 3111 5129 partim
3143 5080 3202 5117 ex
3231 5066 3494 5129 antiquiori
3529 5066 3777 5128 Catalogo,

2266 5134 2438 5190 partim
2455 5132 2655 5182 aliunde
2671 5125 3126 5193 desumpsit'au‘ctor
3141 5125 3605 5193 sccundiﬁatalogi,
3627 5137 3680 5175 ut
3700 5125 3777 5193 ira-

2264 5187 2350 5241 riis
2371 5193 2613 5250 exemplis
2637 5187 2877 5255 probatur.
2905 5217 2966 5228 ——
2989 5188 3045 5239 Χ.
3077 5191 3210 5239 Ideni
3245 5187 3562 5255 conﬁrmatur;
3583 5187 3649 5237 ex
3674 5190 3781 5240 aliis

2266 5248 2537 5314 [pontiﬁcum
2583 5248 2754 5314 gestis,
2778 5267 2889 5314 quas
2929 5259 3290 5300 commemorat.
3313 5275 3375 5286 —
3399 5248 3479 5314 XI.
3521 5249 3781 5312 Martyrum

2265 5312 2407 5375 Acta,
2431 5311 2609 5377 quibus
2626 5311 2809 5377 auctor
2832 5315 3046 5374 Catalogi
3087 5316 3260 5370 utitur,
3282 5311 3464 5360 sarculo
3482 5319 3631 5377 sexto
3646 5311 3783 5363 anti-

2263 5375 2587 5441 quiora'sunt.
2614 5375 2958 5426 Ordin.tiones
2981 5387 3250 5441 earumque
3284 5386 3540 5441 numerum
3578 5375 3782 5441 desum-

2267 5435 2422 5501 psisse
2453 5440 2647 5501 videtur
2682 5451 2755 5501 ex
2788 5436 3147 5501 regestosedis
3168 5435 3473 5501 apostolicae,
3493 5438 3625 5501 quod
3648 5436 3782 5484 desi-

2264 5496 2412 5551 nebat
2452 5501 2500 5548 in
2541 5498 2810 5548 Hormisda.
2835 5496 2896 5534 -ῖ-
2920 5497 3025 5546 ΧΙΙ.
3052 5498 3313 5546 Auctorem
3339 5497 3492 5557 igitur
3518 5496 3780 5545 Itonianmn

2263 5564 2436 5621 fuisse,
2462 5570 2514 5609 et
2555 5562 2713 5609 forsan
2752 5560 3034 5620 praefectum
3060 5560 3260 5621 archirt,
3287 5557 3541 5621 plerisque
3565 5558 3778 5621 tlaialogi

2265 5625 2427 5675 terbis
2446 5623 2801 5680 comprobatur.

2274 5711 2322 5765 1.
2356 5706 2671 5776 Catalogum
2700 5703 2767 5759 de
2794 5720 2899 5776 quo
2928 5704 2979 5758 in
3010 5702 3257 5776 prmscnti
3298 5702 3529 5772 agimus,
3573 5716 3639 5755 ex
3692 5714 3773 5754 co-
