3996 5412
211 167 304 228 ιιι
824 168 1253 229 SCHELESTR.
1299 169 1614 228 DISSERT.
1654 169 1741 227 DE
1779 166 2007 238 ANTIO.
2053 163 2217 224 llOM.
2260 165 2462 224 PONT.
2505 163 2845 223 CATAL’OG.

3386 160 3487 215 182

205 282 329 335 dice
362 281 703 338 bibliotheca:
740 282 1029 341 Cltristinm
1070 286 1367 343 Succorum
1406 290 1602 360 regina:
1635 287 1790 359 primi
1826 291 1869 345 Δ
1967 282 2019 336 ’5.
2054 282 2237 352 Neque
2272 284 2592 338 bisobstare
2615 283 2773 335 debet
2794 277 2937 349 quod
2960 278 3012 332 in
3057 276 3245 332 codice
3288 277 3487 345 regina:

207 373 414 427 nostris
439 375 773 444 temporibus
808 376 1148 445 publicarunt
1178 380 1500 436 Godefridns
1526 380 1797 436 llensehe—

209 464 333 517 nius
374 474 429 519 et
483 465 668 520 Daniel
730 467 1132 538 Papebrochius
1181 472 1234 525 in
1283 473 1682 544 prolegomenis
1731 472 1796 525 ad

208 567 419 614 tomum
451 559 470 613 l
503 562 730 630 Aprilis,
764 578 827 616 ex
858 564 1052 631 quibus
1075 573 1129 618 et
1155 580 1254 636 ego
1279 567 1329 620 in
1355 567 1527 636 prima
1552 566 1799 633 Antiqui-

207 649 338 703 tatis
389 650 669 706 illustratre
733 656 968 710 e.!itione
1016 673 1159 711 anno
1208 658 1366 718 1678,
1389 668 1602 739 partem
1656 658 1798 712 illius

203 756 382 810 usque
405 742 474 795 ad
495 741 829 814 Sylvestrum
850 748 1041 801 eadem
1065 747 1168 802 ﬁde
1194 735 1454 816 descripsi
1463 789 1477 811 ,
1502 765 1604 818 qua
1625 749 1797 817 ipsum

203 832 502 888 clarissimi
547 835 648 888 viri
681 836 734 890 in
768 837 942 891 lucem
989 838 1304 894 emiserant.
1340 838 1440 893 Ubi
1474 849 1655 893 autem
1688 838 1796 893 Ro-

206 938 357 977 mam
380 924 773 992 pervenissem,
796 938 852 981 et
874 928 1158 985 nonnullos
1179 944 1395 984 errores
1426 929 1477 983 in
1508 930 1798 985 editionem

207 1016 502 1085 irrepsisse
528 1018 836 1087 suspicatus
871 1034 1068 1083 essem,
1096 1036 1124 1073 a
1169 1021 1565 1091 sapientissima
1614 1020 1799 1088 regina

206 1103 530 1161 facultatem
557 1107 775 1163 videndi
808 1109 1049 1166 codicem
1074 1119 1127 1165 et
1161 1126 1282 1165 cum
1310 1114 1457 1167 edito
1486 1112 1801 1167 confercndi

203 1200 363 1267 petii,
390 1201 535 1269 quod
564 1216 662 1271 pro
686 1218 785 1257 suo
811 1218 938 1275 erga
973 1218 1057 1258 me
1088 1204 1460 1261 benevolentia
1489 1205 1644 1260 facile
1667 1222 1799 1260 cou-

204 1293 392 1348 cessit.
446 1293 701 1349 Codicem
755 1296 936 1367 itaque
988 1313 1089 1352 ms.
1146 1314 1313 1367 penes
1363 1314 1446 1352 me
1494 1298 1656 1354 habui
1705 1312 1803 1368 per

206 1398 428 1439 menses
472 1385 759 1455 plurimos,
804 1397 858 1443 et
900 1388 1187 1460 diligenter
1233 1376 1548 1462 CalalOgum
1599 1391 1665 1446 de
1695 1406 1802 1462 quo

204 1473 423 1545 agimus
475 1492 598 1531 cum
653 1478 802 1533 edito
851 1480 1088 1541 contuli,
1138 1491 1194 1537 et
1246 1492 1506 1554 quantum
1553 1484 1696 1538 inter
1745 1498 1803 1539 se

204 1566 586 1635 discreparent
610 1568 991 1625 animadverti.
1018 1571 1131 1626 Non
1165 1574 1337 1628 solum
1365 1574 1512 1628 enim
1543 1573 1801 1644 pleraque

204 1658 376 1713 verba
428 1659 481 1713 in
528 1659 679 1714 edito
721 1662 920 1717 omissa
969 1672 1118 1729 sunt,
1160 1680 1279 1733 quze
1330 1665 1381 1719 in
1432 1640 1800 1734 manuscripto
1834 1640 1876 1701 Β

204 1747 579 1816 reperiuntur,
611 1748 706 1804 sed
739 1750 975 1805 nonnulli
1005 1767 1220 1821 quoque
1265 1752 1550 1823 pontiﬁces
1593 1769 1801 1824 prazpo-

204 1846 355 1892 stero
382 1840 577 1893 ordine
605 1839 659 1894 in
691 1842 836 1895 edito
866 1843 1213 1908 exhibentur,
1245 1859 1365 1913 qua:
1394 1854 1539 1899 recte
1580 1844 1633 1898 in
1682 1860 1799 1899 ma—

204 1933 493 2002 nuscripto
525 1933 799 2003 leguntur.
831 1934 1018 1989 Fidem
1057 1936 1183 1991 huic
1213 1937 1288 1991 rei
1322 1936 1450 1992 facit
1483 1938 1616 1992 ordo
1641 1938 1804 2009 quin-

202 2037 312 2092 que
344 2024 650 2093 primorum
682 2026 1017 2093 pontiﬁcum,
1044 2043 1151 2096 quo
1182 2028 1231 2081 in
1262 2029 1364 2083 hoc
1394 2029 1649 2100 Catalogo
1670 2030 1800 2085 editi

204 2123 334 2169 sunt
360 2115 426 2167 ad
453 2122 663 2169 tomum
694 2115 925 2185 primum
949 2116 1167 2186 Aprilis.
1198 2118 1271 2173 lbi
1304 2119 1448 2173 enim
1480 2120 1655 2189 primo
1683 2120 1803 2176 loco

207 2205 425 2271 Petrus,
455 2207 697 2262 secundo
725 2207 912 2272 Linus,
950 2209 1111 2263 tertio
1143 2210 1412 2274 Clemens,
1449 2219 1645 2281 quarto
1684 2210 1803 2266 Cle-

207 2308 317 2362 tus,
347 2308 404 2351 et
429 2299 625 2367 quinto
663 2299 958 2354 Anacletus
989 2311 1324 2364 recensetur,
1353 2316 1476 2355 cum
1525 2311 1703 2357 tamen
1749 2302 1803 2357 in

206 2391 589 2461 manuscripto
630 2391 815 2445 codice
861 2393 1061 2461 regina:
1092 2391 1323 2456 Sueciae,
1376 2394 1467 2463 qui
1516 2404 1639 2463 post
1686 2394 1803 2464 ejus

206 2491 441 2537 mortem
472 2498 599 2537 cum
644 2486 860 2539 caeteris
892 2485 1231 2541 bibliothecae
1255 2502 1365 2540 suae
1420 2488 1805 2558 manuscriptis

208 2574 259 2627 in
292 2572 621 2629 Vaticanam
654 2576 922 2645 migravit,
948 2592 1202 2646 expresse
1224 2579 1486 2632 habeatur
1509 2579 1643 2633 ordo
1674 2595 1806 2649 pon-

208 2665 439 2729 tiﬁcum,
474 2676 535 2719 ut
565 2666 813 2735 sequitur
842 2686 855 2721 :
888 2668 935 2721 1.
967 2668 1184 2734 Petrus,
1208 2668 1263 2723 2.
1300 2668 1488 2734 Linus,
1516 2670 1569 2723 5.
1600 2669 1804 2737 Cletus,

204 2755 260 2809 4.
302 2755 582 2821 Clemens,
630 2758 685 2811 5.
733 2758 1048 2813 Anacletus.
1091 2759 1208 2826 Quo
1252 2761 1416 2815 etiam
1462 2761 1653 2816 ordine
1699 2760 1806 2816 Ro-

205 2862 368 2901 mana
409 2846 658 2902 Ecclesia
697 2848 979 2917 pontifices
1028 2849 1146 2905 illos
1201 2860 1448 2906 recenset
1502 2853 1551 2906 in
1587 2852 1809 2907 Canone

207 2938 411 3005 Missa},
469 2940 597 2994 dum
647 2940 889 2995 meminit
951 2940 1089 3005 Lini,
1143 2941 1306 3007 Cleti,
1351 2941 1651 2997 Clementis.
1702 2942 1804 2999 Ubi

203 3032 391 3087 Cletus
438 3032 650 3087 medius
679 3033 899 3102 ponitur
935 3034 1075 3089 inter
1104 3035 1299 3090 Linum
1348 3044 1403 3091 et
1448 3035 1804 3105 Clementem,

204 3139 315 3181 non
347 3141 487 3182 vero
512 3136 635 3196 post
657 3126 989 3182 Clementem
1015 3129 1335 3185 collocatur.

274 3219 331 3272 2.
365 3220 551 3289 Atque
601 3236 669 3275 ex
715 3221 819 3274 hac
867 3220 1105 3292 Calalogi
1150 3221 1528 3285 emendatione
1582 3224 1807 3281 refutari

202 3320 387 3379 potest
420 3310 692 3365 llenrieus
718 3311 1046 3376 Dodwellns,
1080 3314 1171 3382 qui
1210 3314 1261 3368 in
1291 3314 1669 3371 dissertatione
1699 3318 1809 3370 sin—

196 3402 380 3472 gul-ari
429 3402 499 3455 de
557 3401 715 3456 llom.
768 3404 1082 3472 pontiﬁcum
1132 3406 1388 3474 primawa
1442 3409 1807 3473 successione,

198 3510 250 3548 c.
285 3494 344 3559 9,
378 3493 406 3547 ε
436 3496 489 3559 1,
528 3496 881 3564 conqueritur
910 3496 978 3550 ab
1019 3507 1241 3553 auctore
1269 3499 1512 3569 Catalogi
1563 3504 1808 3558 ordinem

201 3587 565 3643 immutatum
611 3603 733 3643 esse
777 3590 1235 3660 pra'pOsitnmque
1281 3594 1517 3662 genuino
1544 3593 1808 3649 Clementi

198 3676 422 3734 Cletum
467 3679 873 3748 supposititium
922 3682 1090 3736 abiis
1136 3684 1226 3752 qui
1266 3693 1545 3740 auctorem
1587 3688 1808 3741 secumli

201 3769 463 3829 Cataloai
494 3771 769 3826 subsecuti
808 3782 934 3827 sunt
968 3792 979 3826 :
1015 3774 1065 3828 id
1096 3775 1241 3829 enim
1283 3775 1480 3830 falsum
1527 3792 1648 3834 esse
1692 3779 1809 3849 jam

198 3862 554 3918 ostendimus
599 3880 668 3918 ex
726 3865 842 3934 ipso
879 3866 1067 3921 codice
1124 3870 1519 3938 manuscripto,
1562 3885 1724 3941 quem
1754 3871 1808 3925 in

199 3956 545 4012 bibliotheca
568 3956 929 4014 Alexandrina
958 3961 1238 4028 habemus,
1266 3970 1320 4017 et
1348 3964 1637 4033 unicuique
1658 3979 1810 4019 mon-

197 4060 388 4102 Strare
408 4063 724 4117 possumus.
752 4050 957 4105 Auctor
978 4053 1121 4106 enim
1150 4052 1310 4121 hujus
1330 4052 1571 4126 Catalogi
1597 4055 1809 4111 Cletum

195 4139 485 4194 Clementi
508 4141 813 4210 pra-posuit,
834 4144 947 4212 jam
970 4144 1138 4210 indea
1159 4144 1354 4201 Felicis
1372 4144 1437 4200 ιν
1456 4148 1806 4218 temporibus,

200 4231 306 4284 sub
350 4229 559 4299 quibus
598 4230 770 4299 ipsum
809 4234 1095 4303 sei-ipsisse
1140 4236 1443 4293 Dodwellus
1484 4238 1684 4295 fatetur
1725 4241 1808 4296 his

200 4321 397 4374 verbis
434 4333 450 4371 :
491 4339 507 4370 ι
543 4320 699 4373 Anno
723 4325 865 4376 enim
888 4322 994 4377 550
1019 4327 1313 4380 secundum
1349 4328 1665 4400 Catalogum
1693 4329 1806 4385 col-

200 4410 344 4482 legit
367 4420 571 4465 auctor
603 4412 841 4468 incertus
868 4415 967 4469 sub
992 4414 1297 4472 Justiniano
1320 4419 1387 4473 ad
1418 4420 1581 4474 ﬁnem
1612 4420 1808 4476 Felicis

198 4506 423 4576 quarti.
466 4525 483 4557 ι
519 4505 768 4562 Concinit
798 4508 1126 4565 Pearsonius
1146 4511 1422 4568 dissertat.
1459 4515 1567 4569 Ide
1593 4528 1810 4570 succes-

200 4604 370 4658 sione
399 4604 697 4673 primorum
728 4605 915 4665 Romae
936 4610 1270 4677 pontiﬁcum,
1303 4623 1423 4678 cap.
1457 4608 1547 4671 12.
1574 4624 1721 4662 num.
1752 4608 1806 4662 6.

203 4697 312 4753 Ubi
336 4696 660 4768 Catalogum
683 4699 832 4754 illum
853 4713 995 4756 sexto
1015 4703 1209 4757 mculo
1237 4711 1516 4756 exaratum
1539 4717 1649 4755 esse
1671 4701 1810 4770 aﬁir-

200 4800 342 4844 ntat.
379 4789 448 4843 Et
480 4799 605 4844 ante
653 4789 1008 4847 Pearsouium
1054 4794 1157 4848 viri
1194 4793 1479 4848 clarissimi
1530 4791 1806 4861 Papebro-

201 4883 395 4945 chius,
444 4890 499 4935 et
544 4880 943 4948 llenschenius,
974 4887 1067 4954 qui
1110 4895 1238 4939 ante
1283 4885 1607 4955 prooemium
1650 4882 1810 4951 hujus

201 4972 461 5040 Catalogi
495 4980 706 5034 notant,
747 4982 973 5041 tempore
1004 4975 1301 5031 Iustiniani
1329 4976 1660 5037 imperatoris
1681 4991 1808 5028 cou-

202 5068 471 5137 scriptum
494 5081 625 5119 esse.
675 5064 793 5130 Qua
839 5067 1049 5132 quidem
1085 5070 1140 5124 in
1174 5084 1232 5123 re
1262 5069 1393 5123 viris
1421 5067 1648 5124 eruditis
1672 5081 1808 5120 con-

204 5161 413 5222 sentio,
458 5173 586 5213 cum
609 5172 676 5211 ex
702 5155 957 5228 Catalogo
983 5160 1098 5232 ipso
1122 5161 1444 5225 deducatur,
1473 5160 1573 5214 sub
1596 5157 1811 5212 Justino

204 5265 260 5312 et
297 5253 908 5319 Justiniano,°quorum
940 5253 1272 5325 temporibus
1315 5252 1463 5305 illum
1506 5242 1813 5319 promiscue

204 5350 260 5403 in
288 5347 402 5402 hoc
427 5358 595 5412 opere
627 5341 966 5409 ascribimus,
999 5348 1165 5402 fuisse
1188 5345 1565 5400 concinnatum
1604 5362 1616 5397 :
1650 5342 1812 5395 ﬁnem

1838 4367 1887 4426 D

1905 376 2112 435 Suecia:
2136 386 2258 447 post
2291 377 2522 432 Felicem
2554 374 2619 428 IV
2648 375 2916 427 addantur
2952 371 3181 425 aliorum
3206 369 3486 421 duodecim

1899 470 2210 541 pontiﬁcum
2229 469 2444 523 nomina
2468 468 2581 521 sine
2608 466 2727 519 ullis
2743 464 2890 520 Actis
2908 463 3067 517 modo
3087 478 3195 532 quo
3215 458 3490 531 sequitur:

1970 562 2056 616 57.
2104 560 2412 616 Bonifacius
2440 559 2578 615 sedit
2604 574 2729 612 ann.
2757 558 2815 620 2,
2848 556 2961 611 dies
2981 554 3071 608 25.

1971 652 2061 707 58.
2101 650 2341 707 Joannes
2369 652 2508 706 sedit
2536 667 2662 704 ann.
2694 649 2748 713 2,
2782 663 2994 702 menses
3022 646 3073 709 3,
3105 645 3220 699 dies
3246 644 3337 699 25.

1972 742 2061 799 59.
2105 743 2256 798 Felix
2288 744 2427 799 sedit
2459 758 2587 796 ann.
2619 740 2673 803 4,
2702 753 2918 795 menses
2944 739 3000 800 2,
3028 738 3144 793 dies
3172 736 3258 791 12.

1972 834 2063 887 60.
2107 834 2418 889 Bonifacius
2440 834 2583 888 sedit
2608 848 2736 886 ann.
2761 830 2817 896 2,
2842 830 2957 884 dies
2981 829 3069 884 27.

1975 927 2062 981 6|.
2101 926 2339 983 Joannes
2367 927 2511 983 sedit
2531 942 2619 981 an.
2653 927 2707 990 2,
2734 940 2953 980 menses
2988 925 3042 985 '5,
3072 924 3187 980 dies
3210 922 3261 979 5.

1976 1018 2064 1073 62.
2107 1018 2367 1089 Agapitus
2390 1018 2529 1072 sedit
2560 1032 2775 1079 nienses
2802 1016 2887 1081 il,
2921 1016 3036 1069 dies
3066 1016 3149 1069 l7.

1976 1114 2064 1168 65.
2108 1111 2369 1167 Silverius
2397 1112 2537 1166 sedit
2560 1127 2689 1165 ann.
2720 1111 2770 1175 1,
2814 1125 3027 1164 menses
3049 1106 3102 1173 5,
3133 1109 3247 1163 dies
3277 1109 3361 1162 ll.

1977 1202 2065 1257 6i.
2112 1201 2336 1271 Vigilius
2361 1201 2497 1255 sedit
2531 1217 2661 1255 ann.
2702 1200 2789 1264 l6,
2825 1214 3036 1253 menses
3070 1198 3126 1263 6,
3157 1199 3271 1253 dies
3293 1198 3382 1252 25.
3444 1222 3447 1225 λ

1976 1294 2064 1348 65.
2106 1293 2356 1363 Pelagius
2388 1293 2526 1347 sedit
2557 1309 2684 1346 ann.
2710 1291 2767 1354 4,
2800 1305 3012 1345 menses
3044 1290 3131 1356 10,
3159 1290 3275 1345 dies
3296 1290 3387 1344 28.

1978 1386 2065 1441 66.
2105 1385 2342 1440 Joannes
2368 1384 2509 1440 sedit
2540 1400 2665 1437 ann.
2702 1382 2789 1445 l2,
2822 1396 2994 1437 mens.
3025 1382 3113 1447 tl,
3145 1382 3261 1437 dies
3289 1379 3383 1436 26.

1979 1479 2068 1535 67.
2109 1477 2431 1532 Benedictus
2452 1475 2593 1531 sedit
2616 1490 2741 1529 ann.
2772 1474 2825 1529 4.

1978 1572 2067 1629 68.
2110 1570 2364 1638 Pelagius
2399 1569 2542 1625 sedit
2578 1584 2706 1622 ann.
2740 1566 2829 1633 10,
2854 1581 3022 1622 mens.
3055 1567 3110 1631 2,
3141 1566 3260 1622 dies
3294 1565 3384 1623 10.
3446 1572 3449 1573 ⁷

1976 1666 2018 1721 Α
2036 1662 2101 1717 Β.
2130 1662 2287 1716 Petro
2313 1678 2473 1731 usque
2498 1677 2634 1714 nunc
2652 1659 2786 1727 fiunt
2813 1658 2938 1713 anni
2964 1656 3067 1712 444
3090 1667 3135 1711 et
3162 1674 3361 1713 menses
3380 1674 3496 1727 πᾶν,

1902 1765 2112 1826 excepto
2135 1753 2406 1808 intervallo
2428 1752 2785 1822 pontiﬁcatus.

1911 1903 1916 1907 ,
1976 1847 2110 1901 Nam
2125 1847 2192 1901 ab
2213 1844 2460 1915 imperita
2479 1843 2636 1914 plane
2653 1858 2813 1896 manu
2831 1840 3080 1909 adjuncta
3098 1851 3222 1898 sunt
3236 1850 3357 1912 post
3371 1850 3501 1897 tem-

1902 1936 2335 2009 poraJustiniani
2355 1934 2721 2004 imperatoris,
2735 1950 2859 1989 cum
2878 1950 2977 1989 nec
2990 1935 3114 1989 anni
3136 1933 3499 2005 respondeant

1903 2026 2179 2096 Catalogo,
2197 2040 2369 2096 neque
2385 2024 2698 2094 pontiﬁcum
2714 2026 2846 2079 ordo
2861 2025 2912 2079 in
2928 2025 3029 2079 hac
3046 2024 3287 2096 Catalogi
3306 2039 3503 2095 appen-

1904 2119 2022 2175 dice
2044 2120 2380 2173 observetur.
2402 2116 2468 2172 Ut
2489 2118 2633 2172 enim
2665 2117 2732 2172 ab
2756 2117 2942 2171 ultimo
2970 2118 3362 2188 incipiam:hic
3391 2128 3502 2173 tres

1903 2209 2188 2280 pontiﬁces
2204 2209 2377 2274 Felix,
2395 2207 2702 2264 Bonifacius
2715 2218 2766 2263 et
2782 2208 3017 2264 Joannes
3033 2211 3085 2263 in
3103 2225 3192 2265 sex
3211 2210 3496 2279 pontiﬁces

1907 2300 2238 2363 dividuntur,
2264 2300 2507 2369 repetitis
2530 2300 2769 2368 ipsorum
2804 2300 3130 2365 nominibus,
3150 2310 3215 2354 ut
3231 2300 3311 2355 vel
3345 2314 3412 2355 ex
3424 2314 3499 2356 eo

1906 2399 2054 2461 patet
2089 2391 2231 2460 quod
2267 2390 2408 2443 inter
2437 2389 2671 2445 Felicem
2698 2390 2781 2452 lV,
2822 2389 2876 2443 in
2905 2405 3025 2459 quo
3051 2391 3249 2445 desinit
3277 2392 3493 2446 Catale-

1907 2498 2025 2553 gns,
2059 2492 2114 2538 et
2143 2482 2453 2548 Silverium,
2487 2498 2646 2552 quem
2677 2483 2965 2552 septimum
3012 2498 3042 2536 a
3090 2482 3268 2538 Felice
3303 2494 3502 2554 quarto

1911 2583 2155 2628 recenset
2207 2574 2495 2645 appendix,
2522 2581 2730 2628 tantum
2779 2583 2887 2628 tres
2941 2575 3226 2645 pontiﬁces
3271 2575 3494 2631 Bonifa-

1909 2664 2028 2719 cius
2056 2665 2121 2730 ll,
2157 2665 2393 2721 Joannes
2433 2666 2703 2721 secundus
2728 2674 2784 2719 et
2819 2664 3079 2736 Agapitus
3109 2667 3161 2721 in
3199 2683 3327 2721 vera
3364 2684 3496 2737 pon-

1911 2756 2113 2811 tiﬁcum
2170 2758 2311 2813 serie
2380 2758 2737 2826 reperiantur.
2795 2757 3117 2813 Redundant
3168 2760 3334 2829 igitur
3391 2772 3501 2817 tres

1912 2849 2261 2920 pantiﬁcatus
2292 2850 2345 2903 in
2370 2849 2689 2919 appendice,
2716 2863 2903 2905 errore
2932 2850 3089 2920 plane
3119 2852 3494 2917 inexcusabili,

1915 2941 2001 2995 cui
2028 2941 2238 2995 accedit
2262 2955 2490 2995 erronea
2518 2948 2818 3009 temporum
2842 2949 2989 3004 nota,
3026 2941 3091 2996 de
3119 2957 3221 3010 qua
3259 2944 3497 2997 secundo

1913 3030 2033 3085 loco
2067 3031 2355 3086 dicendum
2391 3032 2746 3101 suscepimus.
2779 3030 2915 3086 Nota
2940 3032 3082 3086 enim
3111 3033 3198 3087 illa
3227 3034 3499 3106 signiﬁcat

1912 3139 1943 3178 a
1972 3124 2030 3178 B.
2063 3123 2223 3179 Petro
2252 3140 2421 3194 usque
2458 3126 2523 3179 ad
2556 3125 2927 3194 pontiﬁcatum
2972 3125 3175 3196 Pelagii
3204 3126 3265 3193 ll,
3292 3129 3498 3198 absque

1914 3226 2157 3287 tempore
2206 3218 2350 3273 sedis
2398 3219 2666 3284 vacantis,
2699 3218 2972 3272 numerari
3000 3217 3106 3272 444
3134 3234 3325 3284 annos,
3357 3222 3501 3290 quod

1911 3308 2024 3363 sive
2054 3324 2082 3362 a
2110 3308 2376 3379 principio
2416 3308 2764 3379 pontificatus
2790 3308 2951 3372 Petri,
2988 3310 3103 3364 sive
3146 3327 3176 3365 a
3222 3312 3329 3367 line
3360 3312 3535 3369 illius»

1911 3415 2117 3465 sumas,
2147 3415 2177 3454 a
2204 3415 2333 3455 vera
2349 3400 2700 3472 chronologia
2729 3400 2926 3455 mirum
2945 3401 2998 3455 in
3022 3402 3237 3456 modum
3261 3403 3509 3464 aberrat.

1917 3492 2163 3562 Pelagius
2205 3494 2349 3548 enim
2398 3494 2667 3549 secundus
2720 3493 3096 3563 pontiﬁcatum
3124 3518 3129 3521 ι
3158 3495 3339 3566 gessit
3372 3504 3501 3550 ante

1911 3584 2233 3656 Gregorium
2264 3585 2514 3656 Magnum
2553 3585 2621 3639 ad
2674 3584 2833 3640 ﬁnem
2865 3586 3003 3641 sexti
3028 3586 3256 3652 saeculi,
3280 3586 3414 3642 adeo
3440 3596 3504 3641 ut

1910 3676 2034 3745 plus
2059 3690 2224 3744 quam
2251 3677 2532 3748 sexaginta
2566 3677 2692 3731 anui
2723 3677 2774 3730 in
2805 3687 3065 3746 computo
3101 3678 3500 3733 desiderentur.

1912 3766 2030 3824 Non
2054 3767 2229 3823 solum
2259 3768 2405 3823 enim
2436 3783 2467 3821 a
2500 3766 2659 3822 Petro
2699 3782 2867 3837 usque
2895 3769 2961 3823 ad
3008 3776 3217 3838 tempus
3257 3782 3364 3837 quo
3407 3783 3502 3836 ap-

1910 3860 2109 3930 pendix
2144 3858 2235 3912 illa
2261 3859 2567 3929 conscripta
2597 3868 2685 3912 est
2729 3860 2855 3913 anui
2905 3858 3031 3923 444,
3078 3860 3175 3914 sed
3224 3858 3506 3913 etiamsia

1911 3948 2060 4004 Petri
2086 3963 2335 4012 excessu,
2364 3963 2455 4017 qui
2476 3963 2649 4003 anno
2679 3965 2803 4003 mra:
2855 3950 3091 4020 vulgaris
3130 3950 3199 4005 68
3248 3950 3497 4018 contigit,

1911 4039 2195 4111 pontiﬁces
2226 4048 2623 4111 computemus,
2656 4040 2781 4094 anni
2812 4040 2919 4094 522
2942 4053 3113 4110 usque
3144 4041 3210 4093 ad
3251 4038 3502 4109 Gregorii

1913 4132 2310 4202 pontiﬁcatum,
2365 4130 2457 4201 qui
2505 4145 2649 4187 anno
2691 4129 2795 4185 590
2826 4130 3012 4199 coepit,
3056 4129 3431 4193 intercedunt;
3467 4146 3499 4182 a

1911 4227 2109 4297 quibus
2143 4226 2385 4282 detracto
2441 4233 2742 4295 temporum
2789 4223 3074 4279 intervallo
3125 4222 3239 4279 sedi
3287 4223 3508 4279 vacanti

1916 4302 2461 4389 tribuendopsemper
2494 4316 2737 4371 manebit
2767 4316 2909 4371 ultra
2956 4315 3279 4386 quingentos
3327 4328 3502 4373 anms

1915 4388 2056 4469 inter
2087 4391 2233 4463 Petri
2256 4417 2312 4464 et
2340 4388 2544 4479 Pelagii
2595 4407 2816 4462 secundi
2858 4414 3098 4476 tempora
3144 4404 3510 4461 intercedere».

1984 4500 2039 4553 4.
2070 4499 2254 4569 Neque
2295 4516 2493 4555 mn'nm
2535 4499 2785 4568 cuiquam
2838 4498 3007 4552 videri
3059 4495 3403 4567 debetquod
3447 4495 3503 4549 in

1916 4592 2211 4662 appendice
2237 4591 2398 4661 hujus
2420 4589 2661 4659 Catalogi
2693 4600 2801 4644 tam
2839 4587 2969 4644 ﬁndi
2989 4602 3203 4642 errores
3222 4586 3507 4655 reperiam

1918 4691 2023 4735 tur.
2056 4682 2236 4741 Codex
2265 4682 2409 4738 enim
2446 4681 2645 4751 regina:
2689 4679 2918 4744 Sueciac,
2955 4694 3022 4734 ex
3051 4693 3159 4749 quo
3185 4677 3507 4747 Catalogum

1918 4775 2060 4845 typis
2088 4774 2318 4839 edimus,
2350 4789 2457 4829 non
2495 4772 2737 4828 continet
2778 4769 2949 4839 ipsius
2981 4769 3222 4839 Catalogi
3253 4780 3505 4841 autogra-

1913 4870 2099 4939 pbum,
2132 4869 2226 4925 sed
2255 4875 2653 4935 transumptum
2681 4871 2805 4916 ante
2836 4861 2992 4930 plura
3035 4862 3230 4918 szecula
3259 4863 3505 4921 conscri-

1914 4971 2086 5031 ptum.
2116 4961 2298 5016 Codex
2323 4957 2471 5011 enim
2514 4957 2563 5011 in
2590 4968 2697 5022 quo
2742 4953 3052 5013 continetur
3081 4952 3506 5023 hicCatalogns,

1916 5055 2159 5110 continet
2183 5066 2302 5122 pag.
2338 5049 2387 5110 l,
2416 5048 2580 5101 breve
2619 5043 2929 5101 Clu'onieon
2978 5051 3047 5105 ab
3077 5062 3220 5103 anno
3248 5046 3373 5113 815,
3404 5060 3515 5115 quo

1916 5145 2140 5201 Carolus
2193 5143 2420 5211 Magnus
2472 5145 2716 5192 mortuus
2769 5146 2875 5201 est,
2928 5153 2985 5197 et
3039 5139 3343 5197 Ludovicus
3396 5137 3515 5204 ejus

1923 5238 2067 5292 ﬁlius
2093 5233 2381 5305 imperium
2419 5230 2733 5299 assumpsit,
2760 5244 2938 5299 usque
2967 5236 3035 5290 ad
3060 5246 3269 5288 annum
3293 5229 3515 5284 ιηίιιεεί-

1923 5330 2092 5391 inum,
2123 5339 2231 5395 quo
2268 5331 2665 5387 consequenter
2693 5321 2837 5375 hunc
2866 5328 3114 5382 codicem
3148 5322 3516 5389 conscriptum
