4010 6302
442 240 566 300 ’163

1113 241 1235 303 so
1273 247 1718 332 saasrsswst
1757 254 2267 313 PROLBGOMENA
2306 246 2482 315 EDIT.
2525 257 2955 316 ROH.-VATIC.

3617 223 3748 312 ‘tss

460 355 730 424 «injicere
755 356 878 412 licet
902 359 1059 428 hujus
1082 361 1332 418 Cbronici
1367 376 1640 421 auctorem
1684 369 1882 426 vixisse
1913 379 2038 424 ante
2068 378 2112 435 Α
2140 381 2266 441 plus
2292 382 2375 427 est
2398 372 2497 428 sub
2529 374 2756 443 imperio
2778 371 2958 428 Κειτοιί
2989 369 3059 425 Μ.
3094 367 3384 442 Catalogus
3411 369 3746 441 pontiﬁcum

461 463 661 503 autumi
683 450 808 504 918.
835 447 1023 504 Solent
1044 451 1185 505 enim
1219 453 1380 524 aliqui
1404 457 1796 529 c‘bronograpbi
1825 460 1877 513 in
1908 475 2038 514 mss.

444 540 737 594 codicibus
760 555 929 594 annos
955 542 1269 597 continuata
1304 546 1448 600 serie
1481 561 1702 616 ponere.
1730 548 1895 602 etiam
1924 549 2043 603 illos

460 629 552 697 qui
593 630 830 697 ipsorum
857 639 1068 685 aetatem
1115 634 1530 704 subsequentur,
1571 646 1625 692 ct
1663 638 1706 692 si
1746 638 1876 708 quid
1930 639 2040 692 vita

459 721 1234 779 illorumdurante'mcmoratu
1258 727 1475 797 dignum
1499 730 1806 799 contigerit,
1825 732 2040 801 propria

460 827 619 866 manu
646 813 923 878 adnotare,
953 816 1034 869 Vcl
1070 819 1112 870 si
1145 826 1260 886 post
1300 819 1463 872 vitam
1511 821 1749 890 ipsorum
1781 823 2037 885 evenerit,

458 905 690 973 posteris
714 906 1078 962 adnotandum
1107 910 1429 979 relinquere.
1474 913 1551 966 Ex
1594 913 1679 968 his
1727 915 1943 983 quidem
1976 915 2042 969 dc

455 1004 616 1049 aetate
645 998 996 1068 ntauuscripti
1027 1001 1230 1055 codicis
1252 1002 1497 1072 judicare
1524 1005 1733 1069 liceret,
1759 1007 1804 1060 si
1832 1017 2040 1062 certum

457 1095 625 1152 esset,
673 1088 980 1144 Cln'oiiicon
1028 1091 1310 1160 praelatum
1365 1095 1434 1150 ab
1485 1099 1676 1152 eodem
1726 1100 2041 1152 amauuensi

457 1180 822 1250 conscriptum
851 1182 1037 1246 fuisse,
1082 1201 1190 1253 quo
1233 1187 1439 1257 reliqua
1487 1189 1538 1242 in
1583 1205 1749 1259 opere
1787 1202 2038 1246 contenta

458 1271 658 1341 scripta
688 1283 832 1338 sunt,
867 1291 970 1344 qua
1015 1277 1080 1332 de
1135 1294 1193 1333 re
1247 1296 1355 1334 non
1417 1283 1534 1337 sine
1582 1285 1791 1337 ratione
1818 1286 2040 1339 dubium

463 1367 664 1421 moveri
702 1377 893 1435 potest.
928 1371 1201 1436 Quantum
1233 1373 1377 1426 enim
1428 1391 1491 1428 ex
1541 1376 1861 1431 charactere
1899 1379 2041 1448 judi-

461 1471 588 1510 care
615 1472 853 1526 possum,
888 1461 988 1514 hoc
1011 1460 1317 1517 Chronicon
1351 1465 1506 1518 initio
1550 1466 1752 1521 codicis
1805 1467 2040 1537 positmn

458 1561 579 1599 cum
609 1548 796 1601 notitia
827 1552 1228 1618 provinciarum
1258 1564 1312 1607 et
1339 1556 1533 1610 arbore
1553 1558 2042 1627 consanguinitatis

454 1638 756 1694 Chronicon
828 1644 1140 1701 immediate
1191 1649 1679 1717 subsequentibus,
1751 1651 2039 1706 recentiori

2135 462 2512 518 Romanorum
2561 465 2748 534 incipit
2777 481 2807 518 a
2842 465 2898 518 S.
2930 463 3114 524 Petro,
3146 471 3201 516 et
3229 463 3392 517 habet
3418 463 3565 517 hunc
3605 461 3747 515 titu-

2146 552 2253 605 lum
2292 567 2306 605 :
2339 551 2442 606 llic
2471 562 2590 606 sunt
2635 553 2905 622 pontifices
2947 561 3144 606 sancta:
3180 550 3434 605 Romamn
3478 550 3748 606 Ecclesia:

2145 645 2281 698 beati
2331 641 2473 697 Petri
2523 644 2776 712 Apostoli.
2826 643 3033 698 Desinit
3081 652 3261 696 autem
3299 643 3352 696 in
3400 640 3642 695 Adriano
3686 639 3743 706 ι,

2147 737 2248 792 hoc
2303 735 2755 791 modo:XCVll
2805 737 3070 790 Adrianus
3123 737 3255 790 sedit
3312 754 3436 790 ann.
3499 733 3740 788 XXIII.

2148 828 2222 882 M.
2271 825 2340 881 X.
2390 827 2457 882 υ.
2499 825 2695 881 XVII.
2746 827 2938 882 Postea
2989 827 3208 896 quidam
3265 835 3418 880 vetus
3463 826 3672 880 addidit
3722 844 3740 879 :

2146 917 2415 973 XCVIII.
2447 917 2552 973 Leo
2574 935 2728 988 papa.
2765 937 2781 968 ι
2814 919 2991 987 Atque
3033 917 3147 971 lucc
3173 924 3297 970 sunt
3323 915 3495 985 prima
3524 913 3743 968 Balnzii

2145 1011 2328 1074 verba,
2362 1010 2559 1079 quibus
2589 1017 2804 1064 constat
2830 1009 2896 1063 de
2943 1008 3267 1076 antiquitate
3294 1006 3498 1062 codicis
3530 1021 3632 1061 ms.
3667 1022 3742 1059 cx

2141 1101 2403 1173 Catalogo
2456 1100 2642 1164 simili,
2699 1109 2760 1153 ut
2814 1108 2967 1170 puto,
3010 1098 3086 1152 illi
3132 1112 3292 1167 quem
3347 1110 3446 1151 nos
3494 1096 3745 1150 diximus

2145 1193 2412 1249 contineri
2444 1193 2496 1246 in
2533 1191 2730 1246 Codice
2769 1189 3113 1244 bibliothecae
3159 1188 3538 1243 Alexandrinae
3580 1187 3740 1242 Vati-

2145 1301 2315 1348 canac,
2348 1284 2439 1354 qui
2471 1283 2668 1338 desinit
2705 1283 2757 1336 in
2787 1281 3038 1336 Paschali
3071 1282 3268 1351 primo.

2216 1376 2268 1431 ﬁ.
2303 1375 2471 1430 Porro
2497 1376 2567 1430 de
2597 1375 2835 1429 secundo
2864 1372 3142 1443 Catalogo,
3171 1373 3237 1426 de
3255 1387 3364 1441 quo
3385 1371 3470 1426 hic
3499 1371 3744 1442 agimus,

2147 1478 2301 1525 notat
2333 1467 2519 1522 varias
2546 1467 2809 1522 lectiones
2836 1469 2889 1521 in
2915 1464 3090 1520 Gestis
3131 1464 3435 1534 pontiﬁcum
3479 1461 3739 1532 reperiri,

2143 1576 2282 1631 quas
2309 1560 2396 1615 hic
2429 1559 2613 1630 paucis
2641 1558 2882 1627 exceptis
2928 1555 3245 1619 referemus,
3296 1571 3361 1610 eo
3399 1558 3542 1625 quod
3571 1555 3743 1611 varias

2145 1651 2249 1706 illae
2279 1651 2532 1705 lectiones
2559 1650 2739 1718 potius
2761 1657 3014 1719 respectu
3035 1647 3287 1701 editionis
3315 1645 3743 1700 llcuscheniana:

456 1747 617 1784 manu
664 1731 874 1801 adjecta
918 1748 1064 1800 sunt,
1094 1739 1235 1792 sicut
1277 1749 1331 1792 et
1372 1741 1424 1794 in
1469 1742 1574 1796 ﬁne
1622 1741 1874 1796 n0nnulla
1918 1752 2036 1812 post
2069 1760 2114 1820 Β
2145 1760 2306 1814 quam
2334 1743 2504 1798 nostri
2531 1742 2736 1797 codicis
2764 1757 2864 1794 ms.
2893 1740 3066 1794 locum
3099 1740 3301 1794 habere
3331 1739 3737 1792 animadverte-

454 1829 667 1876 tetatem
717 1825 924 1880 codicis
969 1828 1149 1882 addita
1192 1829 1460 1900 leguntur.
1507 1831 1674 1886 l’orro
1737 1833 1907 1887 codex
1953 1843 2040 1888 est

454 1911 509 1967 in
537 1912 685 1978 folio,
712 1916 883 1973 forma
913 1922 1195 1990 quadrata,
1221 1935 1273 1978 ct
1297 1925 1706 1981 characteribus
1726 1943 1842 1982 aevo
1861 1927 2038 1982 Caroli

454 2004 628 2077 Magni
672 2011 884 2066 usitatis
915 2015 1274 2084 conscriptus.
1326 2015 1479 2071 Unde
1512 2016 1674 2072 facile
1709 2018 2038 2072 crediderit)

454 2096 562 2153 illis
612 2103 946 2172 temporibus
996 2105 1163 2160 fuisse
1207 2116 1493 2162 exaratum
1535 2123 1643 2178 quo
1672 2109 1908 2179 scriptus
1957 2120 2040 2163 cst

455 2191 733 2262 catalogus
760 2194 1127 2252 Rmnanorum
1149 2199 1487 2267 pontiﬁcum,
1516 2201 1606 2270 qui
1644 2217 1767 2272 pag.
1801 2200 1867 2256 lO
1891 2201 2044 2254 exhi-

455 2283 632 2349 betur,
663 2296 718 2341 ct
749 2288 948 2342 desinit
979 2289 1030 2343 iu
1079 2291 1327 2345 Paschali
1371 2291 1411 2356 l,
1449 2293 1534 2347 cui
1586 2293 1870 2361 subjicitur
1914 2303 2039 2348 nota

457 2383 759 2448 temporum
783 2381 867 2436 bis
891 2384 1068 2437 verbis
1094 2402 1105 2435 :
1134 2385 1174 2436 Α
1209 2383 1465 2440 Passione
1493 2385 1703 2440 Domini
1727 2387 1891 2440 nostri
1912 2387 2040 2442 Jesu

457 2469 650 2527 Christi
692 2491 853 2545 usque
889 2477 958 2529 ad
1011 2477 1181 2531 sedem
1225 2479 1508 2532 beatissimi
1554 2478 1850 2532 Marcellini
1893 2495 2042 2548 papa.-

455 2575 577 2618 sunt
625 2568 754 2620 anni
797 2566 919 2629 276,
966 2585 1165 2624 menses
1212 2571 1264 2625 8.
1313 2571 1388 2624 De
1429 2571 1724 2640 apostolatn
1761 2572 2043 2641 jumfaeta

459 2653 656 2708 Christi
676 2656 924 2724 martyris
951 2656 1247 2710 Marcellini
1271 2675 1431 2728 usque
1451 2669 1651 2728 tempus
1678 2660 2043 2730 gloriosissimi

459 2744 671 2799 Domini
695 2745 876 2801 Caroli
902 2749 1034 2819 regis
1059 2748 1130 2803 25
1151 2751 1302 2803 annis
1334 2752 1477 2820 regni
1507 2751 1642 2819 ejus,
1666 2751 1762 2805 hoc
1787 2763 1860 2806 est
1885 2767 2044 2822 usque

458 2849 553 2888 vtn
588 2833 714 2889 Kal.
755 2836 972 2905 Aprilis,
997 2848 1117 2893 sunt
1147 2841 1274 2893 anni
1300 2840 1408 2896 490
1437 2850 1484 2896 et
1516 2857 1716 2896 menses
1767 2843 1855 2896 13.
1886 2843 2040 2896 Circa

462 2925 566 2981 hoc
593 2925 756 2996 igitur
781 2936 1014 3000 tempus,
1056 2931 1107 2985 id
1153 2939 1237 2987 est
1275 2933 1434 3001 paulo
1484 2942 1606 3002 post
1654 2933 1864 2987 initium
1914 2933 2041 2988 noni

460 3019 661 3084 stccmi,
695 3023 1037 3094 conscriptus
1071 3023 1286 3078 videtur
1328 3026 1496 3080 codex
1530 3027 1800 3096 quondam
1844 3028 2042 3095 reginae

2147 1835 2268 1889 ritu.
2305 1834 2402 1888 Sic
2427 1842 2576 1887 notat
2607 1833 2689 1886 vir
2716 1833 2783 1887 cl.
2819 1832 2916 1902 legi
2961 1831 3014 1885 in
3057 1830 3220 1884 Petro
3253 1847 3265 1882 :
3301 1827 3366 1883 In
3405 1828 3738 1882 territurium

2146 1923 2462 1996 triumphale
2487 1924 2571 1978 cia
2596 1923 2813 1977 Aurelia
2845 1935 2901 1977 m
2930 1921 3055 1976 Kal.
3080 1920 3235 1986 Julii,
3259 1936 3365 1991 quo
3386 1922 3546 1974 modo
3569 1922 3739 1975 etiam

2145 2019 2343 2089 legitur
2389 2019 2440 2072 iu
2478 2033 2578 2072 ms.
2631 2017 2820 2071 codice
2862 2015 3229 2070 Alexandrino
3271 2012 3554 2077 Vaticano,
3603 2012 3740 2068 licet

2148 2111 2342 2165 habeat
2371 2109 2536 2163 editio
2564 2106 2976 2161 Henscbeniana
3019 2124 3031 2158 :
3073 2103 3221 2158 Inter
3244 2102 3514 2157 Zetarium
3543 2106 3742 2159 trium-

2144 2202 2297 2273 pliale
2335 2217 2393 2254 ιιι
2441 2199 2561 2253 Kal.
2597 2199 2768 2252 Junii.
2807 2198 3010 2252 Deinde
3061 2206 3214 2251 notat
3246 2195 3494 2252 Baluzius
3525 2213 3594 2252 ex
3635 2213 3739 2252 suo

2147 2295 2332 2350 codice
2373 2312 2384 2347 :
2425 2293 2600 2347 (Iletns
2637 2294 2850 2363 ponitur
2875 2302 2997 2345 ante
3028 2289 3362 2344 Clementem.
3397 2289 3550 2358 Quod
3593 2291 3738 2346 idem

2148 2389 2310 2442 habet
2339 2387 2504 2441 codex
2539 2384 3253 2446 Alexandritio-Vaticanus,
3293 2383 3543 2452 quamvis
3587 2382 3738 2437 lien-

2147 2477 2438 2532 scheniana
2463 2477 2646 2536 editio,
2678 2474 2861 2529 nescio
2891 2489 2996 2543 qua
3024 2473 3247 2535 ratione,
3283 2483 3376 2526 ant
3403 2488 3511 2541 quo
3541 2471 3741 2526 funda-

2148 2577 2351 2628 mento,
2382 2565 2590 2620 Cletum
2629 2563 2892 2618 Clementi
2938 2571 3247 2631 postponat.
3297 2560 3460 2615 Notat
3515 2563 3741 2632 insuper

2149 2656 2398 2710 Baluzins
2420 2670 2486 2710 ex
2517 2655 2701 2709 codice
2734 2653 3043 2708 Colbertiuo
3079 2670 3091 2705 :
3120 2651 3176 2705 In
3210 2651 3428 2706 Victore
3458 2651 3588 2723 legi,
3615 2668 3740 2706 eum

2153 2746 2436 2816 Theophila
2463 2747 2699 2815 episcopo
2727 2735 3086 2798 Alexandria:
3123 2744 3186 2797 de
3209 2743 3380 2798 Luna.
3409 2743 3562 2810 Quod
3593 2744 3739 2799 idem

2151 2839 2345 2907 legitur
2377 2837 2427 2890 iu
2459 2837 2644 2891 colicc
2690 2835 2910 2906 Regium
2951 2834 3180 2895 Suecias,
3213 2835 3337 2890 licet
3382 2835 3549 2889 editio
3595 2835 3743 2890 Hen-

2149 2927 2442 2983 scheniana
2478 2927 2596 2981 loco
2623 2926 2958 2979 Alexandria:
2981 2934 3143 2996 ponat
3171 2925 3450 2990 lltrsarea’,
3477 2933 3532 2979 et
3555 2925 3738 2980 Theo-

2149 3019 2329 3091 philus
2372 3035 2476 3075 non
2507 3019 2866 3082 Alexandriae,
2907 3017 2999 3072 sed
3043 3017 3406 3071 Czcsareensis
3451 3017 3742 3086 episcopus

463 3109 690 3175 Succitc,
731 3097 877 3168 nunc
921 3113 1263 3169 oibliothecre
1305 3113 1684 3171 Alexandrina:
1741 3115 2037 3176 Vaticana,
2072 3114 2115 3174 Ο
2150 3112 2331 3168 fuerit.
2359 3113 2558 3166 Deinde
2579 3111 2828 3166 Baluzins
2853 3127 2919 3165 ex
2950 3111 3135 3164 codice
3157 3109 3468 3164 Colbertiuo
3495 3109 3545 3162 iu
3570 3108 3741 3164 Lucio

463 3218 525 3256 ex
551 3218 661 3272 quo
680 3204 975 3261 secundum
1001 3207 1364 3262 Romanorum
1391 3207 1706 3277 pontiﬁcum
1728 3207 2040 3275 Catalognm

461 3294 693 3361 edimus,
719 3312 880 3367 quem
910 3295 1071 3367 hujus
1098 3299 1302 3355 codicis
1331 3300 1642 3356 tabellarius
1669 3317 1736 3355 ex
1772 3300 1878 3356 alio
1907 3301 2047 3354 anti-

461 3386 641 3456 quiori
670 3389 858 3443 codice
885 3390 1192 3461 descripsit.

534 3479 591 3534 5.
620 3480 839 3536 Certum
887 3482 1046 3552 hujus
1093 3486 1338 3540 veritatis
1385 3495 1761 3557 argumentum
1791 3486 2045 3556 suppedi-

465 3579 650 3625 tarunt
677 3587 846 3643 nuper
893 3561 1084 3629 liuenti
1137 3577 1236 3630 viri
1265 3576 1343 3632 Ct.
1375 3578 1594 3632 Antonii
1639 3577 1810 3647 Pagii,
1853 3579 2047 3647 quibus

463 3663 653 3720 retulit
679 3663 823 3719 aliud
851 3664 1013 3734 hujus
1032 3665 1271 3738 Catalogi
1299 3669 1575 3737 exemplar
1601 3685 1702 3724 ms.
1734 3670 1959 3738 reperiri
1993 3670 2046 3724 in

465 3755 791 3812 bibliotheca
821 3755 1131 3813 Colbertina
1163 3777 1175 3812 :
1213 3777 1232 3810 ‹
1281 3761 1335 3814 lu
1359 3760 1682 3815 bibliotheca
1711 3761 2045 3826 Colbertina,

468 3849 668 3918 inquit,
696 3857 880 3904 exstat
907 3848 1216 3921 Catalogus,
1245 3868 1274 3905 a
1304 3868 1409 3922 quo
1451 3853 1700 3908 Balnzius
1744 3853 1826 3906 vir
1859 3853 2050 3907 claris—

464 3937 638 3994 simus
681 3940 958 3995 existimat
999 3941 1312 4012 Catalogum
1378 3944 1578 4014 reginae
1625 3942 1832 3998 Succia:
1883 3943 2050 3998 fuisse

467 4031 816 4102 descriptum.
859 4054 876 4085 ι
915 4033 990 4088 De
1030 4035 1132 4090 hoc
1183 4037 1370 4092 codice
1423 4036 1795 4106 frequentibus
1840 4037 2049 4092 vicibus

466 4123 662 4190 qnlbns
692 4123 916 4181 Parisiis
945 4125 1043 4190 fui,
1073 4127 1204 4181 nihil
1253 4129 1587 4192 audiveram,
1619 4144 1718 4183 nec
1755 4128 2047 4196 quidquam

467 4225 593 4270 ante
620 4216 768 4286 Pagii
799 4218 1008 4273 litteras
1035 4220 1102 4272 ad
1130 4219 1292 4273 ﬁnem
1321 4220 1445 4274 anui
1486 4221 1624 4276 1680
1652 4221 1720 4274 ad
1763 4235 1849 4275 mc
1893 4220 2050 4275 datas

465 4321 835 4376 pet-ceperam.
893 4308 1074 4372 Quare
1139 4325 1334 4380 magno
1402 4310 1743 4364 addisccnda:
1807 4311 2050 4365 veritatis

467 4395 647 4450 studio
670 4395 886 4460 ductus,
922 4396 1190 4452 Lutetiam
1233 4399 1423 4468 scripsi
1458 4400 1524 4453 ad
1569 4399 1632 4452 V.
1670 4400 1751 4455 Cl.
1787 4401 2046 4455 Joannem

469 4483 836 4551 llardumnm,
889 4495 952 4540 ut
997 4503 1028 4542 a
1078 4487 1300 4544 Baluzio
1338 4498 1393 4544 et
1435 4490 1614 4545 varias
1657 4491 1800 4546 illius
1845 4492 2048 4548 codicis

468 4577 744 4633 lectiones.
775 4586 831 4632 ct
858 4576 1120 4645 judicium
1148 4580 1214 4635 de
1245 4589 1406 4637 aetate
1433 4597 1537 4652 qua
1566 4584 1910 4653 conscriptus
1944 4593 2045 4648 est,

467 4677 696 4738 peteret.
735 4669 1036 4740 Utrumque
1063 4687 1158 4740 pro
1189 4687 1284 4725 sua
1319 4673 1655 4728 lmmauitatc
1682 4676 1932 4743 priestitit
1967 4675 2049 4729 vir

468 4756 805 4814 clarissimus
828 4760 1098 4826 Baluzius,
1129 4771 1431 4832 (unctaque
1459 4779 1621 4832 quam
1661 4764 1946 4820 celerrime
1981 4765 2048 4819 ad

467 4862 557 4904 me
595 4850 742 4904 misit
788 4851 1113 4907 Harduinus.
1161 4852 1340 4919 Quare
1395 4853 1607 4909 illorum
1663 4854 2051 4910 benevolentia:

467 4937 640 4996 debeo
669 4954 789 5010 ego,
820 4942 977 4998 debet
1032 4945 1335 5014 respublica
1387 4934 1648 5000 litteraria
1682 4947 1929 4999 notitiam
1957 4962 2049 5001 co-

469 5031 607 5086 dicis
633 5031 950 5098 Colbertiui,
976 5050 1096 5103 quzc
1123 5051 1232 5090 non
1256 5052 1444 5106 parum
1474 5036 1715 5098 conferet
1751 5037 1816 5091 ad
1847 5039 2049 5092 discer-

470 5120 705 5176 nendum
761 5121 962 5178 fontem
1018 5140 1083 5178 ex
1118 5141 1225 5194 quo
1274 5136 1465 5180 auctor
1516 5127 1663 5182 Libri
1720 5125 2052 5182 Pontilicalis

470 5211 602 5265 Acta
637 5225 1011 5268 succcssormu
1043 5213 1186 5269 Petri
1228 5217 1423 5281 hausit,
1456 5226 1514 5271 ut
1543 5233 1641 5272 suo
1688 5217 1806 5272 loco
1854 5217 2052 5273 videbi-

472 5315 612 5356 mus.
648 5300 890 5373 Adjnngo
912 5303 1094 5372 itaque
1119 5305 1282 5359 verba
1303 5307 1586 5362 clarissimi
1605 5306 1832 5372 Baluzii,
1856 5309 2052 5378 quibus

473 5388 726 5471 iudicium
755 5393 820 5448 dc
852 5408 952 5449 ms.
1005 5394 1190 5450 codice
1223 5394 1556 5460 Colbertiuo.
1584 5407 1636 5453 et
1660 5400 1840 5452 varias
1863 5398 2052 5453 lectio-

475 5494 570 5536 nes
599 5479 838 5552 Catalogi
889 5485 1056 5539 nostri
1095 5485 1314 5542 exhibet
1347 5506 1358 5540 :
1399 5509 1415 5539 ι
1454 5486 1634 5544 Codex
1680 5488 1814 5544 1868
1855 5489 2048 5545 biblio-

477 5572 644 5628 theca:
691 5573 1034 5642 Colbertinar,
1088 5593 1247 5648 quem
1292 5587 1505 5635 constat
1541 5594 1663 5636 esse
1719 5581 1949 5636 similem
1999 5583 2050 5637 ei

475 5659 568 5734 qui
597 5666 843 5746 exstabat
881 5669 934 5724 in
970 5667 1295 5726 bibliotheca
1348 5670 1546 5740 regina:
1575 5668 1882 5739 Christinae,
1916 5672 2047 5729 scri-

2148 3220 2284 3274 papa
2320 3223 2332 3257 :
2365 3205 2546 3273 Capite
2584 3215 2856 3256 truncatus
2913 3213 2988 3256 est
3031 3217 3084 3256 vi
3127 3217 3290 3255 nonas
3335 3199 3538 3262 Martii,
3593 3202 3740 3268 quod

2149 3295 2312 3350 etiam
2344 3294 2574 3348 habetur
2607 3293 2658 3347 in
2686 3292 2871 3348 codice
2904 3290 3291 3355 Alexandrino,
3334 3289 3459 3344 licet
3511 3291 3563 3344 in
3595 3289 3741 3345 Hen-

2149 3386 2442 3444 scbcuiana
2489 3385 2726 3440 editione
2771 3385 2981 3456 legatur
3018 3401 3032 3438 :
3067 3400 3125 3438 ιιι
3174 3400 3340 3437 nonas
3389 3383 3593 3437 Martii.
3637 3381 3743 3439 Ba-

2150 3478 2324 3531 luzius
2347 3478 2542 3531 iterum
2569 3491 2633 3530 ex
2667 3475 2852 3530 codice
2881 3474 3196 3529 Colbertiuo
3223 3473 3350 3543 legit
3379 3473 3430 3526 in
3458 3474 3688 3527 Damaso
3721 3489 3737 3527 τ

2152 3569 2297 3624 Sedit
2321 3585 2486 3622 annos
2512 3584 2646 3631 xvtt,
2681 3585 2881 3622 menses
2910 3585 2997 3633 III,
3029 3567 3137 3621 dies
3160 3583 3236 3621 ιι.
3271 3563 3398 3620 Fuit
3420 3567 3740 3636 (corporibus

2148 3659 2534 3728 Iuliani,.{ecit
2561 3660 2896 3714 bibliothecas
2921 3659 3074 3713 duas.
3106 3659 3258 3726 Quod
3290 3658 3427 3711 idem
3461 3658 3657 3728 legitur
3684 3658 3739 3711 iu

2150 3753 2337 3808 codice
2359 3760 2566 3818 nostro,
2615 3752 2737 3808 licet
2766 3753 2818 3805 in
2850 3753 3088 3806 editione
3121 3750 3529 3806 llcuschcuiana
3571 3748 3739 3803 omit-

2154 3854 2340 3899 tatur:
2375 3843 2500 3898 Fuit
2549 3845 2864 3914 temporibus
2907 3844 3134 3897 Iuliani.
3189 3843 3414 3896 Domum
3462 3841 3515 3894 in
3559 3839 3742 3894 Felice

2150 3952 2288 4006 papa
2322 3937 2450 4006 legit
2476 3951 2542 3990 ex
2573 3950 2672 3990 suo
2709 3936 2898 3991 codice
2933 3933 3186 3987 Baluzius
3217 3951 3232 3988 :
3271 3932 3501 3987 Cessavit
3545 3933 3742 4000 episco-

2151 4041 2306 4101 patus
2354 4030 2439 4083 die
2467 4046 2503 4093 t,
2534 4040 2696 4098 prout
2745 4029 2911 4082 etiam
2965 4027 3195 4082 habetur
3250 4025 3302 4078 iu
3355 4034 3562 4086 nostro,
3615 4023 3742 4076 licet

2155 4127 2565 4181 llenschcuiana
2611 4125 2778 4180 editio
2820 4124 3018 4178 habent
3075 4139 3088 4175 :
3135 4120 3365 4175 Cessavit
3410 4121 3743 4188 episcopatus

2152 4236 2244 4288 per
2283 4221 2392 4272 dies
2430 4233 2511 4282 ιιι,
2539 4232 2661 4270 cum
2689 4217 2885 4286 quibus
2937 4215 3118 4270 verbis
3155 4213 3526 4269 lleuschcnius
3578 4213 3740 4267 ﬁnem

2153 4311 2411 4380 Catalogo
2453 4309 2700 4376 tmponit,
2735 4308 2824 4362 ubi
2860 4319 3038 4361 tamen
3083 4307 3135 4361 in
3189 4313 3374 4359 nostro
3405 4319 3503 4358 ms.
3528 4304 3738 4368 codice,

2153 4415 2221 4454 cx
2247 4415 2354 4468 quo
2404 4397 2718 4467 Catalogum
2768 4395 3002 4451 describi
3047 4395 3276 4459 curavit,
3323 4403 3624 4463 sequuntur
3651 4393 3742 4447 illa

2155 4490 2438 4544 duodecim
2484 4489 2797 4558 pontiﬁcum
2849 4488 3064 4540 nomina
3126 4499 3247 4540 cum
3303 4495 3427 4538 uota
3473 4501 3740 4538 annorum

2155 4579 2280 4644 4H,
2312 4580 2402 4649 qui
2446 4596 2475 4634 a
2517 4579 2577 4632 Β.
2611 4579 2773 4633 Petro
2795 4593 2964 4648 usque
2991 4586 3116 4632 tunc.
3148 4579 3589 4639 intercesserunt,
3621 4593 3745 4644 quae

2157 4672 2345 4725 eadem
2371 4679 2671 4740 sequuntur
2694 4671 2747 4724 in
2763 4670 2948 4725 codice
2966 4670 3301 4732 Colbertiuo,
3320 4678 3378 4721 ut
3393 4668 3477 4722 vir
3494 4668 3559 4722 cl.
3583 4667 3742 4720 Bam-

2159 4761 2276 4817 zius
2306 4764 2358 4816 in
2387 4761 2551 4816 variis
2574 4762 2892 4816 lectionibus
2919 4761 2984 4815 ad
3017 4777 3101 4814 me
3124 4759 3456 4814 transmissis
3488 4767 3740 4812 testatur.

2175 4885 2183 4890 ο
2231 4854 2283 4905 7.
2327 4853 2392 4906 Et
2417 4867 2479 4905 ex
2514 4853 2597 4906 bis
2639 4851 2856 4920 quidem
2895 4851 3175 4905 manifeste
3208 4859 3420 4905 constat
3447 4859 3742 4919 utrumque

2157 4943 2395 4998 codicem
2440 4959 2568 5005 ms.,
2609 4941 2977 4996 Colbertinum
3025 4949 3080 4996 et
3123 4938 3743 4995 Alcxamlriuo-Vatica-

2159 5050 2306 5097 num,
2341 5034 2599 5088 exhibere
2644 5035 2891 5088 etundem
2921 5034 3146 5089 omnino
3171 5034 3508 5103 Catalogum,
3553 5044 3610 5088 et
3662 5033 3742 5088 vel

2158 5125 2452 5179 secundum
2507 5138 2572 5178 ex
2625 5123 2799 5194 primo
2851 5123 3182 5193 descriptum
3228 5138 3378 5187 esse,
3433 5133 3490 5177 ut
3543 5121 3744 5187 Papius

2160 5227 2440 5279 rettucrat,
2465 5216 2547 5270 vel
2577 5227 2866 5286 utrumque
2888 5217 3126 5271 codiceni
3149 5231 3212 5271 ex
3249 5217 3421 5271 altero
3446 5216 3743 5286 antiquiori

2161 5305 2326 5362 fuisse
2369 5307 2743 5373 desumptnm;
2776 5307 2917 5376 quod
2955 5307 3204 5359 ultimmu
3235 5304 3389 5360 facile
3423 5307 3746 5375 contingere

2157 5399 2507 5466 potuit,,cnm
2549 5408 2777 5466 uterque
2821 5398 2987 5453 codex
3030 5397 3375 5453 Colbertinus
3408 5406 3463 5451 et
3499 5396 3733 5453 Alexan-

2155 5489 2634 5544 drino-Vaticanus
2674 5489 3082 5558 antiquissimus
3118 5489 3208 5552 sit,
3240 5499 3295 5543 et
3331 5489 3743 5544 characteribus

2158 5579 2424 5639 Caroliuis
2453 5578 2815 5649 conscriptus,
2847 5587 2903 5634 et
2943 5579 3213 5635 nonnullae
3241 5581 3510 5635 variantes
3547 5580 3739 5636 lectio-

2157 5687 2272 5737 nes,
2304 5671 2426 5725 licct
2454 5685 2636 5742 pauca:
2677 5670 2984 5737 admodum,
3016 5672 3066 5725 in
3118 5681 3349 5741 utroque
3382 5673 3719 5744 reperiantur
