4010 6302
755 353 1176 414 SCHELESTR.
1221 351 1534 410 DlSSERT.
1580 349 1666 406 DE
1704 350 1933 418 ANTIO.
1980 348 2145 405 llOM.
2185 348 2386 406 PONT.
2427 349 2764 407 CATALOG.

3302 351 3408 411 186

160 481 247 536 Sic
291 475 639 533 Colbertiuus
675 473 729 528 in
774 472 934 526 Petro
970 471 1099 540 legit
1141 467 1510 531 Territurium,
1552 477 1601 521 et
1643 467 1727 521 via
1758 475 1804 530 Α
1832 465 2020 536 templo
2050 465 2306 536 Apollinis
2326 465 2482 534 juxta
2516 467 2701 520 locum
2715 467 2802 520 ubi
2823 467 3110 536 cruciﬁxus
3132 479 3226 535 est,
3245 471 3410 539 juxta

159 567 392 628 Aurelia,
436 563 524 618 ubi
555 559 1249 618 Alexandrino-Vaticanus
1293 559 1457 613 habet
1483 556 1728 610 Terretu-

161 662 312 718 rium,
349 665 398 709 et
431 655 513 709 via
541 652 766 706 Aurilia.
798 650 854 704 ln
887 649 1217 719 Telesphoro
1247 647 1589 702 Colbertinns
1617 661 1630 699 ε
1665 646 1732 700 Et

162 745 368 800 cessat-it
391 745 719 812 episcOpatus
743 740 854 794 dies
878 755 978 802 vn,
1000 738 1088 793 ubi
1120 736 1730 792 Alexandrino-Vatica-

163 851 256 890 nus
295 835 476 896 habet,
508 832 619 886 dies
639 831 800 886 vI.'ln
836 828 1007 901 Ygino
1038 828 1385 884 Colberlinus
1409 847 1422 881 :
1449 826 1732 896 Episcopus

162 944 244 995 per
274 927 481 978 diversa
510 922 624 976 loca
653 937 754 986 vn,
783 918 1500 982 AlexandrinooVatieanus,
1532 934 1623 987 per
1659 917 1737 970 di-

161 1002 297 1070 sersa
339 1015 457 1069 loca
489 1031 564 1069 vt.
613 1013 669 1067 In
725 1013 952 1067 Aniceto
996 1011 1361 1072 Colhertinus,
1409 1027 1500 1081 per
1533 1009 1734 1062 diversa

165 1110 268 1161 loca
307 1121 385 1161 ix.
419 1105 594 1160 Vatic.
625 1120 717 1173 per
761 1105 967 1156 diuersa
1008 1102 1123 1156 loca
1149 1119 1267 1156 vm.
1312 1101 1443 1155 Item
1484 1099 1730 1170 primus:

165 1198 365 1252 cessauit
403 1197 729 1265 episcopatus
757 1195 867 1248 dies
901 1210 996 1258 vn,
1043 1193 1333 1255 secundus,
1365 1193 1473 1246 dies
1497 1207 1568 1245 vt.
1607 1188 1731 1244 Col-

165 1290 397 1345 bertinns
437 1288 492 1342 in
531 1287 837 1357 Zephyrino
875 1285 1202 1355 :Episcopus
1242 1284 1474 1345 interest,
1529 1291 1732 1335 tantum

165 1380 369 1435 clericus
393 1379 687 1442 sustinerit,
709 1375 1400 1432 Alexandrino-Vaticanus
1429 1391 1442 1427 :
1475 1373 1734 1442 Episcopo

165 1474 385 1535 interest,
418 1481 627 1524 tantum
658 1467 840 1523 Clerus
861 1468 1154 1521 sustineret.
1193 1466 1368 1536 Atque
1398 1466 1481 1519 lia:
1509 1463 1734 1531 aliaeque

166 1562 430 1616 variantes
491 1560 758 1616 lectiones
813 1558 969 1613 facile
1020 1559 1346 1612 convincunt
1403 1554 1736 1624 antiquiores

165 1653 364 1709 codices
389 1651 695 1712 exstitisse,
736 1665 802 1704 ex
829 1649 1026 1718 quibus
1062 1649 1348 1719 Catalogus
1391 1646 1734 1702 Colbertinus

165 1749 212 1796 ct
234 1738 930 1798 Alexamlrino-Vaticanus
953 1739 1208 1806 descripti
1243 1737 1478 1798 fuerunt,
1519 1751 1734 1792 omnes-

1832 556 2090 626 palatium
2139 555 2499 610 Neronianum
2521 558 2576 611 in
2626 556 2911 622 Vaticano,
2957 560 3094 614 inter
3137 557 3406 616 Zeturium

1832 631 2146 716 triumphale
2193 662 2253 700 ιιι
2301 645 2421 700 Kal.
2469 646 2680 700 Junius.
2715 648 2844 714 Qua:
2872 649 3085 704 aliunde
3127 651 3408 722 desumpta

1835 747 1980 802 sunt,
2011 747 2067 793 et
2097 754 2337 793 errorem
2370 740 2647 793 continent
2677 740 2818 794 circa
2847 741 3068 796 Kalend.
3097 741 3262 808 Junii,
3284 761 3408 801 cunt

1833 825 2113 897 legendum
2145 829 2215 882 sit
2245 844 2300 882 ιιι
2334 827 2460 882 Kal.
2487 831 2681 884 Iulias.
2709 830 2854 885 Idem
2891 832 3149 901 probatur
3169 850 3235 890 ex
3259 837 3413 894 Actis

1835 936 1955 989 qua:
1984 922 2131 990 prior
2178 921 2469 990 Catalogus
2513 922 2566 976 in
2600 923 2695 977 Pio
2732 923 2897 978 refert
2923 925 3007 978 his
3036 925 3251 982 verbis:
3296 927 3407 984 Sub

1835 1011 1990 1082 hujus
2029 1013 2330 1081 episcopatu
2371 1011 2537 1081 frater
2573 1014 2686 1082 ejus
2718 1012 2936 1068 Hermes
2963 1015 3156 1070 librum
3199 1019 3408 1088 scripsit

1834 1103 1888 1157 in
1921 1119 2022 1173 quo
2047 1104 2355 1157 mandatum
2385 1105 2678 1158 continetur
2703 1112 2842 1176 quod
2881 1109 2929 1161 ei
2956 1111 3197 1179 pratcepit
3247 1128 3410 1181 ange-

1834 1194 1938 1258 lus,
1972 1210 2089 1247 cum
2118 1196 2252 1248 venit
2280 1202 2348 1247 att
2371 1211 2488 1248 eum
2523 1197 2576 1249 in
2609 1196 2788 1250 habitu
2816 1200 3062 1266 pastoris.
3091 1200 3222 1267 Quae
3245 1201 3410 1257 verba

1835 1283 2055 1338 omnino
2081 1284 2419 1352 transcripsit
2444 1296 2632 1340 auctor
2657 1289 2875 1342 secundi
2917 1289 3180 1360 Catalogi,
3214 1291 3410 1360 adjun-

1835 1388 1966 1443 gens
1996 1381 2216 1429 tamen:
2258 1385 2306 1428 et
2349 1379 2591 1445 pra'cepit
2621 1378 2668 1430 ei
2710 1389 2763 1432 ut
2795 1390 3034 1433 sanctum
3080 1380 3285 1437 Pascha
3327 1383 3413 1438 die

1834 1464 2111 1519 Dominica
2140 1465 2504 1521 celebraretur.
2539 1467 2667 1534 Qua:
2705 1469 2920 1525 aliunde
2944 1487 3159 1540 quoque
3191 1474 3413 1528 desum-

1835 1557 1962 1626 psit.
1993 1556 2357 1612 Conﬁrmatur
2385 1559 2546 1614 etiam
2578 1575 2643 1613 ex
2684 1561 2748 1614 iis
2785 1576 2904 1630 quae
2949 1564 3097 1631 prior
3124 1565 3414 1635 Catalogus

1833 1647 2054 1702 exhibet
2095 1648 2148 1702 in
2176 1648 2439 1703 Pontiano
2466 1668 2480 1703 :
2521 1650 2598 1704 Eo
2629 1661 2856 1720 tempore
2893 1650 3186 1709 Pontianus
3210 1656 3414 1725 episco-

1835 1756 1952 1808 pus,
1982 1750 2028 1793 et
2062 1737 2374 1808 Hyppolitus
2411 1741 2697 1811 presbyter,
2739 1743 2942 1797 exsules
2990 1755 3110 1798 sunt
3157 1746 3417 1815 deportati

165 1846 257 1902 que
287 1833 384 1886 hos
415 1830 677 1886 habuisse
705 1829 967 1900 originem
997 1843 1062 1883 ex
1105 1827 1438 1896 autographo
1463 1825 1606 1895 quod
1632 1825 1732 1879 sub
1766 1828 1807 1886 Β
1836 1831 1891 1885 in
1936 1830 2164 1885 insulam
2195 1833 2431 1888 nocivam
2476 1831 2801 1898 Sardiniam,
2847 1833 3031 1890 Severo
3074 1847 3122 1891 et
3161 1836 3416 1903 Quintino

165 1920 456 1977 Justiniano
485 1920 840 1990 imperatore,
868 1927 992 1988 post
1029 1927 1258 1972 mortem
1306 1917 1498 1971 Felicis
1525 1915 1727 1985 quarti,

165 2011 516 2080 conscriptum
549 2008 688 2062 fuit:
719 2007 862 2078 quod
889 2005 1036 2060 enim
1073 2006 1125 2059 in
1157 2015 1385 2074 utroque
1424 2006 1730 2059 llliltltlSCl'l-

166 2113 245 2170 pto
270 2100 469 2156 Codice
502 2100 818 2154 Colbertino
849 2106 903 2152 et
928 2096 1585 2150 Alexandritio-Vaticano
1611 2105 1730 2165 post

167 2189 380 2244 Felicem
425 2187 790 2257 adjungantur
819 2185 1102 2240 duodecim
1133 2187 1445 2253 pontiﬁcum
1489 2186 1730 2250 nomina,

165 2298 272 2339 cum
296 2281 478 2345 annis,
509 2280 787 2334 mensibus
811 2287 867 2333 et
907 2278 1096 2333 diebus
1132 2276 1330 2345 quibus
1358 2277 1635 2338 sederunt,
1664 2273 1734 2329 ab

167 2373 326 2442 aliquo
367 2370 628 2440 imperito
669 2367 893 2422 librario
931 2365 1243 2434 adjunctum
1287 2363 1453 2419 fuisse
1492 2363 1731 2417 ostendi-

167 2481 290 2530 mus,
317 2465 483 2534 idque
514 2461 847 2532 temporibus
872 2458 1072 2530 Pelagii
1095 2457 1320 2512 secundi
1350 2456 1550 2510 factum
1579 2464 1732 2524 puta-

167 2570 290 2619 mus,
320 2555 523 2629 quibus
552 2549 808 2607 librarius
839 2547 930 2603 ille
951 2547 1265 2618 Catalogum
1301 2561 1365 2600 ex
1395 2545 1732 2616 autographa

167 2645 465 2701 describens
505 2642 788 2714 pontifices
811 2649 933 2711 post
965 2639 1196 2696 Felicem
1225 2639 1442 2708 adjecit,
1487 2647 1542 2692 et
1581 2653 1735 2692 erro-

167 2752 303 2789 neum
343 2735 494 2790 illam
546 2733 802 2803 temporis
847 2740 1030 2787 notam
1061 2732 1126 2786 de
1166 2729 1266 2783 Ml
1308 2729 1465 2783 annis
1505 2747 1534 2782 a
1571 2727 1732 2782 Petro

167 2841 316 2895 usque
340 2827 412 2880 ad
438 2825 709 2896 Pelagium
753 2822 1069 2886 secundum,
1095 2821 1186 2890 qui
1214 2834 1359 2874 anno
1382 2819 1485 2873 577
1514 2817 1732 2887 pontifi-

166 2927 325 2971 catum
363 2917 599 2986 adeptus
628 2923 741 2981 est,
776 2913 1043 2985 adjunxit.
1076 2912 1253 2981 Atque
1296 2911 1430 2965 satis
1470 2909 1732 2963 hactenus

167 3011 221 3066 de
244 3010 624 3081 manuscriptis
655 3009 934 3066 codicibus
975 3021 1043 3062 ex
1073 3005 1271 3076 quibus
1311 3003 1602 3074 Catalogus
1635 3017 1730 3071 pu-

168 3104 398 3160 blicator.
451 3103 603 3158 Nunc
644 3103 709 3158 de
752 3102 858 3156 illis
899 3115 1020 3172 quae
1063 3098 1320 3169 Catalogo
1360 3095 1730 3159 continentur,

169 3197 334 3265 paucis
360 3196 634 3266 agendum
655 3203 759 3248 est.

222 3286 274 3343 8.
302 3286 482 3342 Habet
530 3286 634 3340 hic
670 3283 957 3355 Catalogus
1011 3281 1263 3338 consules
1309 3280 1505 3352 quibus
1537 3277 1732 3350 singuli

166 3378 429 3447 pontiﬁces
461 3377 636 3433 creati
683 3384 809 3431 sunt
846 3384 902 3430 et
944 3374 1313 3436 decesserunt,
1353 3370 1658 3447 incipiendo
1701 3385 1731 3423 a

168 3469 306 3525 Petro
335 3469 709 3540 apostolorum
740 3468 982 3538 principe
1021 3476 1077 3522 et
1122 3467 1298 3536 primo
1325 3466 1568 3520 Romano
1596 3479 1731 3534 pon-

171 3560 485 3632 tifueusque
515 3562 581 3616 ad
612 3560 905 3622 Liberium,
934 3575 1056 3614 cum
1079 3575 1187 3628 quo
1212 3559 1330 3614 linit
1355 3559 1505 3628 prior
1519 3557 1732 3612 Catalo-

169 3663 329 3716 gus,et
348 3669 412 3708 ex
430 3669 543 3724 quo
558 3663 746 3707 auctor
760 3653 979 3707 secundi
996 3651 1234 3720 Catalogi
1259 3668 1324 3707 eo
1343 3666 1515 3722 usque
1538 3666 1730 3707 consu-

169 3741 261 3796 lum
288 3745 509 3800 nomina
537 3744 839 3814 descripsit,
880 3751 939 3797 ut
983 3743 1154 3797 tribus
1182 3743 1518 3812 potissimum
1562 3743 1730 3796 ratio-

170 3832 305 3889 nibus
347 3835 792 3905 comprobatur,-
819 3849 1048 3903 quarum
1099 3833 1271 3902 prima
1326 3848 1392 3886 ex
1449 3831 1730 3886 consulum

170 3924 482 3990 nominibus,
514 3940 633 3992 qn:e
659 3923 847 3976 eadem
877 3921 1080 3990 ubique
1108 3919 1469 3990 reperiuntur,
1495 3917 1730 3974 desumi—

169 4018 260 4067 tur.
297 4014 548 4071 Secunda
595 4030 659 4067 ex
689 4012 986 4077 erroribus,
1033 4011 1123 4082 qui
1174 4011 1229 4064 in
1277 4018 1507 4078 utroque
1551 4008 1728 4077 quoad

167 4105 423 4160 consulum
450 4106 672 4160 nomina
708 4104 868 4159 iidem
892 4104 1062 4159 ferme
1085 4110 1416 4173 comparent.
1455 4099 1638 4155 Tertio
1661 4117 1729 4154 ex

167 4207 224 4252 eo
254 4198 390 4266 quod
423 4206 618 4250 auctor
639 4203 759 4265 post
779 4195 1052 4250 Liberium
1079 4194 1256 4250 nullos
1286 4192 1533 4249 consules
1555 4191 1731 4261 posuit

167 4283 212 4340 iu
238 4288 588 4358 ecquentibus
608 4286 973 4357 pontificibus,
1001 4302 1065 4341 eo
1089 4286 1231 4355 quod
1254 4283 1536 4339 deﬁciente
1560 4282 1726 4352 priori

168 4375 402 4447 Catalogo
444 4392 554 4432 non
601 4377 856 4442 habebat,
905 4377 1047 4430 unde
1094 4375 1401 4430 desumeret
1445 4374 1724 4429 consulum

169 4469 410 4523 notitiam.
476 4457 745 4523 Deﬁciunt
811 4468 994 4536 itaque
1030 4467 1083 4519 in
1135 4465 1238 4520 hoc
1277 4467 1513 4520 secundo
1564 4464 1726 4519 Cata-

1833 1922 2153 1975 consulibus.
2187 1921 2254 1976 In
2295 1922 2474 1977 eadem
2514 1923 2688 1977 insula
2711 1925 2994 1979 discinctus
3019 1937 3092 1980 est
3121 1943 3175 1981 Iv
3215 1926 3414 1984 Kalen-

1832 2011 1929 2064 das
1954 2011 2214 2076 Octobris,
2250 2025 2298 2067 et
2326 2013 2439 2068 loco
2485 2015 2599 2085 ejus
2642 2015 2920 2070 ordinatus
2966 2027 3039 2070 est
3091 2018 3309 2072 Anteros
3359 2035 3414 2074 χι

1834 2096 2103 2156 Kalendas
2129 2103 2448 2168 Decembris,
2498 2104 2799 2159 consulibus
2827 2107 3217 2175 suprascriptis.
3283 2108 3415 2175 Quas

1833 2203 2022 2250 auctor
2043 2194 2264 2248 secundi
2285 2193 2524 2265 Catalogi
2543 2195 2738 2264 partim
2755 2195 3059 2265 descripsit,
3078 2198 3271 2268 partim
3291 2199 3414 2254 aliis

1833 2287 2012 2342 verbis
2030 2285 2230 2349 retulit,
2247 2286 2442 2354 partim
2460 2287 2662 2340 omisit.
2682 2285 2771 2342 Sic
2787 2287 2930 2341 enim
2947 2289 3108 2342 habet
3123 2290 3174 2342 in
3194 2288 3416 2344 Pontia-

1833 2394 1936 2432 no:
1965 2377 2164 2431 Eodem
2191 2387 2418 2445 (corpore
2450 2376 2736 2431 Pontianus
2757 2378 3022 2446 episcopus
3037 2389 3081 2432 et
3099 2378 3414 2448 Hippolytus
3483 2417 3485 2420 ι

1830 2468 2095 2539 presbyter
2108 2468 2290 2522 exsilio
2303 2481 2422 2521 sunt
2443 2468 2703 2535 deportati
2733 2469 2798 2519 ab
2821 2468 3119 2521 Alexandro
3135 2470 3189 2522 in
3219 2469 3415 2524 Sardi-

1833 2561 1972 2630 niam
1999 2560 2222 2612 insulam
2257 2559 2535 2622 Bucinam,
2558 2557 2748 2612 Severo
2769 2567 2817 2611 et
2846 2556 3133 2623 Quintiano
3159 2559 3332 2613 Coss.:
3359 2560 3416 2615 its

1831 2652 2008 2705 eadem
2035 2650 2207 2722 insula
2256 2650 2496 2720 aﬂlictus,
2519 2649 2746 2718 fustibus
2781 2661 3092 2712 maceratus,
3135 2651 3416 2721 defunctus

1831 2754 1906 2797 est
1952 2759 2011 2797 ιιι
2050 2741 2175 2796 Kal.
2231 2741 2560 2796 Novembris.
2608 2742 2706 2798 Ubi
2745 2742 2872 2798 licet
2910 2742 3165 2814 pleraque
3209 2746 3320 2800 sint
3347 2760 3415 2803 ex

1831 2833 1999 2904 priori
2043 2832 2298 2903 Catalogo
2326 2832 2618 2903 descripta,
2648 2833 2901 2904 adjuncta
2952 2843 3128 2889 tamen
3169 2843 3295 2890 sunt
3319 2851 3419 2892 no-

1833 2939 1953 2979 men
1976 2923 2264 2978 Alexandri
2291 2924 2650 2992 imperatoris,
2674 2933 2730 2980 et
2752 2924 2943 2980 modus
2967 2942 3076 2995 quo
3098 2927 3414 2998 martyrium

1831 3015 2030 3079 subiit;
2064 3021 2326 3069 mutatum
2368 3030 2582 3084 quoque
2609 3021 2692 3068 est
2738 3029 2932 3069 nomen
2978 3015 3102 3079 loci,
3131 3026 3185 3071 et
3215 3018 3329 3073 dies
3361 3036 3413 3073 xt

1832 3104 1949 3159 Kal.
1982 3105 2293 3159 Decembris
2325 3105 2377 3158 in
2405 3105 2544 3159 diem
2582 3121 2642 3158 ιιι
2675 3104 2795 3160 Kal.
2819 3105 3140 3162 Novembris
3168 3123 3414 3162 commu-

1759 3203 1804 3264 C
1839 3207 2000 3252 tatus.
2031 3198 2236 3264 Quibus
2261 3198 2471 3253 accedit
2497 3199 2641 3267 quod
2667 3207 2864 3253 auctor
2901 3199 3122 3254 secundi
3169 3199 3415 3270 Cutalogi

1833 3293 1935 3348 sub
1981 3291 2244 3346 Pontiano
2288 3291 2488 3345 nullam
2551 3291 2880 3346 mentionem
2927 3290 3093 3345 faciat
3143 3292 3414 3357 Antheri;

1835 3385 1977 3439 unde
2034 3383 2191 3437 facile
2259 3390 2482 3452 apparet
2547 3391 2824 3438 auctorem
2895 3383 3118 3438 secundi
3175 3383 3418 3455 Catalogi

1832 3474 1968 3530 Acta
2000 3474 2218 3543 quidem
2265 3472 2518 3527 nonnulla
2565 3489 2632 3527 ex
2680 3473 2967 3542 antiquiori
3017 3472 3272 3544 Catalogo
3319 3473 3416 3530 de-

1834 3567 2140 3637 scripsisse,
2168 3581 2272 3619 non
2323 3573 2501 3618 tamen
2538 3579 2662 3618 eum
2692 3565 2745 3618 in
2777 3565 3032 3619 omnibus
3064 3565 3229 3619 fuisse
3260 3581 3416 3620 secu-

1835 3668 1968 3723 tum,
2001 3658 2094 3713 sed
2133 3656 2348 3710 aliunde
2376 3671 2588 3726 quoque
2609 3671 2672 3710 ea
2701 3656 3086 3726 desumpsisse.

1906 3747 1992 3802 10.
2027 3745 2349 3802 Conﬁrmari
2405 3747 2521 3800 haec
2552 3755 2790 3815 possunt
2823 3760 2890 3802 ex
2948 3746 3014 3801 iis
3061 3761 3180 3815 qua:
3226 3754 3420 3803 auctor

1835 3839 2030 3910 prioris
2076 3838 2315 3907 Catalogi
2350 3837 2515 3891 habet
2556 3837 2607 3890 in
2637 3836 2905 3904 Fabiano,
2937 3838 3189 3894 Cornelio
3226 3848 3281 3894 et
3307 3839 3417 3894 Lu-

1835 3931 1920 3984 cio
1969 3930 2198 3984 snmmis
2233 3927 2579 3997 pontiﬁcibus
2615 3946 2627 3981 :
2679 3945 2802 3982 nam
2838 3945 2958 3998 qua:
3010 3929 3176 3985 refert
3224 3931 3276 3985 in
3318 3929 3421 3985 Fa-

1834 4018 2014 4080 biano,
2041 4017 2237 4086 partim
2280 4017 2585 4085 descripsit,
2629 4017 2822 4084 partim
2865 4019 3055 4072 Omisit
3097 4026 3290 4075 auctor
3335 4035 3422 4075 sc-

1834 4108 1993 4164 cundi
2046 4105 2310 4176 Catalogi.
2363 4106 2492 4172 Qum
2552 4106 2701 4174 prior
2745 4107 3035 4176 Catalogus
3089 4109 3309 4162 exhibet
3366 4109 3419 4164 ia

1833 4196 2107 4261 Cornelio,
2155 4193 2425 4249 secundus
2467 4192 2758 4263 Catalogus
2799 4195 2958 4264 plane
3002 4197 3204 4258 omisit,
3252 4203 3306 4251 et
3348 4212 3416 4252 ne

1833 4289 2058 4364 verbum
2109 4286 2328 4356 quidem
2365 4300 2432 4339 ex
2481 4286 2548 4340 iis
2589 4285 2792 4340 retulit.
2818 4286 2946 4352 Quae
2989 4296 3176 4341 auctor
3220 4287 3420 4356 prioris

1833 4377 2072 4449 Catalogi
2105 4377 2271 4431 refert
2297 4376 2349 4430 in
2378 4375 2562 4440 Lucio,
2607 4385 2798 4430 auctor
2838 4377 3058 4432 secundi
3090 4377 3206 4432 fere
3236 4379 3418 4433 omnia

1833 4469 2097 4526 verbatim
2139 4468 2443 4537 descripsit,
2487 4477 2545 4521 ut
2592 4467 2889 4522 conlerenti
2933 4477 3224 4539 utrumque
3275 4470 3420 4523 hunc

169 4553 273 4626 logo
332 4575 362 4614 a
413 4559 635 4614 Liber-io
675 4573 846 4628 usque
890 4557 956 4612 ad
1014 4565 1255 4628 tempora
1319 4557 1545 4614 Joannis
1598 4557 1618 4612 l
1673 4565 1726 4610 et
1754 4556 1805 4615 D
1831 4559 2146 4630 Catalogum
2176 4557 2458 4613 manifeste
2479 4559 2698 4626 patebit.
2728 4558 3070 4613 Prtetcrhazc
3095 4569 3273 4614 autem
3299 4570 3418 4614 acta

169 4645 342 4705 Felicis
367 4652 576 4722 quarti,
607 4664 835 4720 quormn
862 4649 1091 4705 duorum
1136 4657 1379 4718 tempora
1419 4656 1608 4702 auctor
1635 4663 1730 4717 per

168 4741 387 4813 singulos
433 4744 705 4814 designat,
736 4744 862 4814 quia
904 4744 1006 4800 sub
1049 4742 1154 4798 illis
1192 4743 1327 4799 vixit
1367 4743 1728 4812 scripsitque;

171 4834 294 4887 unde
320 4846 373 4890 et
401 4852 526 4891 cum
556 4837 622 4892 iis
650 4837 810 4890 linem
841 4835 1096 4905 Catalogo
1127 4834 1372 4905 imponit.

231 4927 280 4982 9.
317 4927 427 4984 Nec
463 4929 575 4985 sola
605 4929 885 4985 consulum
913 4929 1151 4994 nomina,
1185 4928 1277 4983 sed
1308 4926 1561 4982 nonnulla
1591 4942 1732 4997 quo-

170 5031 261 5085 que
285 5022 598 5089 pontiﬁcum
637 5022 770 5078 Acta
801 5036 866 5076 ex
895 5021 1070 5091 primo
1110 5019 1368 5088 Catalogo
1411 5027 1601 5073 auctor
1647 5034 1734 5076 se-

171 5111 313 5164 cundi
350 5112 594 5180 Catalogi
650 5127 716 5168 eo
763 5113 921 5167 modo
971 5109 1338 5179 desumpsisse
1384 5107 1618 5172 videtur,
1673 5116 1738 5162 ut

175 5206 334 5254 tamen
362 5201 570 5256 licitum
599 5201 701 5260 sibi
741 5202 1053 5266 crediderit,
1086 5201 1154 5256 iis
1191 5200 1517 5272 quandoque
1557 5198 1739 5271 negle-

173 5289 299 5352 ctis,
334 5291 551 5346 aliunde
586 5300 706 5347 aeta
743 5293 971 5349 referre.
1026 5291 1118 5348 Sic
1167 5292 1416 5362 quamvis
1463 5291 1516 5344 in
1564 5290 1739 5362 primo

177 5378 416 5452 Catalogo
463 5383 725 5438 habeatur
767 5386 833 5438 de
880 5383 1039 5439 Petro
1085 5403 1099 5438 :
1153 5382 1353 5438 Passus
1401 5391 1576 5436 autem
1621 5397 1739 5434 cum

180 5467 331 5528 Paulo
371 5474 473 5541 die
503 5491 560 5530 ιιι
613 5473 883 5530 Kalendas
921 5473 1118 5539 Iulias,
1171 5475 1316 5529 Coss.
1372 5471 1742 5542 suprascriptis

174 5556 443 5627 imperante
483 5564 730 5630 Nerone;
777 5573 833 5618 et
884 5574 1071 5620 auctor
1119 5562 1340 5620 secundi
1381 5561 1626 5634 Catalogi
1676 5575 1743 5615 ex

177 5648 329 5714 priori
363 5652 557 5709 habeat
583 5672 596 5708 :
636 5653 734 5708 Hic
763 5654 1016 5724 martyrio
1045 5670 1163 5708 cum
1194 5651 1365 5720 Paulo
1393 5663 1740 5706 coronatur...

178 5739 408 5812 μεθιειηεῑι
438 5755 620 5800 tamen
654 5762 667 5798 τ
700 5747 868 5817 quiet
915 5745 1146 5818 sepultus
1192 5755 1261 5799 est
1311 5743 1643 5822 ria'Aurelia
1690 5744 1741 5796 in

1837 4651 1998 4705 habet
2033 4649 2310 4718 antiquior
2341 4648 2630 4718 Catalogus
2663 4650 2717 4702 in
2753 4648 3061 4703 Marcellino
3091 4663 3105 4702 :
3142 4649 3258 4714 Quo
3287 4658 3418 4701 tem-

1835 4758 1959 4816 pore
1995 4741 2093 4809 fuit
2137 4739 2450 4809 persecutio,
2473 4748 2520 4791 et
2567 4738 2781 4792 cessavit
2813 4737 3138 4806 episc0patus
3166 4753 3290 4790 ann.
3319 4751 3419 4801 vu,

1838 4849 2002 4887 mens.
2018 4847 2066 4884 vr
2079 4871 2092 4896 ,
2107 4830 2242 4884 dieb.
2264 4844 2386 4884 xxv.
2404 4828 2533 4896 Qua:
2547 4829 2816 4884 secundus
2830 4827 3120 4895 Catalogus
3132 4827 3209 4880 sic
3224 4823 3419 4881 refert:

1843 4923 1957 4989 Quo
1999 4933 2224 4992 tempore
2280 4923 2378 4990 fuit
2435 4921 2722 4989 persecutio
2769 4935 3074 4988 magna.....
3118 4925 3166 4971 et
3207 4917 3423 4972 cessavit

1837 5016 2163 5084 episcopatus
2193 5029 2360 5066 annos
2397 5027 2501 5073 sex,
2533 5027 2730 5064 menses
2766 5025 2880 5071 sex,
2918 5008 3026 5062 dies
3056 5009 3235 5078 uiginti
3273 5009 3426 5078 quin-

1837 5121 1956 5176 que,
2005 5113 2339 5176 persequente
2389 5100 2710 5154 Diocletiano
2744 5097 3092 5152 Cltristianos.
3145 5098 3199 5150 ln
3226 5098 3426 5168 quibus

1841 5197 2044 5260 verbis,
2075 5211 2194 5264 qua:
2223 5190 2308 5246 ‘at'
2346 5190 2777 5262 persecutionem
2828 5197 3095 5259 spectant,
3139 5204 3203 5243 ex
3253 5189 3422 5260 priori

1841 5288 2098 5359 Calalogo
2125 5287 2394 5352 descripta
2432 5291 2592 5347 sunt;
2619 5297 2738 5351 qua:
2767 5280 2833 5336 ad
2866 5296 3038 5336 annos
3062 5280 3210 5335 sedis
3230 5295 3426 5333 vacan—

1850 5380 1918 5434 tis
1967 5379 2256 5449 pertincnt.
2313 5381 2516 5430 mutata
2574 5382 2731 5438 sunt;
2775 5389 2895 5442 quae
2941 5373 3008 5427 ad
3059 5371 3426 5442 persecutoris
3455 5431 3474 5448 κ

1849 5484 2040 5525 nomen
2070 5467 2306 5532 faciunt,
2355 5466 2571 5520 aliunde
2602 5465 2881 5535 desumpta
2915 5471 3062 5518 sunt.
3107 5461 3424 5532 Sequuntur

1849 5559 2065 5614 demum
2097 5556 2350 5612 nonnulla
2381 5565 2501 5611 acta
2532 5555 2582 5609 in
2620 5554 2762 5610 .lulio
2788 5553 2983 5624 primo,
3017 5551 3169 5619 cujus
3196 5549 3420 5604 mdifieia

1850 5665 2005 5723 sacra
2051 5657 2239 5702 auctor
2281 5646 2475 5720 prioris
2517 5645 2753 5716 Catalogi
2786 5651 3052 5708 recenset,
3097 5656 3324 5710 quorum
3358 5657 3424 5694 ne

1852 5746 2073 5802 verbum
2123 5741 2338 5812 quidem
2382 5740 2433 5795 in
2487 5739 2721 5796 secundo
2762 5736 3037 5806 Catalogo.
3088 5733 3240 5788 Unde
3290 5732 3424 5788 satis
