4010 6302
595 321 701 382 I87

1308 320 1403 376 AD
1439 316 1883 377 ANAS’I‘ASlUM
1923 313 2436 375 pnoteeouena
2473 312 2653 373 sorr.
2692 280 3141 371 acervans.

3761 312 3861 372 188

592 416 866 507 superque
892 450 958 491 ex
991 435 1139 491 Actis
1173 433 1313 504 ipsis
1334 434 1715 490 conﬁrmatum
1756 449 1877 490 esse
1903 442 2173 505 putamus,
2206 437 2250 496 Α
2280 431 2463 488 fuerit.
2498 433 2579 489 Ac
2603 413 2672 490 de
2696 432 2915 487 nomine
2939 431 3178 487 auctoris
3205 430 3336 486 nihil
3365 430 3497 487 mihi
3517 440 3859 505 cornpertaat

584 529 741 600 quod
793 527 1130 596 probandum
1194 526 1563 596 suScepimus,
1619 533 1895 581 auctorem
1950 524 2173 579 secundi

498 692 502 696 Δ
598 619 842 690 Catalogi
882 618 1016 673 Acta
1055 617 1275 687 quidem
1327 616 1581 673 nonnulla
1612 632 1676 672 ex
1714 615 2174 695 priori’Catalogo

591 712 977 782 descripsisse,
1037 710 1242 766 licitum
1288 718 1468 765 tamen
1518 709 1621 763 sibi
1665 709 2063 772 existimasse,
2105 708 2174 764 iis

592 804 918 875 quandoque
960 802 1212 867 omissis,
1263 802 1481 856 aliunde
1520 799 1663 855 Aeta‘
1703 800 2003 862 desumere,
2051 814 2173 869 quae

595 893 992 965 quamplurima
1031 892 1083 947 in
1116 892 1341 963 singulis
1365 890 1710 960 pontiﬁcibus
1741 890 1927 944 refert.

661 986 751 1042 11.
783 985 1016 1042 Adducit
1059 984 1206 1040 enim
1234 983 1537 1052 complura,
1567 996 1633 1036 ex
1675 980 1913 1050 antiquis
1957 986 2172 1035 sancto-

589 1094 711 1135 rum
743 1078 894 1134 Actis
923 1078 1238 1146 desumpta,
1285 1090 1513 1145 quorum
1559 1073 1738 1143 aliqua
1786 1072 1914 1127 licet
1958 1088 2067 1128 non
2106 1073 2173 1128 iis

589 1167 724 1239 ipsis
751 1168 1087 1238 temporibus
1111 1165 1418 1235 conscripta
1435 1164 1555 1219 sint
1579 1163 1775 1233 quibus
1804 1164 2168 1235 contigerunt,

586 1260 787 1317 sacqu
816 1270 993 1316 tamen
1024 1266 1177 1317 sexto
1204 1257 1530 1327 antiquiora
1567 1263 1694 1311 sunt
1737 1256 1943 1321 omnia,
1973 1264 2031 1311 et
2058 1255 2171 1326 ple

588 1368 818 1424 rumque
845 1369 922 1410 ex.
940 1353 1415 1425 proconsularibus
1439 1360 1735 1423 martyrum
1762 1353 1928 1422 gestis
1949 1361 2005 1407 et
2028 1352 2173 1408 veris

586 1455 897 1501 sanctorum
927 1446 1078 1500 Actis
1103 1444 1332 1500 deducta
1369 1443 1642 1498 videntur.
1672 1441 1764 1499 Sic
1789 1444 2077 1499 dicendum
2104 1445 2171 1500 de

584 1532 803 1605 iisquae
835 1546 1026 1591 auctor
1062 1536 1223 1607 hujus
1252 1535 1492 1606 Catalogi
1522 1535 1694 1589 tradit
1723 1535 1775 1588 in
1799 1534 2171 1590 'Alexandrol

572 1625 654 1682 "de
679 1624 905 1683 Eventio
931 1636 988 1682 et
1006 1626 1316 1690 Theodulo;
1347 1641 1468 1697 qua:
1492 1627 1559 1681 de
1589 1626 1874 1682 Valeriano
1905 1626 1966 1683 S.
1994 1627 2168 1682 Casci-

581 1717 679 1774 ηαξ
696 1732 900 1790 Sponsa
924 1718 1094 1774 refert
1118 1718 1170 1773 in
1200 1717 1458 1779 Urbano:
1484 1733 1604 1787 qua:
1640 1718 1708 1774 de
1735 1718 1797 1774 Β.
1824 1718 2028 1774 Lucina
2053 1728 2168 1774 tra-

2268 534 2403 591 est,
2428 541 2552 581 cum
2597 525 2888 596 Catalogus
2917 526 3153 595 scriptus
3204 524 3275 580 sit
3311 533 3465 580 sexto
3497 524 3718 589 saeculo,
3752 541 3860 595 quo

2276 633 2435 673 nemo
2458 633 2491 673 e
2515 619 2790 675 veteribus
2814 618 2946 675 Acta
2971 620 3334 676 llotuanorum
3355 619 3671 688 pontificum
3697 617 3863 676 colle-

2260 711 2417 781 gisse
2448 722 2798 767 memoratur.
2828 713 3097 780 Quantum
3123 721 3299 767 tamen
3322 728 3389 767 ex
3412 711 3563 767 Actis
3591 711 3727 783 ipsis
3749 710 3863 768 coi—

2274 802 2364 872 ligi
2393 802 2622 869 videtur,
2655 812 2848 859 auctor
2873 802 3058 857 Romae
3082 800 3281 867 floruit,
3309 811 3365 856 et
3393 803 3614 858 archiva
3642 812 3861 872 aposto-

2273 894 2377 950 lico
2405 894 2587 950 forsan
2618 894 2939 965 praepositus
2968 894 3083 949 fuit.
3107 893 3260 961 Quod
3283 895 3426 948 enim
3448 903 3640 949 auctor
3670 894 3859 950 Roma:

2272 986 2575 1057 scripserit,
2602 985 2805 1041 indicat
2843 1000 3038 1057 magna
3075 1000 3257 1039 rerum
3287 982 3452 1040 Urbis
3489 994 3544 1039 et
3584 984 3704 1055 agri
3747 984 3857 1039 R0-

2273 1079 2417 1133 mani
2441 1078 2632 1134 notitia
2662 1093 2822 1148 quam
2852 1078 3064 1133 habuit.
3095 1075 3291 1133 Omnia
3329 1076 3669 1139 cmmeteria,
3692 1077 3857 1130 etiam

2271 1186 2433 1240 quam
2466 1169 2779 1241 longissime
2805 1168 2874 1224 ab
2902 1166 3049 1225 Urbe
3071 1169 3193 1232 sita,
3225 1167 3406 1222 omnia
3429 1166 3681 1237 sepulcra
3710 1182 3857 1219 mar-

2272 1268 2474 1331 tyrum,
2503 1259 2670 1315 etiam
2713 1259 2768 1314 in
2799 1259 3005 1330 cryptis
3037 1266 3094 1313 et
3127 1258 3383 1314 cavernis
3422 1259 3622 1330 posita,
3664 1274 3860 1319 omnes

2271 1352 2529 1409 ecclesias
2556 1361 2610 1408 et
2638 1352 2889 1423 regiones
2917 1349 3100 1416 Urbis,
3136 1366 3327 1407 omnes
3353 1351 3610 1421 reliquias
3641 1359 3700 1406 et
3732 1351 3859 1405 titu-

2273 1443 2374 1509 los,
2404 1459 2594 1500 omnes
2626 1445 2743 1500 vias
2787 1444 3107 1514 viarumque
3152 1444 3474 1508 distantias,
3510 1451 3714 1498 canora
3764 1444 3859 1498 de-

2273 1548 2418 1591 mum
2445 1537 2626 1592 omnia
2660 1544 2946 1606 perspecta
2973 1535 3186 1590 habuit.
3236 1534 3391 1602 Quod
3422 1543 3604 1589 autem
3633 1532 3862 1588 arcbiro

2273 1628 2573 1697 apostolico
2603 1627 2787 1682 forsan
2818 1625 3107 1697 prtefectus
3128 1624 3311 1692 fuerit,
3338 1624 3529 1681 deduci
3555 1625 3775 1678 videtur
3793 1637 3860 1678 ex

2272 1719 2346 1775 iis
2374 1735 2495 1790 qua:
2517 1719 2682 1776 habet
2720 1719 2788 1775 de
2819 1719 2998 1774 Leone
3036 1716 3228 1788 Magno
3259 1733 3274 1770 :
3325 1714 3430 1770 Hic
3458 1715 3577 1785 fecit
3605 1713 3861 1785 epistolas

581 1807 666 1862 dit
723 1808 777 1863 in
828 1807 1118 1875 Cornelio;
1166 1824 1285 1878 qua:
1313 1809 1381 1863 de
1416 1807 1477 1862 Β.
1525 1808 1818 1865 Laurentio
1874 1821 2061 1866 narrat
2108 1811 2164 1866 in
2200 1795 2242 1856 Β
2274 1810 2470 1865 multas
2497 1826 2758 1880 exponens
2779 1810 2939 1880 fidem
2963 1808 3276 1864 catholicam
3303 1817 3520 1880 rectam,
3547 1823 3673 1879 qua:
3703 1807 3862 1862 hodie

581 1899 771 1972 Xysto.
804 1901 959 1972 cujus
985 1901 1231 1969 martyrii
1274 1900 1406 1956 Acta
1440 1901 1501 1955 D.
1526 1901 1796 1957 Ambrosii
1822 1903 2164 1972 temporibus

581 1993 1017 2064 reperiebantur.
1045 1992 1157 2048 Nec
1179 1992 1294 2048 sola
1331 2003 1628 2064 martyrum
1654 1992 1787 2048 Acta
1823 1992 1918 2048 sed
1963 1993 2165 2050 statuta

579 2100 797 2157 quoque
830 2100 928 2156 pro
966 2084 1253 2155 disciplina
1286 2084 1543 2139 Ecclesiae
1568 2084 1710 2138 edita
1730 2084 1949 2139 exhibet
1975 2095 2167 2140 auctor

580 2177 636 2231 in
680 2176 906 2248 singulis
951 2177 1338 2245 pontificibus:
1384 2175 1552 2230 refert
1596 2177 1738 2231 enim
1770 2176 1822 2229 in
1848 2174 1983 2230 Lino
2018 2177 2162 2245 quod

582 2268 834 2324 statuerit
855 2278 914 2323 ut
937 2269 1131 2324 mulier
1154 2270 1206 2324 in
1236 2269 1465 2324 ecclesia
1487 2269 1662 2324 velato
1682 2269 1860 2338 capite
1881 2269 2159 2336 introiret;

583 2361 638 2415 in
672 2359 858 2432 Xysto,
893 2362 1035 2433 quod
1064 2361 1407 2417 constituerit
1431 2370 1490 2415 ut
1512 2362 1812 2416 ministeria
1853 2376 2009 2417 sacra
2054 2377 2160 2417 non

580 2463 954 2523 tangercntnr,
1009 2454 1112 2510 nisi
1165 2472 1196 2510 a
1244 2455 1546 2522 ministris;
1597 2457 1649 2512 in
1702 2457 1961 2523 Auiccto,
2017 2460 2161 2529 quod

568 2544 800 2614 jusserit
844 2560 914 2601 ne
951 2546 1184 2602 clericus
1231 2562 1443 2603 comam
1498 2549 1770 2603 nutriret:
1825 2550 1877 2604 in
1920 2551 2157 2617 Victore,

574 2638 725 2707 quod
743 2636 996 2692 statuerit
1030 2645 1086 2691 ut
1113 2638 1311 2708 pascha
1340 2639 1424 2693 die
1453 2638 1731 2694 Dominico
1752 2640 2156 2696 celebraretur:

575 2727 630 2782 in
666 2727 853 2792 Lucio,
886 2728 1029 2797 quod
1057 2714 1377 2798 praeceperit
1410 2736 1469 2783 ut
1496 2728 1601 2784 duo
1629 2733 1951 2802 presbyteri,
1972 2740 2028 2786 et
2050 2740 2162 2788 tres

574 2817 787 2872 diaconi
816 2817 869 2872 in
902 2819 1050 2873 omni
1080 2818 1198 2875 loco
1233 2820 1544 2892 cpiscOpum
1579 2838 1685 2877 non
1730 2822 2075 2892 desererent;
2106 2834 2162 2881 et

572 2908 655 2963 sic
681 2908 737 2963 in
770 2908 891 2964 aliis
910 2910 1278 2980 pontificibus,
1305 2927 1424 2982 qua:
1451 2913 1612 2969 nimis
1638 2914 1856 2987 longum
1882 2926 2026 2973 esset
2048 2918 2161 2974 sin-

573 2997 697 3069 gula
726 3013 1075 3065 enumerare,
1099 3009 1154 3055 et
1177 3000 1334 3057 facile
1368 3003 1535 3058 videri
1567 3015 1792 3074 possunt
1820 3006 1872 3060 in
1905 3007 2019 3076 ipso
2050 3007 2156 3063 Ca-

574 3088 777 3160 talngo,
810 3104 877 3145 ex
909 3105 1017 3159 quo
1044 3090 1145 3145 hoc
1175 3107 1342 3146 unutn
1381 3093 1645 3149 duntaxat
1684 3094 1969 3165 adjungam
2013 3098 2157 3168 quod

574 3179 628 3232 in
670 3179 896 3249 singulis
924 3181 1268 3250 pontificibus
1303 3183 1503 3239 referat
1528 3195 1658 3254 quot
1684 3186 2054 3243 ordinationes
2084 3188 2160 3243 fe-

572 3274 765 3333 cerint.
792 3285 847 3329 et
882 3287 1013 3346 quot
1056 3277 1359 3348 episcopos,
1403 3280 1739 3346 sacerdotes,
1785 3296 1850 3337 ac
1896 3283 2155 3339 diaconos

572 3370 964 3435 consecrarint,
984 3371 1289 3440 incipiendo
1311 3388 1338 3426 a
1364 3371 1643 3427 Clemente
1666 3372 1709 3437 l,
1738 3374 1790 3427 in
1817 3390 1925 3444 quo
1955 3376 2153 3431 refert:

572 3458 677 3515 Hic
707 3461 825 3532 fecit
850 3461 1207 3516 ordinationes
1232 3472 1357 3528 tres,
1379 3462 1703 3534 presbyteros
1724 3466 1810 3529 10,
1833 3466 2083 3522 diaconos
2096 3469 2151 3531 2,

571 3551 837 3621 episcopos
861 3568 953 3619 per
981 3551 1184 3606 diversa
1214 3551 1329 3607 loca
1374 3552 1429 3607 5.
1480 3552 1537 3608 In
1579 3554 1828 3611 Evaristo
1856 3573 1871 3610 :
1898 3555 2002 3627 llic
2032 3558 2154 3627 fecit

572 3641 929 3694 ordinationes
974 3647 1233 3712 quatuor,
1285 3643 1611 3714 presbyteros
1655 3644 1742 3712 17,
1789 3645 2039 3701 diaconos
2085 3648 2153 3712 9,

571 3730 838 3800 episcopos
863 3749 956 3802 per
977 3731 1183 3787 diversa
1212 3734 1327 3788 loca
1360 3734 1457 3799 l5;
1488 3746 1542 3790 et
1574 3734 1647 3790 ita
1691 3737 1744 3791 in
1786 3736 1906 3792 aliis
1939 3738 2155 3808 pontiﬁ-

570 3818 728 3877 cibus
757 3837 926 3891 usque
969 3823 1035 3877 ad
1061 3822 1423 3889 llormisdam,
1453 3826 1507 3881 in
1535 3841 1641 3896 quo
1671 3836 1860 3883 auctor
1902 3845 2008 3884 non
2055 3831 2153 3885 ad-

570 3916 726 3981 notat
770 3928 1055 3968 numerum
1098 3914 1523 3982 ordinationnm,
1571 3917 1939 3982 diaconorum,
1974 3934 2152 3976 sacer-

568 3999 756 4057 dotum
785 4002 865 4055 vel
894 4004 1295 4074 episcoporum,
1343 4008 1436 4061 sed
1465 4007 1785 4078 simpliciter
1813 4008 2015 4065 refert:
2049 4011 2153 4067 Hic

567 4087 691 4161 fecit
718 4092 1095 4158 ordinationes,
1126 4095 1470 4165 presbyteros,
1501 4099 1767 4170 episcopos
1794 4118 1890 4171 per
1918 4103 2054 4157 loca.
2083 4103 2152 4159 Et

567 4181 623 4236 in
655 4179 863 4239 Joanne
906 4183 1209 4240 Hortnisdae
1251 4202 1608 4243 successore:
1654 4189 1759 4243 Hic
1788 4193 2151 4250 ordinationes

567 4274 691 4344 fecit
716 4294 808 4346 per
836 4277 972 4331 loca.
1005 4278 1062 4332 In
1103 4279 1282 4335 Felice
1317 4290 1520 4345 autem,
1553 4280 1778 4338 Joannis
1803 4300 2147 4354 successore,

572 4367 627 4421 in
659 4382 766 4437 quo
792 4368 1080 4441 Catalogus
1107 4371 1303 4425 desinit
1332 4388 1523 4429 rursus
1549 4372 1711 4429 habet
1744 4391 2029 4432 numerum
2065 4379 2150 4434 bis

567 4458 780 4562 verbis:
802 4458 907 4513 Hic
929 4462 1051 4564 [erit
1082 4455 1438 4517 ordinationes
1465 4464 1621 4531 duas,
1650 4467 1974 4538 presbyteros
1996 4473 2149 4543 quin-
2175 4502 2230 4564 Β

563 4550 817 4620 quaginta
862 4545 1107 4623 quinque,
1155 4554 1404 4610 diaconos
1451 4566 1697 4626 quatuor,
1746 4560 2011 4630 episcopos
2056 4579 2150 4633 per

563 4639 680 4695 loca
709 4640 890 4712 viginti
933 4659 1133 4698 novem.
1185 4643 1262 4699 Ex
1290 4645 1487 4717 quibus
1526 4648 1721 4720 colligo
1760 4659 2039 4708 auctorem
2079 4669 2145 4709 ex

563 4731 745 4803 aliquo
791 4732 1051 4790 Romanae
1100 4735 1354 4793 Ecclesize
1413 4748 1627 4809 regesto
1676 4750 1771 4796 aut
1812 4745 2148 4802 monimento

562 4830 690 4877 ante
720 4819 1018 4880 Hormisdte
1049 4833 1288 4897 tempora
1321 4830 1631 4899 conscripto
1652 4832 2021 4903 desumpsisse
2051 4850 2147 4892 nov

564 4913 737 4969 titiam
759 4916 1157 4972 ordinationnm
1180 4935 1194 4985 ;
1220 4918 1340 4974 ideo
1359 4928 1539 4976 autem
1563 4937 1737 4993 neque
1758 4924 1811 4979 in
1830 4924 2143 4992 llormisda,

562 5019 741 5075 neque
768 5007 819 5061 in
854 5006 1081 5077 Joanne,
1121 5011 1213 5067 sed
1240 5012 1413 5067 solum
1446 5012 1497 5068 in
1521 5013 1702 5070 Felice
1729 5013 1798 5070 IV
1827 5016 2141 5084 adnotasse,

563 5099 689 5171 quia
723 5100 1000 5157 desidente
1040 5112 1252 5174 regesto
1296 5115 1389 5160 aut
1431 5107 1784 5172 monimento,
1836 5124 1941 5164 non
1975 5110 2144 5165 babe-

564 5191 660 5247 bat
702 5192 862 5247 aliam
897 5194 1000 5248 hac
1043 5195 1109 5249 de
1155 5211 1212 5249 re
1253 5197 1496 5253 notitiam
1545 5215 1711 5269 quam
1751 5214 1872 5269 qum
1907 5210 2144 5272 tempore

560 5282 760 5339 Felicis
785 5283 987 5360 quarti,
1015 5284 1114 5338 sub
1143 5301 1250 5355 quo
1273 5286 1508 5355 vivebat,
1545 5288 1613 5343 ad
1654 5303 1816 5344 aures
1860 5305 1986 5346 suas
2022 5306 2145 5362 per-

510 5400 521 5411 ⁴
559 5383 805 5428 Ὕνηὸΐειίσ

633 5462 723 5517 1‘2.
762 5465 935 5536 Atque
966 5466 1079 5521 tunc.
1101 5467 1315 5537 quidem
1344 5468 1613 5525 sufficiant
1633 5471 1700 5526 de
1721 5472 1960 5529 secundo
1983 5472 2144 5530 Cata-

558 5552 704 5624 lngo,
736 5555 801 5609 de
831 5571 958 5626 quo,
998 5557 1122 5627 quia
1150 5552 1499 5628 sequentibus
1534 5560 1801 5630 capitibus
1841 5562 2007 5617 multa
2037 5563 2139 5618 alia

559 5646 990 5712 observabimus,
1032 5649 1133 5705 hoc
1163 5648 1280 5705 loco
1313 5650 1689 5721 inquirendum
1733 5663 1958 5709 restata
2006 5671 2141 5725 quo-

560 5752 685 5791 nam
739 5748 959 5796 auctore
1004 5741 1091 5797 hic
1131 5740 1419 5814 Catalogns
1454 5754 1506 5799 Ct
1550 5744 1767 5800 ubinam
1808 5748 2139 5818 compositus

2187 3145 2234 3209 ε

2275 1902 2490 1957 archiva
2513 1901 2766 1958 Ecclesia:
2797 1901 3049 1956 Romana:
3071 1911 3331 1955 tenentur.
3368 1899 3435 1954 Et
3454 1915 3523 1954 ex
3548 1899 3695 1954 actis
3722 1898 3862 1953 Hor-

2268 1993 2480 2058 misdaz,
2505 1994 2560 2048 in
2589 1994 2787 2063 quibus
2809 2002 3001 2048 auctor
3040 1992 3224 2058 refert,
3265 2007 3334 2048 ex
3367 1992 3626 2047 mandato
3658 1988 3859 2048 Justini

2266 2097 2455 2139 onmes
2483 2084 2765 2154 episcopos
2796 2084 2974 2140 libello
3002 2083 3283 2140 catholicae
3323 2082 3447 2139 ﬁdei
3493 2082 3860 2152 subscripsis-

2267 2186 2326 2228 se
2351 2191 2363 2226 :
2392 2173 2496 2239 Qui
2523 2183 2696 2229 textus
2718 2173 2901 2240 libelli,
2933 2175 3123 2243 inquit,
3161 2174 3317 2227 hodie
3344 2173 3558 2228 archiva
3586 2173 3855 2228 recondi-

2264 2274 2351 2319 tus
2379 2275 2599 2321 tenetur.
2633 2266 2915 2335 Quomodo
2949 2268 3093 2321 enim
3127 2277 3315 2320 auctor
3340 2265 3648 2319 Romanum
3676 2264 3859 2320 archi-

2268 2372 2396 2411 vum
2436 2359 2680 2423 citasset,
2732 2358 2836 2413 nisi
2877 2358 3004 2412 illud
3040 2357 3262 2412 vidisset
3293 2356 3452 2426 eique
3493 2354 3679 2410 forsan
3720 2369 3859 2427 pra:-

2265 2449 2476 2519 positus
2504 2449 2714 2505 fuisset.
2743 2449 2838 2504 ille
2862 2463 2992 2504 sane
3032 2464 3154 2518 qua:
3179 2449 3244 2502 de
3269 2447 3603 2518 singulorum
3637 2448 3861 2518 pontifi.

2262 2555 2387 2597 cum
2431 2541 2680 2607 decretis,
2727 2541 2796 2596 de
2845 2556 3032 2596 eorum
3079 2537 3273 2611 gestis,
3325 2539 3394 2595 de
3444 2540 3857 2610 episcOpot-um,

2263 2635 2706 2705 presbyterorum
2733 2643 2787 2689 et
2814 2633 3167 2690 diaconorutn
3198 2632 3632 2688 ordinationibus
3654 2632 3859 2701 ubique

2264 2724 2521 2790 afﬁrmat,
2566 2725 2709 2782 clare
2745 2726 2990 2780 indicant
3017 2734 3294 2779 auctorem
3329 2739 3395 2777 ea
3436 2721 3621 2777 omnia
3662 2737 3733 2776 ex
3771 2737 3857 2777 τοι

2263 2817 2430 2887 gestis
2441 2816 2650 2871 archivi
2667 2805 3054 2886 desumpsisse,
3067 2816 3203 2868 adeo
3221 2824 3272 2867 ut
3284 2854 3299 2881 ,
3322 2812 3371 2868 si
3383 2811 3529 2868 sedis
3541 2810 3861 2883 aposton

2260 2906 2704 2962 bibliodtecarius
2739 2921 2847 2960 non
2870 2904 3049 2969 fuerit,
3075 2918 3353 2959 accessum
3378 2902 3447 2957 ad
3464 2900 3859 2957 bibliothecam

2263 3000 2598 3070 pontiﬁciam
2632 2999 2887 3055 habuisse
2910 2999 3214 3055 censendus
3239 2998 3330 3055 sit.

2894 3150 3123 3209 CAPUT
3166 3151 3243 3223 v.

2745 3244 2823 3301 De
2851 3245 3007 3300 Libro
3042 3242 3367 3313 Pontiﬁcali.

2261 3371 2300 3422 ι.
2323 3371 2487 3440 _l.iber
2527 3375 2815 3428 Pontiliealis
2847 3379 3051 3440 primum
3074 3390 3101 3425 a
3129 3378 3278 3440 Petro
3301 3375 3491 3427 Crabbe
3512 3376 3660 3425 tomis
3680 3377 3859 3440 Conci-

2321 3434 2498 3501 liorum
2527 3440 2758 3494 insertus.
2786 3434 2966 3501 sanna:
2987 3440 3170 3489 deinde
3193 3453 3218 3489 a
3244 3439 3653 3501 Baronloicitstus
3681 3439 3732 3488 in
3756 3440 3861 3490 Διι-

2321 3497 2528 3560 nalibus,
2558 3503 2682 3562 typis
2701 3497 2897 3551 demum
2938 3503 3198 3562 tinguntur
3232 3512 3359 3549 anno
3391 3500 3512 3549 1602
3534 3502 3740 3560 integre
3765 3513 3862 3551 ex-

2317 3571 2462 3625 cusas
2485 3569 2577 3612 est.
2596 3588 2657 3597 —
2679 3563 2737 3612 ll.
2759 3564 2871 3614 Post
2896 3564 3231 3625 Moguntinatn
3254 3562 3523 3611 editionem
3546 3562 3735 3625 ρηκίἱὶι
3762 3562 3858 3612 Pa-

2319 3622 2541 3673 risiensls
2563 3626 2830 3674 Annalibus
2855 3621 3096 3683 Fabrbtti,
3121 3626 3201 3682 qui
3241 3626 3288 3673 ei
3326 3624 3568 3671 variantes
3600 3621 3860 3676 lectiones

2320 3696 2380 3729 ex
2408 3687 2627 3743 quinque
2653 3701 2767 3740 mss.
2794 3688 3038 3735 rolicibus
3059 3686 3290 3745 subiecit,
3315 3696 3519 3745 quorum
3554 3690 3655 3733 duo
3693 3686 3745 3733 in
3776 3685 3861 3734 lii-

2321 3745 2578 3795 ltliutbecis
2601 3748 2874 3796 Germania:
2892 3787 2906 3809 ,
2933 3754 3036 3797 tres
3061 3749 3109 3796 in
3134 3747 3398 3809 Galliarum
3417 3746 3735 3795 bibliothecis
3762 3761 3856 3797 ex-

2315 3815 2465 3855 stant.
2484 3832 2543 3842 —
2586 3808 2665 3871 lli.
2693 3810 2847 3871 Opus,
2877 3807 3005 3869 quod
3035 3808 3250 3871 _Auntbal
3283 3807 3548 3871 Fabrottus
3585 3819 3642 3855 se
3672 3809 3858 3871 incor-

2319 3877 2506 3930 rectum
2528 3868 2786 3930 reliqtti~s-~
2810 3871 3008 3928 fatetur,
3035 3868 3184 3917 Lucas
3209 3869 3487 3918 llolstenins
3508 3880 3570 3916 ex
3592 3869 3860 3930 codicibus

2318 3928 2580 3987 Vaticanis.
2610 3928 2798 3991 lt'egiis,
2835 3931 3095 3991 Medicaeis,
3138 3931 3528 3990 Cassinensibus,
3566 3936 3617 3978 et
3661 3928 3859 3980 Fsrne~

2315 3993 2452 4040 siano
2478 3996 2693 4042 omnium
2716 3995 3047 4056 antiquissimo
3068 3994 3416 4054 corrigendum
3440 3996 3700 4056 suscepit;
3721 3995 3860 4050 ejus-

2316 4066 2416 4112 que
2441 4056 2590 4117 verba
2615 4056 2678 4117 de
2710 4051 3095 4117 mssfcodicibns
3113 4090 3126 4111 ,
3151 4051 3330 4117 quibus
3356 4065 3472 4117 usus
3492 4051 3598 4117 est,
3623 4051 3858 4103 amarun-

2319 4121 2413 4163 tur.
2443 4141 2503 4150 —
2529 4115 2606 4164 IV.
2633 4116 2702 4164 lix
2724 4117 2892 4165 codice
2918 4114 3215 4164 Farnesiatio
3236 4116 3489 4164 adducitur
3514 4114 3859 4173 fragmentum

2317 4178 2425 4225 tice
2451 4176 2613 4232 Ξεναίί
2636 4178 2696 4234 ll,
2721 4179 2955 4227 hactenus
2975 4179 3230 4232 ineditum.
3247 4185 3303 4226 et
3324 4178 3571 4226 variantes
3594 4177 3858 4228 lectiones

2316 4250 2381 4301 eg
2406 4242 2707 4301 autographa
2722 4238 2957 4288 iiolstenii
2982 4240 3365 4301 exhibentur—
3387 4236 3443 4285 V.
3470 4236 3520 4285 in
3543 4235 3695 4301 Libro
3721 4238 3858 4286 Poo-

2315 4298 2478 4349 tillcali
2519 4298 2693 4349 additae
2730 4310 2844 4349 sunt
2877 4300 3154 4360 complures
3175 4302 3462 4349 donationes
3487 4301 3599 4359 pie,
3622 4299 3861 4351 basilicis

2317 4360 2460 4410 Urbis
2483 4363 2636 4411 facta».
2661 4387 2723 4398 -—
2746 4361 2828 4411 Vl.
2860 4363 3116 4423 complura
3153 4374 3350 4423 quoque
3391 4370 3662 4423 martyrum
3706 4363 3856 4421 Acta,

2315 4425 2445 4472 inter
2461 4436 2572 4484 quae
2593 4424 2707 4473 licet
2727 4422 2953 4472 nonnulla
2972 4437 3031 4471 ex
3055 4423 3382 4472 monumentis
3398 4422 3557 4470 dubiis
3576 4423 3854 4485 desumpta

2314 4484 2429 4541 sint,
2456 4484 2535 4533 illa
2560 4492 2723 4534 tamen
2747 4487 2809 4533 ab
2832 4486 3091 4546 antiquiori
3125 4498 3231 4534 aevo
3250 4520 3265 4546 ,
3292 4492 3345 4533 et
3367 4486 3665 4546 quandoque
3692 4496 3721 4529 I
3752 4490 3861 4545 pri-

2316 4547 2410 4597 mis
2433 4546 2665 4596 Ecclesiae
2689 4546 2877 4595 saeculis
2902 4544 3132 4595 eitittsse
3155 4544 3423 4595 censue-’—
3445 4544 3545 4594 Vit
3574 4546 3703 4594 Arta
3728 4544 3860 4605 tion-

2318 4606 2501 4658 tiﬁcum
2528 4623 2553 4656 a
2578 4608 2727 4658 Petro
2750 4610 2967 4669 apostolo
2992 4620 3147 4668 usque
3182 4609 3240 4656 ad
3270 4607 3635 4657 Constantinum
3674 4620 3859 4668 papam

2315 4669 2564 4733 breviora,
2599 4682 2627 4718 a
2657 4669 2969 4733 Constantino
3003 4681 3167 4733 usque
3198 4670 3259 4718 ad
3296 4669 3598 4733 Stephanum
3637 4677 3859 4733 sextum

2316 4728 2846 4794 smptiora'sutit,._sdeo
2884 4739 2940 4783 ut
2973 4728 3120 4782 totam
3144 4728 3302 4781 ferme
3324 4730 3573 4780 historiam
3596 4732 3861 4781 ecclesia-

2316 4791 2487 4844 sticam
2509 4791 2944 4857 comprehendant.

2323 4921 2376 4976 1.
2407 4919 2701 4990 Postquam
2733 4918 2940 4991 egimus
2967 4917 3036 4973 de
3061 4916 3272 4973 duobus
3304 4915 3714 4988 antiquioribus
3746 4918 3861 4973 Ca-

2254 5011 2446 5082 tlogis
2491 5010 2857 5067 Romanorum
2905 5009 3244 5079 pontiﬁcum,
3284 5010 3453 5063 restat
3482 5015 3544 5062 ut
3575 5006 3650 5063 de
3675 5006 3862 5066 Libro

2251 5100 2554 5161 l’ontificali
2584 5110 2903 5165 tractemus,
2935 5118 3096 5173 quem
3134 5103 3345 5173 primus
3377 5118 3441 5158 ex
3467 5102 3858 5161 mss.'eodiei-

2252 5197 2351 5250 bus
2377 5195 2586 5251 eruisse
2611 5194 2824 5249 videtur
2848 5193 3043 5250 Petrus
3063 5194 3296 5258 Crabbe,
3334 5193 3427 5264 qui
3452 5206 3577 5248 eum
3604 5196 3855 5252 editioni

2249 5288 2616 5344 (Ionciliorum
2631 5286 2937 5342 Coloniensi
2953 5286 3079 5341 anni
3102 5285 3240 5341 1558
3258 5285 3488 5340 inseruit
3509 5286 3617 5341 hoc
3642 5287 3820 5341 titulo
3838 5305 3852 5341 :

2255 5379 2411 5434 Liber
2439 5375 2758 5448 Pontiﬁcum
2788 5394 2822 5430 a
2867 5376 3026 5432 Petro
3057 5392 3195 5446 papa
3221 5384 3384 5446 usque
3426 5375 3496 5428 ad
3547 5374 3854 5431 Nicolaum

2250 5487 2441 5542 papam
2465 5468 2518 5535 Ι,
2548 5470 2603 5522 in
2626 5486 2729 5541 quo
2751 5485 2930 5523 eorum
2961 5478 3104 5539 gesta
3126 5468 3514 5532 describuntur,
3543 5467 3856 5535 primorum

2250 5580 2343 5632 per
2364 5561 2656 5637 Damasum
2684 5576 2896 5632 papam,
2911 5565 2915 5569 ’
2930 5560 3259 5631 reliquorunt'
3276 5568 3451 5613 autem
3475 5575 3569 5628 per
3588 5558 3733 5612 alios
3761 5575 3853 5613 u-

2250 5663 2382 5708 teres
2426 5666 2489 5707 ac
2524 5653 2631 5722 [ide
2667 5654 2875 5724 dignos.
2933 5653 3081 5708 Vitas
3122 5653 3418 5722 primorum
3454 5650 3784 5721 pontificum
3814 5667 3850 5706 ι

2249 5748 2410 5807 l‘etro
2437 5762 2605 5819 usque
2636 5742 2704 5806 ad
2739 5745 3014 5804 Liberium
3045 5746 3179 5803 citat
3216 5762 3288 5804 ex
3324 5745 3489 5804 Libro
3521 5742 3846 5803 i’ontiflcali
