3924 5382
124 327 248 393 189

762 342 1183 400 SCIIELESTR.
1227 344 1535 403 DISSERT.
1579 344 1665 403 DE
1701 345 1926 415 ANTIQ.
1974 347 2137 404 ΝΟΜ.
2180 348 2377 407 PONT.
2420 354 2762 413 CATALOC.

3306 363 3405 420 rso

122 452 389 518 Damasi,
420 452 750 525 reliquorum
781 475 905 513 vero
942 475 971 513 a
1009 460 1236 514 Damaso
1265 478 1431 531 usque
1471 464 1537 517 ad
1579 462 1716 518 Leo—
1749 463 1794 521 Α
1825 461 2015 531 inquit,
2038 474 2091 517 et
2111 448 2339 521 furtasse
2368 470 2657 537 praestabat
2686 484 2977 538 paucorum
3003 487 3125 528 eum
3154 477 3401 531 manibus

124 559 264 597 nem
322 547 545 607 tertium
571 548 703 601 citat
732 567 796 602 ex
820 549 975 603 Libro
1010 548 1329 619 I’onti/icali.
1363 553 1523 621 Cujus
1561 553 1721 608 vesti-

121 634 239 705 giis
289 636 618 693 inhaerentes
661 640 983 695 Laurentius
1030 640 1240 707 Snrius,
1282 652 1337 696 et
1370 644 1459 713 qui
1506 644 1719 697 Surium

120 726 416 779 subsecuti
446 737 589 790 sunt,
624 728 988 785 Conciliorum
1023 734 1420 801 compilatores,
1450 733 1720 786 “onmno-

119 828 255 867 rtzm
294 818 615 883 pontificum
654 817 804 873 Vitas
844 821 1075 887 sparsim
1120 821 1421 877 collectioni
1451 823 1716 876 Concilio—

118 920 253 957 rum
282 904 654 971 inseruerunt,
684 909 760 961 uti
786 920 841 963 et
866 909 1165 967 Annalibus
1189 912 1337 981 plura
1364 912 1508 967 Libri
1536 914 1716 967 Ponti-

119 996 303 1050 ficalis
338 998 641 1067 fragmenta
668 1002 893 1055 inseruit
920 1002 1198 1063 Baronins,
1227 1006 1316 1074 qui
1346 1021 1468 1059 cum
1493 1023 1557 1058 cx
1583 1023 1711 1060 mss.

115 1088 412 1143 codicibus
454 1091 576 1145 libri
612 1094 767 1148 istius
797 1095 1055 1149 lectiones
1094 1095 1409 1165 frequenter
1429 1098 1713 1153 emendas-

114 1193 229 1248 set,
257 1188 609 1243 occasionem
664 1194 895 1260 pragbuit
941 1197 1148 1251 auctori
1193 1198 1547 1268 prmfationis,
1594 1213 1713 1266 qua:

117 1274 246 1327 libri
309 1276 469 1344 hujus
522 1280 746 1334 editioni
805 1281 1127 1354 Moguntina:
1185 1302 1327 1340 anno
1382 1287 1518 1341 1602
1574 1286 1713 1356 typis

115 1364 355 1421 Joannis
394 1368 574 1424 Albini
610 1372 806 1439 publici
832 1373 972 1441 juris
1000 1375 1153 1429 factae
1185 1378 1531 1445 praeponitur,
1559 1392 1708 1430 asse-

118 1454 274 1509 rendi
302 1474 315 1508 :
356 1475 374 1506 ι
402 1458 556 1524 Quod
588 1461 750 1515 variae
788 1462 1044 1518 lectiones
1076 1464 1155 1519 vel
1189 1482 1252 1519 ex
1284 1466 1493 1520 duobus
1518 1466 1710 1520 Conci-

115 1544 320 1601 liorum
366 1550 526 1604 tomis
569 1550 818 1607 Surianzn
862 1556 1137 1621 editionis,
1186 1557 1268 1612 vel
1304 1574 1371 1612 ex
1409 1556 1708 1612 Annalibus

112 1632 469 1703 liaronianis;
530 1640 585 1694 in
636 1642 830 1697 auibus
876 1646 1036 1701 verba
1081 1646 1349 1704 Anastasii
1392 1648 1591 1718 passim
1651 1649 1702 1703 in

112 1729 347 1798 singulis
373 1734 753 1800 pontificibus,
788 1740 972 1805 paucis
1003 1742 1407 1809 pnetermissis,
1428 1743 1691 1807 citantur,

1826 552 1924 605 teri
1957 593 1971 617 ,
2014 570 2175 623 quam
2230 557 2406 612 denuo
2465 574 2585 612 cum
2640 568 2715 613 tot
2762 562 2970 616 mendis
3014 565 3244 633 prodire.
3298 567 3403 621 Sed

1821 642 2038 695 omnino
2061 644 2250 699 melius
2266 656 2367 711 est,
2391 650 2550 702 etiam
2579 649 2933 706 inemendatis
2952 654 3260 709 auctoribus
3277 657 3401 719 frui,

1821 747 1982 801 quam
2011 735 2091 789 eis
2120 738 2334 805 penitus
2378 755 2582 793 carere.
2619 741 2834 796 Interim
2867 745 2991 797 dum
3025 744 3214 801 melior
3241 750 3405 805 editio

1818 834 2058 890 curetur,
2087 829 2266 882 varias
2288 830 2542 886 lectiones
2556 848 2619 887 ex
2649 834 2818 889 tribus
2833 837 3105 892 codicibus
3128 842 3401 897 veteribus

1816 930 2101 987 excerptas
2132 904 2459 991 adjecimus,
2503 940 2731 993 quorum
2764 942 2867 997 ope
2895 928 3011 981 sine
3042 930 3201 983 dubio
3236 934 3401 986 casti-

1815 1008 1992 1077 gatior
2018 1010 2183 1064 editio
2204 1014 2397 1079 poterit
2423 1015 2696 1068 adornari.
2727 1015 2817 1070 Usi
2847 1027 3024 1071 autem
3046 1035 3229 1075 sunms
3254 1024 3399 1091 regio

1815 1099 2032 1164 codice,
2064 1111 2118 1155 et
2168 1099 2469 1167 Mazarino,
2501 1121 2608 1174 quo
2635 1106 2850 1160 Gabriel
2882 1108 3148 1173 Naudeus,
3179 1114 3399 1180 pra'cel-

1815 1186 1973 1241 lentis
2005 1189 2267 1245 doctrina:
2293 1192 2395 1255 vir,
2430 1194 2845 1250 eminentissimi
2880 1197 3173 1253 cardinalis
3200 1199 3398 1255 biblio-

1818 1278 2023 1333 thecam
2076 1282 2248 1334 auxit.
2309 1282 2546 1353 Uterque
2594 1295 2771 1341 autem
2824 1288 3035 1342 videtur
3091 1290 3157 1343 ab
3208 1292 3397 1346 eodem

1812 1370 2103 1439 exemplari
2150 1387 2432 1439 manasse,
2486 1376 2539 1429 in
2581 1379 2763 1445 paucis
2790 1379 2934 1433 enim
2972 1381 3202 1436 invicem
3236 1382 3393 1438 ditl‘e~

1814 1468 1953 1513 runt.
1980 1459 2189 1515 Contuli
2216 1463 2379 1516 etiam
2402 1480 2522 1518 cum
2550 1466 2734 1520 codice
2755 1466 3397 1539 Thuano,antiquissimo

1811 1547 1901 1601 illo
1924 1550 2163 1618 quidem,
2186 1553 2276 1606 sed
2296 1554 2489 1607 scriba:
2514 1553 2717 1609 librarii
2742 1556 2951 1611 inscitia
2974 1558 3028 1612 in
3049 1558 3229 1614 multis
3251 1558 3393 1613 haud

1811 1639 1945 1693 satis
1973 1641 2277 1695 emendato.
2306 1662 2323 1693 ι

1878 1725 1931 1779 5.
1974 1728 2106 1782 Cum
2156 1746 2219 1784 ex
2273 1730 2543 1799 praedictis
2591 1729 2875 1788 Annibalis
2921 1734 3161 1790 Fabrotti
3214 1738 3392 1793 verbis

112 1828 242 1871 sunt
272 1821 594 1891 desumpta}.
634 1844 652 1876 ι
687 1826 858 1881 Porro
886 1828 1153 1884 Anastasii
1197 1833 1525 1887 mentionem
1550 1832 1697 1899 facit,

1807 1819 2091 1874 manifeste
2142 1829 2401 1890 appareat
2452 1822 2718 1877 editiones
2768 1824 2913 1878 Libri
2952 1824 3283 1881 Pontificalis
3322 1828 3389 1879 ad

116 1910 243 1977 quia
274 1910 375 1963 sub
396 1914 622 1968 nomine
641 1915 783 1970 illitis
807 1917 1022 1972 Librum
1046 1918 1415 1975 Pontilicalem
1441 1924 1702 1985 ediderat,

112 2001 214 2053 hoc
243 2001 319 2053 illi
353 2005 581 2071 pnelixo
610 2008 807 2061 titulo:
845 2012 1113 2063 Anastasii
1144 2011 1201 2065 S.
1243 2012 1305 2065 Π.
1340 2012 1403 2065 Ε.
1430 2014 1699 2067 bibliothe-

111 2092 242 2143 τριήὶ
302 2090 545 2148 Historia
587 2096 650 2150 de
716 2094 847 2152 Vitis
904 2099 1265 2155 Romanorum
1314 2104 1613 2172 pontiﬁcum
1671 2121 1703 2157 a

112 2178 272 2235 Petro
300 2188 538 2253 apostolo
579 2206 740 2259 usque
781 2194 849 2242 ad
888 2192 1165 2246 A'iwlaum
1198 2193 1245 2256 I,
1278 2212 1543 2265 nunquam
1574 2196 1700 2249 liac-

110 2285 258 2329 tenus
296 2279 433 2346 typis
464 2297 681 2334 ext-um.
731 2282 929 2336 Deinde
980 2284 1100 2338 Vita
1134 2286 1353 2339 Adriani
1386 2286 1446 2339 Il
1480 2297 1525 2340 ct
1579 2286 1696 2340 Ste-

109 2366 269 2429 phani
298 2366 326 2419 Ι
345 2366 409 2432 γ,
435 2381 651 2423 auctore
686 2368 965 2425 Cuillelmo
1009 2374 1396 2428 bibliotltccm'io
1424 2392 1488 2428 ea:
1515 2376 1700 2431 biblio-

108 2454 257 2509 theca
287 2456 463 2512 Marci
495 2458 691 2515 Velscri
716 2464 1035 2533 Augustanw
1063 2466 1125 2519 Β.
1156 2467 1216 2519 Ρ.
1248 2466 1330 2521 II.
1362 2469 1480 2521 viri.

171 2545 229 2599 ‘2.
266 2546 427 2613 Quod
464 2550 507 2603 si
534 2552 816 2621 quisquam
845 2565 991 2623 petat
1020 2574 1123 2627 qua
1160 2560 1369 2613 ratione
1397 2560 1563 2614 editio
1589 2561 1697 2614 Mo-

106 2639 335 2706 guntina
371 2641 502 2694 anni
535 2642 667 2697 1602
690 2654 912 2699 vocetur
944 2648 1115 2716 prima
1157 2647 1313 2715 hujus
1337 2649 1481 2703 Libri
1516 2651 1697 2704 Ponti-

109 2726 277 2781 licalis
329 2731 524 2797 editio,
589 2748 706 2788 cum
755 2744 879 2790 ante
926 2746 1004 2791 tot
1052 2755 1223 2793 annos
1266 2754 1388 2794 eum
1439 2742 1695 2797 edidisset

102 2814 319 2872 Crabbe
370 2820 424 2873 in
469 2822 703 2877 editione
743 2823 1107 2881 Conciliorum
1140 2828 1473 2896 Coloniensi,
1522 2831 1696 2888 facilis

102 2916 182 2961 est
207 2908 372 2976 hujus
393 2912 707 2980 quaestionis
734 2917 1029 2984 responsio,
1046 2919 1186 2986 quo.l
1211 2918 1463 2973 nimirum
1480 2921 1689 2975 Crabbe

107 2998 251 3054 hunc
302 2998 532 3054 Librum
586 3002 951 3061 Pontificalem
986 3023 1157 3075 neque
1193 3009 1480 3079 integrum,
1524 3027 1697 3080 neque

106 3103 213 3141 uno
252 3098 310 3142 et
340 3090 605 3143 continuo
655 3103 903 3148 contextu
946 3097 1223 3159 edidisset,
1273 3108 1433 3166 prout
1474 3114 1539 3152 ex
1591 3117 1690 3154 ms.

1807 1927 1964 1966 suum
1996 1928 2164 1982 usque
2195 1922 2407 1983 tempus
2446 1914 2655 1968 mendis
2685 1914 2917 1983 repletas
2964 1915 3159 1979 fuisse,
3191 1926 3243 1969 et
3278 1932 3390 1972 tncv

1806 2000 1995 2055 liorem
2040 2003 2330 2057 editionem
2381 2018 2444 2057 ex
2502 2019 2632 2058 mss.
2686 2006 2962 2059 codicibus
2992 2007 3169 2059 curari
3209 2020 3388 2077 posse,

1806 2107 1993 2145 curam
2023 2093 2163 2147 hanc
2194 2095 2245 2147 in
2293 2110 2353 2148 se
2394 2104 2705 2164 susceperat
2733 2098 2816 2149 vir
2846 2096 3187 2150 doctissimus
3209 2138 3222 2160 ,
3253 2114 3388 2166 prae.

1806 2183 2060 2237 decessor
2112 2182 2382 2251 quondam
2434 2199 2584 2237 meus
2614 2224 2628 2248 ,
2680 2184 2852 2239 Lucas
2903 2183 3244 2246 llolstcnius,
3296 2186 3387 2256 qui

1806 2271 2075 2327 Anastasii
2102 2272 2383 2327 historiam
2414 2272 2481 2326 de
2512 2273 2644 2327 Vitis
2674 2272 3034 2327 Romanorum
3070 2276 3385 2341 pontiticum

1804 2362 2055 2417 editionis
2078 2363 2402 2433 Moguntina:
2420 2379 2539 2417 cum
2558 2365 3018 2432 prmstantissimis
3041 2365 3205 2419 totius
3222 2365 3386 2423 Italiae

1804 2468 1934 2507 mss.
1959 2454 2232 2507 codicibus
2257 2454 2505 2517 contulit,
2535 2463 2593 2507 ut
2614 2453 2757 2507 illam
2788 2454 3167 2509 correctiorem
3192 2470 3377 2511 emcn-

1802 2542 2175 2612 datioremque
2202 2544 2405 2597 ederet.
2433 2543 2835 2614 Autographum
2862 2544 3120 2599 llolstenii
3149 2560 3213 2599 ex
3233 2545 3384 2602 libris

1802 2630 2006 2686 Μοτοηὶ
2039 2642 2278 2702 emptum
2322 2633 2374 2685 in
2409 2632 2729 2687 bibliotheca
2764 2634 3020 2688 Vaticana
3052 2635 3293 2703 reposui,
3328 2635 3380 2688 in

1802 2722 1954 2790 cujus
2006 2725 2182 2792 primo
2229 2722 2357 2777 folio
2410 2739 2569 2777 manu
2638 2722 2900 2779 llolstenii
2952 2724 3206 2778 adnotata
3258 2733 3382 2777 sunt

1801 2814 2081 2883 sequentia
2114 2830 2127 2866 :
2159 2831 2177 2863 ι
2208 2814 2282 2867 De
2310 2828 2436 2866 mss.
2466 2812 2763 2875 codicibus,
2790 2813 2855 2866 ad
2880 2828 3016 2881 quos
3036 2813 3380 2866 Anastasium

1802 2904 2147 2959 contulimus.
2175 2904 2304 2971 Qua:
2330 2919 2359 2956 a
2391 2904 2655 2973 principio
2685 2903 2808 2957 libri
2837 2918 3005 2971 usque
3033 2905 3098 2956 ad
3127 2903 3378 2973 paginam

1802 2993 1872 3046 55
1892 3002 2198 3047 atramento
2225 3002 2407 3047 notata
2436 3002 2563 3049 sunt
2584 2994 2635 3047 in
2661 2993 2923 3062 margine,
2945 2993 3107 3047 varia:
3124 2993 3382 3046 lectiones

1802 3099 2011 3139 suntex
2035 3086 2221 3141 codice
2247 3101 2347 3140 ms.
2367 3084 2644 3149 Vaticano,
2662 3086 2753 3155 qui
2778 3086 2878 3138 fuit
2904 3086 3042 3140 sacri
3067 3085 3377 3139 monasterii

105 3178 294 3232 codice
339 3175 513 3233 Marci
573 3179 774 3235 Velseri
829 3184 1094 3238 triumviri
1128 3160 1421 3255 Augustani
1474 3189 1691 3257 prodiit,

1804 3176 2132 3241 Casinensis,
2190 3175 2275 3229 vel
2297 3192 2361 3229 ex
2404 3176 2711 3230 sanctuario
2740 3173 3057 3239 Metnbritti,
3095 3175 3175 3228 vel
3210 3175 3373 3227 etiam

103 3272 293 3325 addito
348 3273 573 3327 nomine
638 3276 905 3339 auctoris,
960 3277 1051 3345 qui
1111 3277 1429 3331 Anastasius
1495 3279 1694 3333 Biblio-

104 3364 387 3417 tbccarins
445 3367 784 3435 supponitur,
847 3370 946 3421 sub
1007 3384 1114 3438 quo
1181 3371 1399 3423 nomine
1460 3372 1692 3425 Annibal

101 3450 400 3507 l-‘abrottus
450 3470 591 3508 anno
634 3455 769 3511 ibis
818 3457 867 3510 in
917 3458 1010 3511 fol.
1046 3460 1183 3529 typis
1239 3461 1401 3527 regiis
1444 3463 1692 3516 eumdem

99 3539 321 3594 Librum
343 3542 715 3597 Pontilicalent
731 3546 896 3598 edidit
913 3562 1034 3600 cum
1059 3548 1325 3617 plerisque
1340 3551 1502 3604 variis
1518 3552 1697 3605 lectio-

100 3632 281 3696 nibus,
310 3650 455 3701 qnas
479 3650 541 3688 ex
572 3636 735 3689 variis
760 3652 887 3690 mss.
915 3638 1190 3691 codicibus
1215 3643 1522 3709 desumptas
1545 3644 1693 3709 operi

103 3724 353 3793 subjecit.
401 3726 481 3779 Ac
525 3727 699 3795 primo
742 3730 955 3797 quidem
985 3745 1049 3783 ex
1081 3731 1219 3785 binis
1252 3747 1381 3785 mss.
1416 3734 1694 3789 codicibus

104 3814 418 3885 Marquardi
444 3816 691 3881 Frcberi,
719 3836 945 3889 quorum
986 3822 1121 3875 alter
1152 3824 1202 3877 in
1237 3823 1414 3877 Leone
1443 3824 1530 3889 IV,
1559 3826 1695 3880 alter

100 3906 150 3958 in
181 3906 470 3977 Stephano
500 3910 587 3973 Vl,
638 3912 850 3966 disicit.
899 3914 1096 3968 Deinde
1140 3916 1381 3985 adjungit
1414 3916 1549 3970 alias
1596 3932 1692 3969 va-

102 3997 302 4052 riantes
327 4000 595 4054 lectiones
617 4018 681 4054 ex
704 4002 911 4057 duobus
935 4005 1233 4069 codicibus,
1264 4006 1412 4075 regio
1436 4007 1689 4062 nimirum

98 4099 147 4141 ct
177 4088 484 4154 Mazarino,
514 4108 739 4160 quorum
774 4094 991 4148 ultimus
1022 4095 1165 4150 hunc
1197 4097 1408 4149 titulum
1436 4097 1685 4167 praefert:

98 4177 286 4249 Incipit
344 4180 520 4235 Series
572 4180 888 4252 Pontiﬁcum
919 4185 1300 4252 Romanorum,
1340 4189 1429 4258 qui
1476 4189 1531 4241 in
1572 4190 1691 4244 sede

95 4268 155 4322 Β.
177 4270 325 4325 Petri
351 4275 579 4339 apostoli
599 4276 663 4327 ab
691 4278 797 4343 ipsa
816 4294 975 4346 usque
995 4279 1063 4331 ad
1086 4280 1180 4332 hoc
1204 4290 1402 4348 tempus
1422 4280 1687 4334 sederunt.

96 4361 278 4417 Refert
319 4374 511 4419 autem
547 4367 687 4421 inter
723 4367 824 4421 alia
864 4385 928 4423 ex
971 4370 1056 4423 his
1092 4370 1299 4425 duobus
1328 4371 1603 4427 codicibus
1633 4373 1686 4427 in

94 4451 385 4525 Sylvestro
433 4455 789 4527 fragmentum
832 4460 1138 4516 donationis
1172 4463 1512 4515 Constantini
1553 4464 1684 4518 satis

1799 3265 2115 3319 collectione
2144 3264 2425 3319 Canonum
2453 3264 2691 3319 Anselmi
2722 3264 3001 3325 Lucensis,
3038 3279 3159 3333 qua:
3190 3280 3377 3317 manu-

1799 3358 2000 3426 scripta
2026 3365 2204 3411 exstat
2226 3358 2277 3409 in
2301 3356 2625 3409 bibliotheca
2646 3357 3058 3411 eminentissimi
3084 3356 3379 3409 cardinalis

1796 3446 2103 3501 Barberini.
2135 3446 2263 3513 Quae
2296 3448 2463 3501 minio
2494 3456 2679 3501 notata
2726 3463 2756 3501 a
2804 3448 3071 3517 principio
3112 3464 3280 3515 usque
3310 3451 3376 3501 ad

1796 3541 2040 3594 eamdem
2088 3540 2336 3610 paginam
2377 3540 2477 3603 55,
2510 3552 2634 3593 sunt
2676 3540 2840 3595 variae
2888 3540 3143 3595 lectiones
3185 3540 3374 3608 optimi

1794 3631 1997 3684 codicis
2026 3630 2377 3699 rnanuscripti
2408 3630 2728 3693 Florentini,
2777 3646 2842 3684 ex
2880 3630 3201 3684 bibliotheca
3247 3646 3376 3684 con-

1795 3730 1989 3777 vcntus
2010 3723 2065 3777 S.
2095 3723 2278 3777 Marci.
2312 3723 2437 3777 lude
2466 3723 2657 3792 pagina
2680 3722 2747 3775 54
2779 3722 3035 3792 incipiunt
3059 3722 3375 3777 collationcs

1796 3835 1894 3872 ms.
1922 3820 2238 3874 Farnesiani
2271 3820 2489 3887 scriptis
2523 3818 2719 3872 litteris
2752 3816 3081 3884 majusculis,
3113 3814 3374 3884 quonihil

1796 3911 2072 3977 antiquius
2102 3921 2315 3964 exstare
2345 3920 2475 3979 puto
2503 3911 2555 3964 in
2588 3910 2687 3964 hoc
2710 3925 2925 3979 genere,
2959 3919 3012 3962 et
3040 3909 3207 3963 codex
3234 3907 3374 3961 haud

1794 4001 1957 4054 dubie
1989 4010 2113 4055 ante
2141 4010 2323 4055 natum
2350 4001 2697 4054 Anastasium
2723 4001 2958 4068 Scriptus
2986 4001 3101 4064 fuit,
3132 3999 3215 4053 vel
3243 4014 3372 4064 sane

1792 4108 1858 4146 eo
1886 4103 2125 4161 tempore
2156 4108 2265 4163 quo
2295 4093 2407 4159 ipse
2436 4092 2757 4144 Anastasius
2784 4092 2934 4143 vivit.
2965 4091 3029 4143 Et
3058 4090 3183 4149 quia
3209 4089 3371 4144 colla-

1796 4184 1967 4239 tiones
2009 4184 2322 4238 Farnesiani
2370 4183 2570 4236 codicis
2614 4182 2778 4235 minio
2809 4182 3023 4247 scripte
3048 4189 3172 4233 sunt
3199 4194 3370 4248 usque

1792 4276 1857 4328 ad
1901 4276 2150 4345 paginam
2198 4274 2288 4339 (i5,
2323 4275 2423 4329 hoc
2465 4283 2549 4328 est
2592 4287 2760 4340 usque
2801 4271 2867 4323 ad
2915 4269 3249 4325 Bonifacium
3275 4267 3366 4335 IV,

1792 4369 1997 4422 idcirco
2013 4369 2079 4421 ad
2103 4366 2537 4437 distinguendum
2560 4365 2801 4419 codicum
2827 4362 3163 4417 diversorum
3184 4361 3369 4416 lectio-

1791 4474 1917 4523 nes,
1965 4476 1994 4512 a
2042 4459 2233 4529 pagina
2266 4458 2333 4510 54
2369 4470 2537 4525 usque
2582 4456 2648 4508 ad
2693 4455 2761 4509 64
2805 4454 3121 4509 collationes
3152 4452 3366 4508 (lodicis

94 4522 365 4615 amplum,
400 4522 540 4616 quod
572 4548 622 4602 in
658 4549 818 4605 nullis
846 4550 965 4605 aliis
994 4551 1139 4606 Libri
1172 4552 1505 4607 Pontiﬁcalis
1535 4554 1679 4607 codi-
1714 4522 1760 4577 Π
1791 4549 2087 4604 Florentini
2118 4558 2423 4603 atramento
2448 4548 2651 4602 notavi.
2680 4546 2804 4602 bule
2833 4564 2860 4601 a
2887 4548 3079 4616 pagina
3104 4547 3174 4600 65
3202 4561 3369 4615 usque

93 4636 242 4690 cibus
272 4637 564 4706 hucusque
602 4640 798 4709 reperi.
842 4640 993 4697 Unde
1028 4642 1233 4711 conjeci
1266 4644 1461 4697 librum
1496 4645 1549 4698 in
1583 4644 1686 4698 illis

93 4724 387 4779 codicibus
411 4725 782 4796 interpolatum
809 4745 951 4795 esse,
980 4746 1179 4801 eosque
1206 4733 1491 4786 recentiori
1522 4747 1681 4787 manu

93 4815 440 4882 conscriptos
477 4815 662 4882 fuisse;
693 4834 796 4886 qua
827 4820 878 4872 in
913 4836 969 4874 re
999 4822 1350 4875 confirmatus
1377 4838 1493 4876 sum
1520 4836 1583 4876 ex
1616 4822 1683 4875 iis

92 4921 203 4972 quae
230 4904 477 4957 Annibal
505 4907 788 4962 Fabrottus
818 4912 1089 4966 adnotavit
1118 4913 1262 4967 circa
1295 4914 1457 4967 linem
1490 4916 1680 4967 harum

94 4996 392 5051 lectionum
443 5000 507 5052 de
554 5000 917 5056 Romanorum
966 5007 1280 5073 pontificum
1332 5006 1505 5070 Vitis,
1548 5022 1683 5075 quas

94 5090 382 5142 continent
414 5108 571 5161 usque
610 5096 676 5145 ad
720 5094 1007 5149 Martinam
1045 5098 1105 5151 V.
1138 5099 1430 5166 Antiquior
1458 5100 1682 5169 proinde

412 5180 663 5210 πἸ--υηηηη

740 5200 886 5210 θοι-ιι...-
919 5200 1180 5210 δο.ι---⁴-.ιρ-
1241 5199 1497 5210 ...ριῖμμμλ
1545 5205 1651 5210 ...ημ

1793 4642 1858 4694 ad
1888 4642 2021 4695 72...
2050 4642 2117 4695 ad
2144 4642 2318 4696 Vitam
2344 4642 2663 4710 S.Eugenii,
2694 4640 3036 4694 Farnesianaa
3054 4638 3370 4693 collationcs

1792 4742 2124 4793 atramento,
2162 4732 2491 4786 Florentium
2533 4732 2701 4785 minio
2747 4740 2945 4785 notatae
2991 4738 3136 4783 sunt.
3170 4730 3366 4782 lterum

1790 4840 1818 4877 a
1858 4837 2049 4891 pagina
2082 4822 2149 4875 ’72
2190 4837 2358 4891 usque
2384 4823 2453 4875 ad
2481 4824 2731 4890 paginam
2763 4820 2882 4882 107,
2917 4820 3003 4871 ιιΙ)ἰ
3034 4818 3220 4887 incipit
3249 4817 3366 4873 Vita

1790 4914 2069 4968 Zachariae
2092 4914 2219 4977 PP.,
2251 4913 2582 4967 Furni-siuna
2610 4911 2793 4969 minio,
2812 4908 3209 4964 Florentiniana
3232 4916 3371 4962 atra-

1791 5012 1972 5058 mento
2004 5004 2197 5057 collata
2228 5012 2376 5057 sunt.
2406 5002 2532 5070 l’ag.
2566 5003 2664 5055 107
2702 5000 2819 5052 Vita
2847 4999 3121 5053 Zachariae
3154 5000 3203 5053 in
3237 4997 3367 5052 Far-

1789 5096 2012 5149 nesiano
2030 5096 2392 5155 desideratur,
2421 5091 2735 5145 collationcs
2756 5105 2823 5143 ex
2849 5089 3161 5145 Florentino
3186 5089 3370 5145 codice

1987 5194 2182 5208 “Aous...
2213 5190 2331 5208 ..η-,ι
2374 5195 2543 5208 ..οισι-Λ
2580 5182 2643 5208 ...1
2680 5180 2927 5208 -ιειηῖοιηοιι
2963 5182 3059 5208 ⁸19)
3113 5183 3199 5206 ..1λῖ
3236 5180 3341 5206 ῐθηκ
