3924 5382
577 138 675 198 191

1283 134 1375 195 ΔΙ)
1411 135 1858 195 ANASTASIUM
1895 136 2410 196 PROLEGOMENA
2451 137 2630 195 EDlT.
2673 138 3096 197 ROM.-VATIC.
3758 145 3842 203 l9!

577 254 633 311 lu
659 252 783 309 Vita
806 248 1029 307 Adriani
1061 248 1277 305 desinit.
1298 247 1475 307 llabui
1500 249 1695 305 deinde
1724 249 1886 305 alium
1917 249 2159 306 codicem
2190 256 2236 313 Α
2264 264 2384 320 (λειω
2411 250 2479 305 ad
2512 264 2626 306 rem
2663 259 2903 306 nostram
2934 251 3109 323 magis
3133 247 3357 308 faciunt.
3383 253 3464 309 Ac
3492 252 3628 309 illud
3670 256 3726 310 in
3750 258 3844 327 pri-

579 341 1008 412 mannscriptum
1064 339 1526 411 Longobardicum
1576 340 2044 410 antiquissimum,
2097 356 2166 395 ex

576 436 768 493 eadem
809 434 1136 489 bibliotheca
1162 441 1463 488 conventus
1493 431 1551 487 S.
1584 430 1783 496 Marci,
1816 431 1986 487 multo
2011 441 2166 486 vetn-

576 527 805 585 Stiorcm
837 525 1043 596 priore,
1070 522 1193 594 ejus
1225 522 1485 578 lectiones
1516 530 1817 577 atramento
1842 521 2045 586 notavi,
2075 521 2163 576 ubi

575 634 699 676 cum
749 616 1084 672 Farnesiano
1130 623 1186 669 et
1228 613 1542 668 Florentino
1571 601 1856 679 convenit,
1906 610 2164 668 lectiones

574 712 842 767 dictorum
888 709 1136 764 codicum
1187 707 1328 763 linea
1377 707 1531 778 nigra
1577 707 1842 772 subduxi,
1871 724 1974 776 qua
2006 706 2164 776 hujus

573 803 766 874 optimi
796 801 1002 857 codicis
1025 815 1326 856 consensus
1359 807 1581 854 notatur
1607 814 1621 852 :
1655 800 1749 854 sed
1774 798 1862 854 ubi
1892 799 2164 871 peculiare

573 895 704 966 quid
731 894 916 959 habet,
965 901 1271 948 atramento
1313 891 1546 964 signavi,
1574 892 1819 961 opposita
1846 900 1972 947 noto
2000 890 2082 946 Fl.
2105 891 2160 958 2,

579 991 684 1046 hoc
718 998 802 1046 est
828 987 1178 1046 Florentinus
1206 986 1376 1042 codex
1419 986 1475 1041 2.
1510 986 1720 1041 Desinit
1765 994 1944 1041 autem
1990 984 2163 1041 codex

573 1082 679 1138 iste
727 1081 782 1137 in
827 1080 1010 1136 Leone
1054 1078 1126 1143 ll,
1158 1094 1283 1149 pag.
1329 1076 1415 1132 80.
1449 1077 1718 1131 Prmterea
1750 1076 1969 1131 mutilus
2010 1084 2091 1131 est
2130 1092 2162 1130 a

579 1187 706 1243 pag.
736 1172 803 1226 47
835 1185 1005 1240 usque
1045 1169 1113 1224 ad
1142 1184 1266 1240 pag.
1298 1168 1389 1223 58.
1422 1166 1555 1222 Cum
1587 1167 1692 1222 hoc
1714 1167 1901 1222 codice
1941 1166 2163 1222 Floren-

580 1263 695 1318 tino
726 1262 763 1317 2
787 1263 839 1317 in
868 1261 1118 1316 omnibus
1150 1259 1324 1314 ferme
1347 1258 1617 1313 consentit
1643 1258 1760 1312 cod.
1796 1255 1973 1311 Vatic.
1998 1256 2162 1323 5269,

580 1352 675 1424 qui
701 1353 898 1410 desinit
941 1352 996 1407 iu
1033 1350 1297 1422 Gregorio
1338 1348 1401 1404 ll.
1437 1347 1608 1418 Hujus
1639 1348 1843 1403 codicis
1867 1358 2008 1404 nota:
2036 1358 2162 1404 sunt

578 1443 750 1502 Vatic.
778 1445 973 1499 minor.
1012 1442 1099 1496 vel
1131 1440 1195 1496 ν.
1228 1441 1299 1495 Μ.
1339 1458 1358 1491 ι

640 1538 695 1593 4.
725 1537 986 1593 Fideliter
1014 1536 1295 1604 hucusque
1326 1532 1481 1589 retuli
1505 1548 1626 1603 qua:
1652 1532 1826 1589 Lucas
1854 1531 2162 1588 llolstenius

2268 344 2373 399 mis
2422 352 2611 400 notata
2663 345 2881 415 dignum
2914 344 3160 402 ducimus
3184 385 3199 411 ,
3232 345 3453 402 Librum
3482 347 3843 406 Pontiﬁcalcm

2269 435 2410 491 ultra
2462 435 2777 507 pontiﬁcum
2821 436 2954 491 Acta
3004 452 3034 491 a
3076 436 3312 493 secundo
3341 438 3593 510 catalogo
3617 438 3845 497 exhibita

2267 528 2549 583 continere
2576 526 2893 598 quamplura
2936 526 3062 590 alia,
3098 535 3159 581 ut
3183 527 3325 584 inter
3348 528 3452 583 alia
3481 530 3676 585 videre
3702 529 3848 586 estin

2266 620 2542 676 Clemente
2568 660 2584 685 ,
2627 620 2880 676 Cornelio
2933 626 2989 674 et
3034 618 3287 675 Marcello
3330 621 3705 691 pontiﬁcibus.
3734 620 3849 689 Quae

2267 712 2516 768 antetnin
2537 710 2816 782 Sylvestro
2845 712 3136 776 adduntur,
3168 713 3322 785 longe
3335 714 3538 769 clarius
3554 724 3847 770 monstrant

2267 804 2320 860 id
2356 804 2498 873 quod
2529 802 2864 873 probandum
2907 808 3265 874 suscepimus.
3302 806 3436 860 Acta
3464 807 3615 860 enim
3650 805 3713 860 S.
3742 804 3846 877 Syl-

2265 895 2430 948 vestri
2464 905 2587 948 sunt
2612 892 2774 963 triplo
2804 894 3086 965 ampliora,
3117 911 3279 965 quam
3315 897 3403 951 illa
3441 912 3566 967 quin
3592 897 3846 953 exbibem

2267 996 2354 1039 tur
2394 1000 2423 1038 a
2466 985 2703 1039 secundo
2728 983 2996 1056 catalogo.
3026 984 3342 1041 Consistunt
3373 996 3558 1041 autem
3587 987 3847 1058 prmcipue

2266 1076 2319 1131 in
2352 1076 2733 1131 donationibus
2780 1077 2911 1147 piis,
2962 1093 3098 1148 quas
3141 1078 3531 1134 Constantinus
3580 1078 3717 1134 fecit
3762 1094 3846 1149 pro

2266 1166 2428 1223 Urbis
2466 1176 2522 1222 et
2564 1168 2676 1238 agri
2709 1168 3004 1223 suburbani
3036 1168 3307 1225 ecclesiis.
3340 1170 3469 1224 Post.
3513 1167 3844 1241 Sylvestrum

2264 1255 2583 1328 frequenter
2612 1257 2793 1311 addita
2820 1267 2945 1313 sunt
2981 1258 3049 1314 ab
3076 1268 3299 1316 auctore
3325 1258 3474 1314 Libri
3499 1257 3845 1323 Pontiﬁcalis,

2265 1366 2383 1420 qua:
2408 1367 2437 1404 a
2470 1350 2816 1420 pontiﬁcibus
2846 1350 3108 1408 Romanis
3139 1354 3318 1410 oblata
3344 1364 3473 1410 sunt
3498 1352 3669 1410 Urbis
3694 1354 3848 1410 eccle-

2264 1443 2360 1498 siis
2396 1454 2450 1499 et
2495 1444 2751 1499 basilicis.
2801 1445 2892 1501 Sic
2936 1446 2989 1500 in
3022 1448 3253 1503 Damam
3300 1464 3471 1519 papa,
3518 1448 3844 1512 Innocentio.

2272 1532 2550 1589 Honil‘acio
2587 1534 2629 1596 l,
2658 1533 2815 1589 Sixto
2861 1534 2946 1598 ΙΙΙ,
2990 1534 3167 1591 Leone
3214 1535 3253 1599 Ι,
3301 1537 3523 1603 llilaro,
3552 1536 3846 1609 Simplicio,

569 1632 726 1688 initio
769 1629 1084 1694 adnotavit,
1121 1641 1186 1683 ex
1216 1641 1323 1697 quo
1350 1640 1510 1681 nemo
1552 1642 1657 1681 non
1688 1626 1837 1682 videt
1865 1642 2026 1698 quam
2060 1626 2160 1681 im-
2193 1610 2232 1668 Β
2265 1624 2593 1695 Symmacho
2636 1634 2692 1679 et
2742 1625 2964 1696 reliquis
2993 1627 3336 1697 pontiﬁcibus
3376 1630 3702 1684 corumdem
3736 1645 3847 1684 suc-

568 1723 743 1780 mensi
793 1721 998 1777 laboris
1044 1735 1183 1790 opus
1220 1717 1305 1773 vir
1334 1727 1535 1773 aeterna
1574 1717 1839 1773 memoria
1866 1716 2062 1787 dignus
2089 1734 2159 1773 ex

566 1812 1037 1885 priestantissimis
1068 1809 1369 1873 Vaticanae,
1396 1808 1599 1879 Regiae,
1648 1808 1709 1863 S.
1740 1807 1905 1863 Marci
1938 1807 2161 1864 Floren-

566 1906 733 1969 tium,
791 1902 1149 1968 Casinensis,
1206 1909 1261 1956 et
1306 1898 1655 1956 Farnesiante
1710 1898 2159 1953 bibliothecarum

566 1994 845 2050 codicibus
880 1992 1258 2057 inchoaverit,
1311 1999 1367 2045 et
1422 1998 1597 2045 morte
1644 1995 1955 2059 prmventns
2004 1988 2159 2043 nobis

566 2084 947 2157 imperfectum
997 2084 1312 2155 reliquerit,
1358 2097 1426 2137 ex
1474 2097 1613 2151 quo,
1665 2096 1736 2136 ne
1784 2088 1967 2135 tantus
2008 2077 2159 2135 labor

564 2186 770 2250 pereat,
790 2185 914 2248 post
932 2177 1074 2231 hanc
1094 2174 1532 2231 dissertationem
1549 2172 1769 2228 Librum
1783 2170 2157 2229 Pontiﬁcalem

562 2286 593 2325 a
610 2269 673 2326 Β.
693 2269 856 2326 Petro
875 2283 1047 2341 usque
1068 2269 1136 2324 ad
1159 2267 1396 2323 Felicem
1418 2274 1672 2337 quartum
1688 2265 1936 2330 edemus,
1961 2273 2155 2321 caetera

561 2362 933 2433 relinquentes
960 2362 1024 2417 iis
1050 2360 1143 2431 qui
1173 2360 1384 2431 integro
1414 2358 1581 2414 Libro
1612 2355 1916 2414 Pontiﬁcali
1946 2355 2155 2412 edendo

561 2453 803 2510 animum
832 2452 1140 2508 intendunt.
1181 2449 1321 2504 Sunt
1348 2449 1495 2503 enim
1534 2446 1842 2517 complures
1865 2453 1988 2515 post
2014 2443 2155 2498 Feli-

504 2609 513 2617 .
561 2557 682 2600 cem
727 2551 983 2615 quartum
1025 2540 1318 2603 lectiones,
1344 2553 1466 2608 qua:
1510 2536 1579 2591 ad
1614 2532 1994 2605 corrigendum
2020 2548 2154 2603 opus

562 2636 693 2691 illud
723 2634 906 2691 facere
934 2641 1178 2708 possunt.
1212 2631 1352 2686 Sunt
1379 2632 1542 2686 etiam
1573 2627 1821 2700 quaedam
1852 2627 2151 2696 fragmenta

564 2728 620 2785 in
644 2728 768 2784 Vita
797 2725 975 2797 Sergii
1004 2722 1263 2791 secundi,
1292 2738 1411 2794 qua:
1444 2738 1511 2778 ex
1541 2719 1923 2790 antiquissimo
1969 2717 2153 2772 codice

557 2818 894 2876 Farnesiano
923 2818 977 2873 in
1008 2816 1114 2872 ﬁne
1151 2815 1360 2880 retulit,
1390 2830 1457 2869 ex
1484 2813 1682 2884 quibus
1715 2827 1816 2882 pro
1854 2809 2151 2880 spceimine

554 2909 838 2984 sequentia
870 2906 1178 2964 referimus.
1211 2905 1268 2960 in
1298 2904 1420 2961 Vita
1460 2915 1697 2972 namque
1720 2898 1894 2969 Sergii
1921 2897 1985 2963 ll,
2029 2904 2150 2966 post

558 3004 650 3059 illa
683 3002 847 3058 verba
877 3020 890 3056 :
933 3019 952 3051 ι
989 2999 1144 3067 Quod
1178 2997 1358 3053 nullus
1384 2995 1700 3067 pontiﬁcum
1727 3007 1826 3063 per
1862 3000 1943 3046 tot
1981 3005 2148 3045 anno-

557 3110 679 3149 rum
715 3091 991 3149 curricula
1032 3090 1099 3145 ad
1141 3090 1275 3144 tanti
1317 3087 1529 3144 decoris
1565 3084 1805 3157 speciem
1851 3084 2148 3154 perducere

556 3184 855 3240 arbitratus
882 3191 984 3239 est.
1020 3202 1039 3235 υ
1075 3180 1336 3249 Sequitur
1364 3179 1416 3233 in
1445 3182 1548 3232 ms.
1581 3175 1916 3231 Farnesiano
1947 3192 1960 3228 τ
1996 3193 2014 3225 ι
2049 3173 2149 3229 llic

554 3280 932 3337 sanctissimus
956 3277 1155 3348 przcsul
1179 3276 1431 3339 formam,
1448 3272 1729 3343 quaeJovia
1757 3278 2009 3334 vocatur,
2025 3283 2147 3339 qua:

558 3386 657 3443 per
687 3369 902 3426 evoluta
929 3383 1194 3423 annorum
1224 3364 1399 3436 spatia
1439 3362 1694 3418 demolita
1726 3370 1891 3431 atque
1917 3377 1947 3414 a
1976 3359 2148 3415 ruinis

557 3459 714 3531 plena
759 3458 1049 3521 existebat,
1095 3456 1449 3527 prospiciens,
1482 3453 1625 3509 sicut
1650 3451 1917 3522 benignus
1948 3458 2002 3505 et
2028 3449 2147 3519 pius

556 3560 745 3623 pastor
782 3565 813 3604 a
864 3549 1073 3603 noviter
1110 3562 1230 3603 eam
1277 3544 1604 3602 restauravit
1642 3561 1656 3596 :
1700 3550 1757 3597 et
1806 3550 1954 3595 tanta
2003 3554 2144 3609 aqua

556 3641 897 3697 abundanter
943 3638 1249 3711 prmfulsit,
1300 3653 1403 3708 qua
1451 3650 1590 3706 pene
1645 3642 1811 3689 totam
1868 3632 2143 3687 civitatem

555 3734 796 3790 satiavit.
846 3732 1019 3803 llujus
1069 3732 1401 3803 temporibus
1445 3729 1675 3793 ﬂuvius,
1706 3727 1799 3799 qui
1842 3726 2144 3797 appellatur

553 3826 789 3892 Tiberis,
812 3824 1022 3881 alveum
1046 3840 1202 3880 suum
1224 3838 1474 3895 egressus
1497 3832 1581 3879 est
1613 3833 1668 3878 et
1692 3835 1788 3893 per
1812 3820 2139 3890 campestria

552 3917 725 3973 dedit.
748 3916 992 3972 lntimnit
1014 3916 1176 3971 etiam
1198 3914 1549 3970 inundatione
1562 3929 1827 3985 aquarum
1850 3912 2139 3967 multarum

550 4008 853 4079 perindict.
878 4016 1129 4065 octavam
1156 4006 1359 4061 mensis
1381 4004 1700 4061 Novembris
1721 4006 1808 4059 die
1830 4019 1970 4068 xxn,
1995 4002 2141 4073 quod

551 4098 815 4170 agebatur
833 4097 1130 4153 Sabbatnm
1157 4094 1365 4149 Natalis
1384 4105 1584 4149 sancta:
1614 4092 1841 4148 Caeciliae
1863 4091 2138 4163 martyris,

551 4195 608 4242 et
621 4188 899 4258 ingressus
913 4197 1104 4256 estper
1123 4184 1454 4256 posterulam
1476 4198 1597 4253 qua:
1609 4182 1906 4253 appellatur
1927 4181 2140 4237 Sanctae

553 4278 780 4349 Agathte
809 4317 824 4342 ,
872 4277 927 4331 in
975 4275 1278 4330 Romanam
1326 4275 1557 4339 urbem,
1608 4273 1741 4327 hora
1788 4272 1965 4343 prima
2008 4272 2134 4329 diei.

551 4368 909 4425 Transcendit
958 4368 1166 4422 interea
1214 4368 1271 4422 in
1319 4366 1591 4436 aliquibus
1630 4366 1800 4432 locis,
1845 4374 1901 4421 et
1950 4382 2136 4434 muros

554 4460 734 4525 Urbis,
762 4467 816 4514 et
835 4473 1089 4530 egressus
1109 4467 1192 4515 est
1211 4458 1264 4513 in
1287 4457 1571 4514 ecclesiam
1595 4457 1658 4512 Β.
1686 4458 1984 4526 Laurentii,
2014 4474 2134 4529 quae

547 4552 854 4624 appellatur
871 4551 1111 4617 Lucinae,
1134 4559 1189 4605 et
1214 4549 1409 4605 exinde
1429 4551 1704 4622 ingressus
1729 4550 1892 4606 estad
1912 4550 2131 4607 Beatam

547 4662 873 4719 semperque
895 4646 1172 4718 Virginem
1191 4645 1285 4701 Dei
1311 4645 1663 4711 Genitricem,
1693 4661 1814 4716 quae
1847 4645 2022 4717 posita
2046 4653 2131 4700 est

546 4741 601 4795 in
646 4741 732 4796 via
773 4739 946 4795 Lata:
975 4752 1031 4795 et
1059 4738 1183 4794 inde
1225 4737 1473 4793 transivit
1514 4738 1580 4792 ad
1611 4738 1833 4793 Beatum
1863 4737 2125 4802 Marcum,

548 4844 645 4900 per
674 4830 881 4900 plateas
910 4845 970 4885 se
1002 4829 1263 4893 extendit,
1307 4844 1469 4900 agros
1496 4828 1817 4892 desertavit,
1848 4826 2131 4882 eradicans
2178 4862 2181 4866 -

550 4922 795 4977 arbusta.
826 4921 999 4992 Hujus
1024 4923 1156 4977 hora
1185 4923 1365 4978 noctis
1389 4937 1584 4993 aquam
1613 4920 1835 4986 amovit,
1857 4928 1915 4974 et
1937 4917 2130 4973 (iuvius

547 5015 615 5070 ad
646 5013 922 5087 proprium
953 5027 1108 5066 suum
1138 5028 1416 5085 regressus
1446 5023 1531 5070 est
1555 5012 1786 5077 alveum,
1821 5029 1840 5062 ι
1874 5019 1982 5066 etc.

617 5106 673 5162 5.
709 5107 884 5174 Atque
915 5117 983 5159 ex
1021 5103 1105 5158 his
1149 5107 1363 5176 quidem
1395 5114 1543 5175 patet
1581 5121 1689 5176 quo
1718 5104 1770 5159 in
1803 5102 1979 5173 pretio
2023 5102 2123 5157 ba-

543 5200 735 5259 bcnda:
761 5197 873 5254 sitit
895 5195 1061 5250 variae
1084 5196 1187 5251 illae
1214 5198 1473 5253 lectiones
1494 5207 1548 5252 et
1575 5199 1875 5269 fragmenta
1899 5211 1965 5251 ex
1991 5210 2120 5251 mss.

546 5290 824 5347 codicibus
849 5301 881 5340 a
908 5285 1050 5341 Luca
1075 5286 1351 5342 llolstenio
1367 5303 1653 5360 excerpta;
1685 5304 1917 5358 einnque
1942 5286 2123 5342 omnia

2164 4326 2215 4386 D

2263 1715 2594 1781 cessoribus,
2618 1725 2675 1770 ut
2701 1717 2931 1788 quisque
2956 1732 3021 1771 ex
3050 1717 3165 1788 ipso
3190 1718 3355 1775 Libro
3369 1718 3687 1774 Pontiﬁcali
3704 1719 3825 1775 facil

2261 1810 2489 1865 videbit.
3748 1878 3753 1883 Α

2332 1899 2384 1956 6.
2428 1898 2630 1955 Praeter
2675 1900 2998 1957 donationes
3048 1917 3176 1957 vero
3227 1902 3278 1958 in
3330 1901 3499 1959 Libro
3553 1901 3847 1959 Pontiﬁcali

2261 1993 2609 2050 continentur
2642 1993 2795 2063 plura
2835 2003 3131 2063 martyrum
3172 1994 3338 2059 Acta,
3382 1995 3533 2051 inter
3574 2010 3706 2066 quae
3738 1994 3849 2050 licet

2260 2082 2515 2140 nonnulla
2554 2082 2896 2153 supposititia
2932 2084 3062 2149 sint,
3091 2084 3308 2154 antiqua
3345 2095 3529 2140 tamen
3573 2096 3635 2141 et
3672 2085 3848 2156 primis

2259 2173 2514 2229 Ecclesia:
2530 2173 2742 2229 sceeulis
2768 2176 3075 2246 conscripta
3102 2176 3373 2231 videntur.
3391 2176 3484 2233 Sic
3502 2178 3557 2232 in
3576 2177 3849 2234 Clemente

2259 2271 2462 2325 citatur
2486 2271 2705 2341 quidem
2729 2270 2957 2342 epistola
2981 2270 3097 2339 ejus
3119 2273 3186 2327 ad
3207 2270 3493 2338 Jacobum,
3528 2273 3630 2328 illa
3660 2282 3847 2339 tamen,

2259 2363 2388 2417 licet
2412 2361 2710 2417 Clementis
2734 2378 2840 2417 non
2869 2363 2964 2428 sit,
2985 2363 3033 2419 ei
3061 2372 3185 2419 ante
3222 2364 3439 2420 Eusebii
3469 2376 3729 2437 tempora
3759 2365 3848 2423 tri-

2256 2454 2385 2510 buta
2438 2454 2558 2509 fuit.
2611 2454 2669 2509 In
2713 2453 3029 2509 Marcellino
3067 2455 3270 2511 mentio
3323 2456 3382 2512 ﬁt
3418 2456 3538 2527 ejus
3578 2457 3770 2528 lapsus
3801 2466 3850 2512 et

2258 2545 2610 2618 pmnitentiae,
2644 2560 2764 2615 qua:
2809 2547 3059 2617 quamvis
3104 2546 3384 2616 desumpta
3431 2548 3542 2603 sint
3591 2563 3664 2604 ex
3711 2549 3849 2603 Actis

2256 2638 2648 2707 antiquissimis
2663 2636 2878 2693 concilii
2896 2636 3227 2705 Sinvessani,
3244 2638 3379 2695 Acta
3407 2650 3588 2694 tamen
3616 2641 3710 2694 illa
3730 2650 3847 2695 ante

2257 2729 2446 2784 Isidori
2498 2729 2817 2786 Mercatoris
2866 2739 3080 2785 aetatem
3131 2731 3449 2787 concinnata
3502 2730 3753 2786 fuerunt.
3793 2729 3843 2783 lu

2256 2821 2489 2877 Eusebio
2516 2822 2720 2878 mentio
2768 2821 2828 2876 ﬁt
2866 2821 3194 2879 inventionis
3220 2832 3421 2879 sanctze
3457 2824 3649 2879 crucis
3695 2836 3844 2893 opera

2257 2914 2469 2985 (Syriaci
2517 2912 2709 2979 Judaei,
2740 2929 2861 2984 qua:
2892 2912 3020 2969 licet
3060 2912 3337 2984 desumpta
3372 2913 3482 2968 sint
3511 2929 3583 2967 ex
3631 2912 3787 2969 Actis
3817 2927 3846 2965 a

2178 2964 2223 3027 Ο
2254 2964 2474 3061 Gelasio
2496 3020 2631 3073 papa
2658 2964 2897 3076 reje'ctis,
2923 3002 3122 3060 Gelasii
3147 2964 3326 3059 tamren
3349 3012 3511 3059 aetate
3535 3004 3846 3075 antiquiora

2253 3105 2402 3152 sunt.
2449 3095 2626 3152 Pauca
2670 3097 2917 3167 quaedam
2950 3096 3051 3151 alia
3085 3105 3374 3151 narrantur
3412 3097 3479 3152 de
3529 3100 3847 3167 pontiﬁcum

2251 3188 2550 3259 martyriis.
2585 3203 2705 3257 qua:
2746 3187 2876 3243 licet
2905 3203 2973 3243 ex
3002 3187 3151 3244 Actis
3199 3188 3539 3258 interpolatis
3584 3201 3846 3262 excerpta

2249 3282 2381 3343 sint,
2413 3279 2545 3333 Acta
2586 3288 2763 3334 tamen
2789 3294 3006 3349 semper
3037 3280 3375 3350 reperientur
3409 3281 3477 3335 ab
3508 3283 3839 3353 antiquioris

2249 3371 2350 3426 aevi
2391 3369 2709 3425 anetoribus
2752 3369 3060 3439 conscripta
3111 3370 3299 3434 fuisse,
3331 3380 3389 3425 nt
3417 3386 3539 3439 quae
3563 3372 3637 3427 de
3667 3371 3842 3429 Pontii

2247 3461 2592 3531 aliorumque
2641 3459 3023 3514 nonnullorum
3073 3468 3367 3530 martyrum
3409 3461 3564 3516 Actis
3595 3466 3847 3535 superius

2247 3552 2480 3607 adducta
2513 3558 2660 3605 sunt.
2694 3549 2924 3619 Reliqua
2966 3551 3151 3604 omnia
3176 3567 3242 3604 ex
3272 3551 3501 3606 sinceris
3532 3561 3590 3606 et
3622 3555 3847 3610 minime

2248 3641 2597 3711 interpolatis
2624 3649 2923 3710 martyrum
2948 3640 3119 3706 Actis,
3145 3640 3228 3695 vel
3251 3655 3315 3696 ex
3342 3641 3847 3712 publiciscnotario-

2246 3746 2363 3786 rum
2414 3730 2560 3785 sedis
2606 3728 2916 3800 apostolicae
2968 3729 3194 3796 tabulis,
3238 3730 3322 3787 vel
3369 3746 3434 3786 ex
3486 3732 3846 3803 probatorum

2243 3823 2570 3893 scriptorum
2602 3819 2856 3891 operibus
2886 3821 3172 3892 desumpta
3210 3831 3356 3878 sunt.

2314 3916 2367 3969 7.
2401 3914 2607 3970 Omitto
2652 3912 2788 3967 Acta
2835 3912 2949 3983 ipsa
2996 3911 3365 3969 Romanorum
3406 3915 3766 3985 pontiﬁcum,
3797 3919 3844 3973 in

2240 4006 2439 4078 quibus
2485 4021 2516 4061 a
2561 4005 2725 4060 Petro
2779 4006 3023 4074 apostolo
3077 4020 3245 4075 usque
3296 4005 3364 4060 ad
3418 4005 3844 4064 Constantinum

2240 4116 2436 4171 papam
2467 4099 2815 4155 recensendis
2839 4108 3031 4154 auctor
3057 4098 3205 4153 Libri
3233 4098 3567 4156 Pontiﬁcalis
3597 4102 3845 4160 breviter

2240 4205 2300 4246 se
2328 4190 2585 4260 expedire
2616 4190 2773 4246 solet.
2803 4188 2851 4242 A
2875 4186 3234 4245 Constantino
3258 4198 3440 4244 autem
3479 4204 3619 4261 papa
3671 4207 3843 4262 usque

2241 4279 2308 4336 ad
2359 4279 2696 4351 Stephanum
2741 4288 2952 4335 sextum
2998 4280 3133 4337 adeo
3162 4278 3386 4335 dill‘usns
3415 4289 3521 4348 est,
3550 4289 3612 4335 ut
3638 4281 3843 4339 merito

2242 4373 2350 4430 dici
2370 4374 2558 4445 possit,
2585 4382 2752 4429 totam
2792 4372 3072 4428 historiam
3100 4372 3526 4429 ecclesiasticam
3560 4374 3668 4429 sub
3705 4377 3840 4432 isto-

2244 4481 2368 4520 rum
2392 4465 2707 4536 pontiﬁcum
2733 4465 2871 4521 Vitis
2895 4465 3372 4537 comprehendisse
3401 4483 3414 4519 :
3440 4466 3672 4522 exhibet
3692 4468 3840 4524 enim

2242 4572 2578 4627 quaecunque
2603 4556 2810 4623 Romae,
2844 4572 3175 4628 qnazcunqne
3207 4556 3259 4611 in
3288 4555 3458 4619 Italia,
3491 4572 3840 4630 quaecunque

2238 4648 2296 4704 in
2328 4648 2541 4719 Europa
2585 4656 2641 4705 et
2690 4645 2915 4706 Oriente
2953 4648 3069 4718 ipso
3117 4654 3234 4701 acta
3270 4655 3397 4701 sunt
3441 4646 3496 4700 in
3541 4645 3718 4704 rebus
3751 4664 3840 4705 ee-

2238 4738 2562 4794 clesiasticis
2601 4739 2671 4794 ab
2722 4737 3159 4808 imperatoribus.
3213 4736 3305 4791 Sic
3355 4737 3409 4790 in
3468 4734 3838 4794 Constantino

2239 4838 2530 4886 narrantur
2584 4843 2704 4898 quae
2760 4826 3223 4897 Constantinopoli
3284 4826 3657 4898 contigerunt.
3721 4828 3836 4886 Sub

2235 4921 2540 4978 Justiniano
2574 4931 2630 4977 et
2654 4920 2986 4991 Pltilippico,
3019 4921 3071 4976 in
3112 4919 3375 4992 Gregorio
3412 4921 3681 4985 secundo,
3711 4937 3835 4992 qua:

2233 5022 2424 5071 contra
2455 5016 2763 5084 Agarenos,
2795 5013 2848 5067 in
2873 5011 3127 5083 Hispania
3155 5028 3185 5067 a
3208 5011 3408 5079 Gallis;
3437 5011 3831 5069 Constantino-

2233 5108 2339 5178 poli
2367 5124 2397 5161 a
2421 5106 2600 5162 Leone
2627 5106 2867 5176 principe
2897 5114 3113 5173 peracta
3136 5112 3284 5158 sunt.
3311 5105 3586 5160 Describit
3621 5106 3831 5175 Longo-

2232 5197 2523 5254 bardorum
2551 5194 2876 5257 invasiones,
2902 5192 3231 5246 Francorum
3257 5207 3355 5261 pro
3388 5193 3634 5250 Ecclesia
3662 5195 3826 5257 bella,

2230 5290 2443 5359 aliaque
2493 5286 2921 5357 quamplurima,
2970 5301 3090 5356 qua:
3137 5286 3229 5340 vix
3272 5284 3403 5342 alibi
3447 5289 3695 5360 reperire
3741 5297 3830 5343 est
