4010 6302
129 397 238 454 195

752 390 1176 449 SCIIELESTR.
1222 389 1535 446 DlSSEli'l'.
1581 389 1668 442 DE
1713 386 1950 454 ANTlQ.
1998 356 2162 441 llOM.
2200 381 2402 440 PONT.
2444 383 2786 441 CATALOG.

3326 371 3429 443 49‘s

127 505 518 563 desiderantur
548 520 561 557 :
596 501 736 558 unde
776 513 922 573 patet
951 502 1130 558 Vitam
1163 504 1298 558 hanc
1323 517 1440 557 esse
1465 499 1730 565 mutilam,
1765 509 1804 560 Α
1839 497 1986 550 Libri
2018 481 2352 551 Pontiﬁealis
2380 496 2709 551 mentionem
2742 495 2939 550 faciat:
2972 515 2989 549 ι
3032 495 3317 561 Damasus,
3351 499 3428 555 in-

127 609 182 654 et
209 597 422 668 aliquid
468 595 764 650 desiderari
817 596 868 649 in
921 595 1082 649 Libro
1128 593 1426 649 Pontiﬁcali
1473 592 1614 663 quod
1663 607 1729 647 ex

130 691 415 764 integriori
450 687 743 758 exemplari
773 688 1008 759 suppleri
1039 687 1256 758 poterit.

758 846 985 902 CAPUT
1027 846 1114 902 Vl.

132 961 206 1012 An
241 957 402 1012 Liber
432 956 766 1028 Pontiﬁcali—s
795 975 826 1010 α
854 957 1084 1012 Damaso
1114 973 1248 1028 papa
1280 955 1600 1024 conscriptus
1626 954 1731 1008 sit?

131 1091 167 1141 1.
202 1090 328 1140 Dum
351 1089 580 1148 epistolae
605 1089 793 1138 Damasi
820 1101 952 1150 pap'e
980 1096 1028 1150 et
1056 1087 1343 1146 Hieronymi
1373 1086 1648 1150 presbyteri
1677 1085 1724 1134 in

187 1165 304 1199 mss.
330 1146 588 1200 codicibus
613 1150 758 1199 Libro
787 1146 1047 1198 Pori'tii'cili
1075 1152 1347 1210 pra-posita:
1373 1155 1502 1194 sunt.
1535 1146 1671 1195 [inde
1697 1161 1722 1195 a

192 1214 446 1262 munullis
476 1212 620 1261 Liber
650 1212 942 1260 Puttltﬁcalis
978 1211 1180 1259 Damaso
1213 1222 1348 1270 tuapte
1391 1210 1637 1256 tribuitur.
1663 1235 1724 1270 έ-

190 1274 254 1324 ll.
279 1276 546 1324 Damasum
585 1287 678 1323 non
720 1289 831 1322 esse
872 1280 1121 1321 auctorem
1166 1269 1294 1320 Libri
1331 1271 1636 1326 Po:.titicabs,
1665 1269 1722 1318 D.

187 1336 486 1395 Hieronymi
512 1337 798 1386 auctoritate
823 1337 1120 1394 ostenditur,
1150 1342 1199 1381 et
1242 1347 1302 1381 ex
1346 1333 1726 1395 otnnibusscri-

189 1393 701 1458 plerum—testimoniis
718 1400 1076 1458 comprobatur,
1092 1393 1175 1457 qui
1197 1401 1304 1455 post
1323 1393 1503 1442 Bedain
1529 1393 1723 1442 Librum

191 1460 532 1510 l‘ootilica'ent
576 1463 683 1507 sine
729 1459 825 1506 ulla
870 1458 1063 1508 Damasi
1101 1458 1353 1505 mentione
1397 1461 1628 1504 cilarunt.
1663 1481 1720 1490 —

190 1522 275 1571 Ill.
303 1522 631 1571 Adducuntur
732 1521 948 1568 Ancclmi
978 1519 1216 1568 Luci-usis
1251 1524 1301 1566 et
1335 1518 1466 1565 card.
1496 1516 1721 1564 Deusde-

187 1585 258 1631 dit
281 1585 388 1631 toca
415 1597 480 1629 ex
509 1583 664 1642 gestis
687 1583 876 1630 Damasi
899 1584 1065 1637 citata,
1092 1593 1200 1639 qua:
1226 1586 1386 1642 tamen
1411 1590 1506 1626 non
1541 1591 1605 1642 ert
1637 1577 1720 1625 Li-

190 1648 276 1694 bro
303 1639 582 1695 l‘ou'itic‘ali
608 1645 814 1692 Damaso
833 1656 966 1702 traria:
991 1643 1174 1692 tributo
1191 1679 1203 1700 ,
1228 1641 1317 1689 sed
1343 1655 1404 1688 ex
1431 1639 1723 1700 specialibus

190 1707 387 1771 Data-ast
421 1707 583 1762 μειειίς
607 1719 692 1771 per
718 1705 1034 1753 Mt-nbritinm
1071 1703 1214 1771 editis
1235 1704 1643 1771 desumptasunt,
1669 1711 1721 1751 et

189 1768 306 1815 nihil
349 1769 535 1816 faciunt
577 1768 634 1815 ad
677 1775 968 1826 prresentcm
993 1763 1520 1826 «praestitutam—iv.
1546 1763 1720 1823 Neque

188 1842 303 1879 mss.
325 1833 450 1877 cedi=
472 1843 528 1876 es
549 1824 787 1888 Vaticani,
808 1830 987 1888 quibus
1010 1824 1158 1875 Liber
1184 1824 1474 1876 Pontilicalis
1494 1827 1720 1888 contines

1833 587 1970 659 qrit,
2003 587 2258 641 Romana:
2302 585 2462 641 Urbis
2497 586 2800 658 episcopus,
2832 585 3049 656 elegans
3094 587 3146 641 in
3183 588 3431 645 versibus

1834 680 2220 750 componendis
2262 679 2535 750 ingenium
2585 679 2798 742 habuit,
2838 677 3114 748 multaque
3149 687 3204 733 et
3245 677 3430 735 brevia

1832 772 2092 841 opuscula
2123 771 2342 826 heroico
2385 779 2561 825 metro
2603 771 2801 834 edidit,
2833 779 2888 826 et
2936 785 3102 841 prope
3135 779 3426 843 octogena-

1832 861 1945 916 rius
1970 861 2070 916 sub
2091 860 2395 915 Theodosio
2419 859 2660 930 principe
2682 869 2927 915 mortuus
2949 871 3050 915 est.
3082 881 3097 912 ι
3127 859 3242 916 Huc
3263 861 3431 918 etiam

1829 949 2038 1006 accedit
2063 950 2206 1020 quod
2233 965 2391 1004 nemo
2419 949 2641 1004 Librum
2666 949 3036 1005 Pontilicalem
3067 950 3298 1006 Damaso
3329 951 3428 1006 tri-

1830 1044 2010 1100 buerit
2035 1059 2098 1098 ex
2143 1045 2396 1099 omnibus
2423 1043 2527 1098 illis
2569 1043 2661 1112 qui
2697 1059 2819 1098 eum
2854 1044 3090 1099 citarunt
3123 1060 3152 1098 a
3185 1043 3422 1101 Venera-

1829 1136 1951 1191 bilis
1997 1135 2154 1192 Beda:
2200 1135 2531 1206 temporibus
2557 1150 2728 1205 usque
2757 1136 2822 1190 ad
2849 1137 3147 1207 posteriora
3183 1137 3298 1194 lucc
3323 1153 3398 1192 sa:

1828 1229 1970 1284 cula.
2007 1229 2076 1285 Ut
2117 1229 2263 1284 enim
2293 1229 2608 1282 omittamus
2635 1236 2878 1298 tempora
2905 1243 3024 1297 qua:
3061 1228 3201 1284 inter
3229 1228 3423 1283 Dama-

1827 1341 1947 1380 sum
1997 1341 2189 1396 papam
2242 1332 2297 1379 ct
2348 1321 2723 1379 Venerabilem
2778 1323 2976 1379 Bcdam
3034 1324 3209 1380 media
3265 1333 3420 1386 sunt,

1827 1417 2022 1488 quibus
2081 1417 2222 1488 apud
2286 1416 2464 1472 nullos
2529 1417 2822 1487 scriptores
2882 1417 3028 1472 Libri
3087 1417 3422 1473 Pontiﬁcalis

1829 1507 2031 1561 mentio
2063 1506 2346 1576 reperitur,
2383 1505 2525 1560 Beda
2565 1507 2792 1575 primus,
2836 1509 2978 1576 quod
3022 1508 3225 1572 sciam,
3278 1524 3420 1562 mor-

1828 1597 2046 1662 talium,
2100 1597 2288 1652 citavit
2337 1597 2388 1650 in
2439 1595 2822 1668 Martyrologio
2874 1613 2974 1654 suo
3025 1599 3095 1654 ad
3139 1615 3234 1653 vm
3292 1599 3414 1654 ldus

1825 1687 2049 1759 Augusti
2084 1687 2336 1742 nonnulla
2364 1687 2430 1742 de
2470 1695 2644 1742 morte
2677 1687 2815 1742 Sixti
2842 1705 2907 1742 ex
2933 1688 3103 1744 Gesti:
3143 1689 3420 1760 pontiﬁca-

1825 1778 1982 1842 libus,
2030 1794 2150 1848 qua:
2187 1793 2288 1834 nec
2334 1779 2589 1843 Damaso,
2629 1792 2729 1833 nec
2772 1777 2929 1832 alicui
2973 1778 3286 1848 particulari
3329 1793 3427 1833 au-

189 1871 303 1952 ἷῖμῖ
328 1871 1412 1951 iisti.ei..‘J'ﬁkiiiSﬁi‘insignitis;ubi
1433 1871 1470 1948 ξ
1493 1871 1565 1952 eo
1593 1871 1721 1947 quod
1754 1883 1800 1944 Β
1828 1873 1964 1928 ctori
1999 1873 2204 1927 tribuit.
2253 1871 2578 1927 llincmarus
2609 1871 3050 1941 archiepiscopus
3078 1871 3426 1937 Rhemcnsis,

188 1948 397 2012 plurium
431 1954 627 2002 Damasi
646 1965 983 2000 successorum
1006 1953 1127 1998 vitas
1145 1948 1450 2012 contineant,
1471 1948 1600 1998 unde
1621 1957 1720 1996 tero

189 2011 243 2063 lii
267 2018 456 2064 codicis
476 2017 684 2075 scriptor
706 2027 945 2074 expresse
982 2016 1180 2072 notavit,
1211 2011 1466 2060 Damasum
1487 2021 1615 2075 non”
1634 2023 1722 2075 νοτ

191 2080 342 2126 tuisse
369 2081 466 2126 nisi
493 2071 646 2135 usque
673 2076 731 2122 ad
757 2071 841 2122 sm.
868 2084 1084 2136 tempora
1110 2071 1345 2122 scribere.
1389 2099 1448 2136 ——_
1487 2071 1548 2120 V.
1580 2071 1719 2136 Ριιζςί

189 2137 440 2188 1.οηι1ιε‹·ἰὶ
467 2133 714 2186 sententia
741 2138 941 2185 alimur
974 2133 1042 2184 'de
1086 2137 1236 2196 [-t‘iol‘i
1263 2136 1393 2183 Libri
1433 2133 1722 2182 l‘outillcaiis

190 2209 328 2260 parte
352 2215 380 2249 a
405 2202 614 2251 notariis
640 2201 912 2258 apostolica:
937 2200 1089 2257 sedis,
1115 2199 1320 2246 diversis
1355 2197 1554 2260 quidem
1593 2202 1722 2244 tem-

190 2257 415 2324 poribus,
459 2263 547 2324 sed
583 2257 757 2309 (edem
778 2261 906 2319 stylo
929 2262 1220 2324 conscripta,
1249 2268 1298 2307 ct
1323 2273 1346 2305 a
1376 2257 1580 2306 Damaso
1599 2270 1718 2318 papa

189 2321 236 2371 in
259 2321 445 2372 tabufts
465 2323 711 2371 Vaticanis
739 2330 936 2379 reperta
971 2335 1026 2368 ac
1066 2324 1122 2368 ad
1170 2321 1517 2380 Hieronymum
1558 2326 1718 2366 trans-

189 2390 348 2434 tn'tsa.
378 2412 444 2422 —
468 2386 492 2430 \
514 2385 548 2433 Ι.
580 2385 823 2432 Lambet-ii
847 2386 1094 2432 sententia
1121 2385 1448 2440 exantinatur,
1475 2387 1524 2429 et
1550 2389 1720 2429 osten-

188 2449 343 2503 ditur,
365 2449 500 2508 quod
527 2448 728 2493 notariis
745 2461 790 2508 ai
810 2445 1023 2494 ostolirte
1041 2448 1173 2508 sedis
1192 2454 1416 2508 tauquam
1437 2442 1719 2508 auctoribus

187 2512 315 2568 prior
346 2503 478 2556 Libri
509 2506 800 2556 Pontilicalis
821 2520 928 2567 pirs
951 2507 1100 2555 tribui
1130 2519 1222 2555 non
1245 2503 1392 2566 possit
1427 2503 1593 2552 -——\r'l|.
1615 2503 1717 2568 lie-

185 2565 284 2629 ijue
307 2586 334 2618 a
363 2571 578 2620 Damaso
601 2583 722 2630 papa
749 2565 943 2628 probata
969 2568 1074 2625 fuit,
1095 2577 1154 2630 nt
1177 2565 1254 2616 ex'
1283 2568 1518 2630 pluribus,
1542 2565 1719 2626 quibus

185 2626 367 2690 scatet,
391 2626 674 2689 erroribus,
692 2626 830 2678 et‘ex
858 2631 970 2691 styli
1000 2629 1208 2678 ruditate
1245 2626 1300 2678 ac
1337 2626 1663 2691 tutilorinitate
1691 2641 1715 2674 a

188 2693 339 2742 Petro
367 2707 525 2756 usque
552 2693 612 2741 ad
637 2705 722 2742 eos
743 2692 825 2740 aui
851 2690 1057 2753 septimo
1081 2692 1258 2740 saeculo
1287 2704 1325 2737 ει
1345 2690 1525 2738 derunt
1582 2701 1716 2737 mou-

186 2762 392 2805 strator.

195 2870 245 2923 1.
268 2868 411 2925 Cum
438 2868 702 2938 superiori
733 2867 909 2937 capite
933 2866 1418 2923 tnonstravcrimus
1449 2863 1718 2933 antiquio-

133 2976 236 3016 rem
264 2961 589 3031 Catalogum
620 2976 724 3013 non
752 2975 869 3014 esse
899 2958 1047 3013 illum
1079 2958 1234 3028 cujus
1259 2957 1461 3012 mentio
1505 2957 1556 3010 in
1599 2954 1717 3025 cpi-

135 3052 274 3107 stolis
295 3051 616 3120 Hieronymi
648 3059 700 3103 ct
723 3051 935 3105 Damasi
963 3064 1112 3120 papa!
1136 3049 1419 3118 reperitur,
1445 3048 1718 3116 inquiren-

135 3143 246 3197 dum
275 3152 363 3197 est
399 3142 503 3196 hoc
531 3142 710 3211 capite
739 3156 805 3194 an
838 3141 1019 3194 forsan
1051 3141 1116 3194 de
1147 3139 1307 3193 Libro
1333 3137 1631 3192 Pontiﬁcali
1664 3136 1715 3190 in

135 3234 395 3304 praedictis
419 3233 616 3286 litteris
639 3241 848 3301 agatur.
868 3231 1153 3284 Rationem
1177 3228 1453 3282 dubitandi
1480 3227 1718 3295 prarhcnt

135 3325 364 3395 plerique
423 3325 637 3380 codices
687 3323 1077 3392 manuscripti,
1128 3322 1179 3375 in
1229 3319 1424 3389 quibus
1471 3319 1552 3372 Ine
1593 3318 1713 3371 dum

135 3418 358 3488 cpistola:
389 3416 554 3472 Libro
585 3415 881 3472 Pontiﬁcali
915 3424 1320 3486 prrcpouuntur.
1367 3412 1458 3467 Sic
1505 3413 1642 3466 libro
1677 3426 1713 3464 tt

137 3510 656 3565 Commentariorum
691 3518 917 3564 testatur
948 3507 1286 3569 Lambecius,
1319 3505 1458 3575 quod
1491 3504 1590 3558 sub
1614 3519 1717 3558 nu—

138 3604 392 3658 ψει-0⁸277
409 3614 720 3658 asservetur
737 3603 788 3656 in
806 3602 1129 3656 bibliotheca
1151 3600 1392 3655 Cit-sarcir
1429 3617 1445 3647 ‹
1469 3597 1716 3651 volumen

139 3697 604 3748 membrauaccum
647 3702 1038 3763 pervetustum,
1073 3691 1359 3759 magnique
1389 3687 1542 3759 pretii
1573 3687 1624 3741 in
1656 3686 1714 3751 4,

136 3805 230 3859 quo
259 3792 578 3845 continetur
602 3789 821 3844 historia
847 3789 1208 3842 Romanorum
1233 3785 1564 3853 pontiﬁcum,
1596 3797 1714 3851 quae

137 3881 278 3952 vulgo
318 3881 543 3951 quidem
578 3879 864 3933 Anastasio
896 3875 1305 3931 bibliothecario
1336 3873 1611 3935 tribuitur,
1661 3871 1712 3924 in

138 3969 228 4025 hoc
276 3980 462 4025 autem
515 3978 570 4022 et
617 3969 736 4023 aliis
783 3976 1017 4038 quatuor
1069 3966 1405 4020 bibliothecae
1454 3963 1715 4017 Cmsarea:

136 4063 404 4118 codicibus
435 4078 566 4116 mss.
606 4061 894 4115 ascribitur
937 4061 994 4114 S.
1042 4059 1273 4114 Damaso
1318 4073 1490 4128 papae,
1525 4071 1716 4124 nempe

137 4167 342 4224 propter
384 4155 720 4227 pra'fatiouis
749 4155 868 4209 loco
903 4154 973 4207 illi
1003 4155 1249 4224 pra-ﬁxas
1277 4152 1552 4222 epistolas,
1585 4167 1718 4220 qna-

141 4261 244 4300 rum
275 4264 384 4302 una
421 4248 611 4318 incipit
638 4265 651 4299 :
683 4245 992 4301 Beatissimo
1019 4262 1167 4316 papa:
1193 4245 1422 4299 Damaso
1456 4244 1715 4316 Hierony-

138 4353 260 4393 πως.
293 4339 538 4395 Gloriam
561 4339 856 4394 sanctitatis
884 4351 988 4393 tua:
1024 4349 1199 4393 nostra
1239 4337 1507 4392 humilitas
1534 4337 1716 4407 depre-

140 4442 295 4487 catur.
333 4434 400 4487 Et
447 4434 686 4488 secunda
715 4450 728 4484 :
763 4433 1022 4486 Damasus
1065 4432 1332 4502 episcopus
1364 4431 1504 4483 urbis
1538 4428 1716 4484 Romtc

142 4519 456 4593 Hieronymo
484 4539 500 4577 :
530 4521 735 4577 Gaudet
763 4523 1000 4576 Ecclesia
1030 4533 1119 4575 ltro
1161 4522 1302 4591 fonte
1335 4523 1550 4575 satiata.
1577 4520 1715 4576 Pro-

1825 1965 1916 2036 qui
1951 1963 2149 2020 smeulo
2190 1979 2334 2019 nono
2376 1964 2626 2033 scripsit,
2658 1963 2882 2034 cpistola
2909 1964 3003 2028 28,
3045 1965 3112 2019 ad
3145 1963 3424 2020 Nicolaum

1824 2055 2092 2125 primum,
2125 2055 2284 2125 hujus
2334 2053 2456 2109 libri
2485 2055 2583 2110 sub
2614 2054 2766 2110 titulo
2796 2054 2940 2108 Libri
2971 2054 3279 2125 episcopalis
3312 2069 3425 2110 me-

1824 2147 2012 2210 minit,
2045 2162 2206 2216 quem
2235 2146 2364 2201 nulli
2407 2146 2562 2216 plane
2590 2146 2798 2202 auctori
2827 2147 3072 2203 ascribit.
3104 2147 3425 2218 ltodulpltus

1825 2237 2128 2310 presbyter,
2158 2237 2252 2308 qui
2289 2237 2482 2293 eodem
2527 2246 2769 2306 tempore
2794 2252 2917 2292 cum
2962 2237 3254 2292 Hincmaro
3281 2235 3425 2292 Rbe-

1823 2327 1994 2382 mcnsi
2028 2328 2190 2390 vixit,
2237 2327 2291 2380 in
2336 2326 2444 2380 vita
2479 2326 2683 2380 llabani
2716 2326 2950 2391 abbatis,
2983 2341 3080 2397 per
3107 2325 3425 2382 Browerum

1823 2420 1914 2474 lib.
1947 2436 2005 2474 Ill
2051 2419 2194 2474 inter
2221 2418 2586 2487 Antiquitatcs
2625 2417 2922 2472 Fuldcnses
2962 2417 3129 2480 edita,
3174 2416 3421 2486 quaedam

1821 2512 1886 2566 de
1905 2512 2145 2582 reliquiis
2173 2518 2486 2566 sanctorum
2515 2526 2578 2563 ex.
2599 2507 2768 2563 Gesti:
2789 2507 3181 2579 pontiﬁcalibus
3205 2507 3418 2575 citavit,

1821 2603 1915 2657 sed
1968 2617 2308 2673 nequaquam
2360 2619 2422 2658 ea
2468 2604 2699 2658 Damaso
2742 2603 3026 2658 tribuenda
3078 2616 3200 2657 esse
3253 2600 3414 2658 dixit.

1822 2695 1880 2750 S.
1905 2694 1995 2749 ivo
2015 2694 2368 2751 Carnotcnsis
2393 2695 2692 2767 Episc'Opus
2713 2697 2906 2766 sacpius
2946 2705 3101 2766 parte
3127 2711 3178 2750 tv
3204 2692 3416 2751 Decrcti

1819 2785 2043 2840 Librum
2073 2785 2440 2841 Pontiﬁcaletn
2465 2788 2620 2853 citat,
2647 2788 2741 2842 sed
2769 2786 2953 2842 nuliibi
2981 2800 3102 2841 eum
3131 2801 3160 2840 a
3187 2788 3420 2842 Damaso

1821 2890 2042 2934 auctore
2069 2883 2436 2950 conscriptum
2467 2881 2634 2936 fuisse
2663 2882 2864 2953 prodit.
2896 2882 3108 2937 Titulus
3133 2883 3326 2952 capitis
3346 2881 3417 2939 94

1820 2982 1902 3026 est
1931 2973 2032 3028 iste
2064 2990 2075 3025 :
2113 2971 2188 3026 De
2227 2973 2370 3027 libris
2403 2972 2602 3027 Gelasii
2626 2991 2691 3028 ex
2716 2973 2874 3028 Libro
2904 2973 3229 3043 Ponti/icali.
3261 2973 3415 3030 Titu-

1821 3064 1904 3119 lus
1938 3066 2134 3136 capitis
2163 3065 2262 3119 124
2289 3084 2302 3120 :
2335 3065 2469 3120 Item
2508 3067 2570 3122 tle
2606 3067 3003 3137 conﬁrmatione
3033 3079 3191 3122 sexta:
3225 3072 3391 3139 synod

1821 3173 1884 3211 ex
1928 3156 2083 3210 Libro
2132 3155 2453 3226 Pontiﬁcali.
2497 3157 2850 3222 Ronmaldus,
2896 3157 2986 3228 qui
3031 3175 3059 3212 a
3103 3157 3246 3213 Luca
3289 3157 3415 3212 Hol-

1745 3267 1788 3327 C
1823 3249 1997 3302 stcnio
2028 3249 2331 3319 presbyter,
2363 3251 2430 3303 ab
2462 3249 2582 3306 aliis
2617 3249 2992 3305 Saleruitanus
3023 3252 3307 3322 episcopus
3333 3251 3413 3307 di-

1819 3339 1981 3400 citur,
2019 3338 2070 3391 in
2105 3337 2373 3402 Historia,
2403 3355 2524 3408 quzc
2555 3340 2921 3409 manuscripta
2954 3340 3140 3395 Roma:
3167 3356 3414 3396 asserva-

1823 3437 1928 3493 tur,
1960 3428 2104 3483 lumc
2133 3428 2330 3482 librum
2361 3428 2680 3498 simpliciter
2711 3428 3070 3494 Pontiﬁcalem
3101 3441 3290 3497 vocat;
3321 3431 3410 3497 Ut,

1821 3520 1992 3589 inquit
2019 3521 2209 3591 pagina
2238 3521 2328 3585 80,
2359 3522 2413 3575 in
2446 3519 2750 3591 l’onti/icali
2781 3521 2992 3592 legitur.
3023 3522 3089 3578 Et
3116 3533 3172 3577 ttt
3203 3523 3408 3586 ﬁniarn,

1819 3611 2094 3668 Laborans
2120 3613 2410 3668 cardinalis
2441 3613 2491 3667 in
2513 3614 2892 3684 compilationc
2921 3613 3260 3668 decretorum
3285 3627 3410 3669 uac-

1821 3711 1974 3758 tcuns
2027 3718 2132 3758 non
2161 3705 2328 3768 edita,
2361 3720 2480 3773 qua:
2528 3704 2579 3758 in
2609 3705 2830 3759 archivo
2873 3705 3110 3759 basiliczc
3152 3703 3410 3776 principis

1819 3795 2184 3865 apostolorum
2217 3797 2282 3852 de
2327 3797 2490 3861 Urbe,
2533 3795 2618 3851 cui
2651 3797 2765 3852 haec
2808 3797 3051 3852 scribens
3089 3796 3409 3867 prmpositus

1819 3899 1961 3949 sum,
1991 3886 2277 3956 reperitur,
2310 3886 2394 3940 bis
2423 3886 2747 3940 mentionem
2780 3885 2906 3939 facit
2938 3883 3097 3952 hujus
3126 3884 3280 3950 libri,
3317 3885 3404 3939 cui

1819 3977 2032 4031 titulum
2062 3976 2333 4030 Gestorum
2373 3977 2754 4045 pontiﬁcalium
2813 3977 2999 4031 tribuit
3032 3995 3043 4029 :
3079 3984 3233 4045 parte
3261 3974 3405 4030 enim

1817 4083 1876 4132 ιι,
1910 4082 2028 4136 cap.
2063 4067 2147 4127 10,
2175 4066 2334 4119 Gesta
2365 4065 2692 4134 pontilicalia
2723 4064 2876 4127 citat,
2906 4074 2961 4117 et
2988 4072 3140 4133 parte
3177 4079 3255 4128 χι,
3283 4077 3406 4131 cap.

1819 4160 1870 4223 6,
1901 4175 1965 4213 ea:
2006 4156 2177 4212 Gcstis
2213 4156 2570 4210 Romanorum
2605 4156 2910 4226 pontiﬁcum
2957 4155 3159 4224 Agat/to
3197 4155 3407 4206 natione

1819 4250 2051 4314 Siculus,
2083 4259 2188 4304 etc.
2233 4249 2331 4304 Ubi
2365 4249 2548 4304 videre
2588 4248 2713 4303 licet
2752 4247 3108 4301 Laborantem
3153 4245 3405 4301 cardina-

1819 4343 1922 4397 lem
1952 4341 2080 4396 nulli
2113 4339 2322 4394 auctori
2359 4339 2613 4394 tribuisse
2655 4338 2847 4393 librum
2874 4353 2980 4410 quo
3004 4335 3165 4394 Gesta
3209 4335 3406 4392 Roma-

1818 4452 2009 4492 norum
2040 4440 2351 4510 pontiﬁcum
2383 4439 2744 4494 continentur.

1889 4530 1942 4584 5.
1986 4529 2061 4583 Ea
2111 4529 2343 4584 Damaso
2385 4546 2534 4600 papa:
2572 4530 2770 4583 tributa
2816 4543 2935 4584 esse
2967 4545 2996 4581 a
3045 4526 3100 4582 S.
3147 4523 3406 4581 Ansclmo

139 4623 247 4682 pter
266 4615 368 4669 bas
398 4615 568 4686 igitur
592 4615 725 4668 duas
751 4614 1022 4684 epistolas,
1052 4613 1223 4684 pergit
1254 4613 1447 4666 ibidem
1484 4613 1712 4668 Lambc-
1743 4629 1791 4690 ι)
1821 4617 2046 4673 Lucensi
2069 4660 2083 4684 ,
2131 4619 2440 4690 aliquandiu
2485 4620 2711 4684 credidi,
2757 4636 2821 4674 eo
2868 4618 3010 4688 quod
3060 4617 3198 4672 libro
3241 4616 3403 4672 tertio

139 4706 405 4777 cius,qure
435 4725 542 4762 non
571 4707 743 4762 solum
772 4709 826 4760 in
846 4705 959 4776 jam
985 4705 1296 4760 memoratis
1320 4705 1714 4770 angustissinnc

139 4793 470 4855 bibliotheca:
487 4798 765 4862 Cmsaretc,
793 4815 977 4852 verum
1000 4798 1158 4852 etiam
1178 4798 1401 4851 aliarum
1426 4797 1712 4852 illustrium

141 4888 580 4948 bibliothecarum
627 4892 902 4948 codicibus
949 4891 1263 4960 quibusdam
1317 4905 1442 4944 mss.
1478 4891 1715 4945 historia:

141 4984 218 5039 isti
257 4989 326 5041 de
373 4986 515 5042 Vitis
561 4988 875 5057 pontiﬁcum
909 4987 1270 5040 Romanorum
1303 4989 1535 5057 pneﬁxrc
1563 4996 1710 5054 sunt,

142 5080 395 5133 Creditum
429 5094 459 5132 a
489 5077 763 5133 nonnullis
793 5086 876 5132 est
915 5078 1154 5132 omnium
1184 5077 1396 5131 illarmn
1441 5076 1713 5144 Vilarutn,

142 5182 249 5237 qua:
288 5185 355 5225 eo
400 5185 566 5240 opere
604 5170 949 5224 continentur
989 5186 1016 5222 a
1054 5168 1114 5223 S.
1147 5167 1310 5223 Petro
1353 5167 1715 5240 apostolorum

143 5261 372 5331 principe
388 5275 559 5330 usque
580 5261 647 5315 ad
671 5271 916 5316 sanctum
943 5261 1256 5325 Damasum,
1271 5260 1444 5331 ipsum
1472 5270 1716 5315 sanctum

145 5350 422 5408 Damasum
449 5368 570 5409 esse
599 5364 896 5409 auctorem.
941 5373 959 5404 ι

135 5483 138 5494 ι
201 5447 255 5502 2.
297 5447 557 5517 Quamvis
593 5458 776 5502 autem
820 5447 1146 5503 Lambecius
1181 5447 1321 5502 hanc
1361 5447 1716 5518 quorumdam

143 5540 441 5607 opinionem
465 5549 751 5612 proponat,
777 5550 921 5595 recte
948 5549 1127 5595 tamen
1148 5541 1398 5594 observat
1419 5540 1720 5610 complures

144 5627 211 5683 illi
240 5632 613 5687 contradicere
644 5641 755 5686 tum
799 5633 869 5686 ob
896 5631 1028 5686 alias
1065 5630 1323 5696 rationes,
1360 5640 1468 5684 tum
1496 5631 1564 5684 ob
1599 5646 1719 5684 eam

144 5723 404 5794 praecipue
439 5723 582 5793 quod
611 5721 675 5779 D.
703 5721 1060 5794 Hieronymus
1087 5721 1224 5778 libro
1252 5721 1318 5776 de
1355 5720 1722 5792 Scriptoribus

148 5812 536 5873 Ecclesiasticis
562 5830 724 5887 opera
751 5817 965 5872 Damasi
991 5831 1148 5887 papae
1176 5832 1484 5884 recensens,
1521 5817 1719 5873 nullam

1820 4710 2055 4772 Decrcti,
2077 4711 2218 4780 quod
2245 4710 2674 4780 manuscriptum
2704 4710 2969 4779 reperitur
2998 4708 3049 4761 in
3077 4705 3402 4761 bibliotheca

1818 4801 2110 4856 Barberina
2147 4801 2355 4874 legatur
2394 4821 2406 4856 :
2459 4823 2474 4853 ι
2527 4802 2600 4856 De
2639 4801 2850 4855 Liberio
2891 4813 3027 4870 papa
3067 4807 3124 4853 et
3155 4795 3400 4851 admoni-

1820 4892 1963 4947 tione
1994 4891 2151 4959 ejus:
2184 4909 2247 4948 ex
2281 4894 2445 4964 gestis
2485 4893 2695 4948 Damasi
2742 4908 2891 4962 papa:
2940 4891 3021 4944 tit.
3057 4889 3178 4944 120.
3225 4889 3402 4944 Iratus

1818 4993 1901 5037 est
1928 4983 2274 5038 vehementer
2301 4983 2649 5038 Constantius
2686 4983 2979 5052 imperator
3013 4991 3204 5036 contra
3248 4981 3404 5038 Libe-

1823 5076 1996 5142 rium,
2037 5086 2090 5131 ct
2117 5077 2278 5146 jussit
2304 5090 2426 5130 eum
2457 5085 2610 5130 extra
2643 5075 2914 5128 civitatem
2946 5074 3210 5130 habitare.
3244 5075 3408 5130 Habi-

1828 5167 1971 5222 tabat
2014 5179 2192 5223 autem
2239 5169 2305 5223 ab
2351 5169 2481 5222 urbe
2530 5166 2698 5220 Burria
2745 5166 2996 5222 milliario
3043 5168 3204 5224 tertio
3251 5168 3407 5238 quasi

1824 5261 1976 5315 exsul
2006 5262 2057 5314 in
2088 5261 2505 5316 cmmiterio.....
2538 5261 2623 5315 via
2667 5259 2896 5314 Salaria.
2928 5261 3190 5317 Veniente
3225 5270 3409 5316 autem

1826 5354 1911 5410 die
1942 5355 2162 5408 Pascha:
2190 5353 2398 5408 vocavit
2433 5352 2713 5408 universos
2758 5355 3101 5425 presbyteros
3136 5355 3412 5411 Romanos

1826 5455 1879 5500 et
1908 5446 2182 5510 diuCtanS,
2224 5454 2277 5499 et
2307 5444 2447 5499 sedit
2487 5433 2538 5499 in
2570 5445 2758 5500 eodem
2788 5447 3112 5512 cmmitcrio,
3141 5455 3195 5502 ct
3225 5447 3360 5500 dixit
3395 5465 3407 5500 :

1825 5537 2000 5594 Nolite
2030 5539 2238 5603 timere,
2265 5539 2391 5609 quia
2423 5538 2701 5595 vobiscum
2731 5555 2836 5593 non
2866 5539 3052 5594 habito
3082 5539 3136 5593 in
3165 5540 3407 5603 civitate,

1824 5630 2036 5684 habetis
2063 5629 2319 5684 vicarium
2349 5638 2591 5684 nostrum
2640 5629 2861 5684 fratrem
2909 5640 2964 5686 et
3009 5629 3410 5701 comprcsbyte-

1825 5737 1945 5777 rum
1979 5720 2295 5788 Damasum,
2333 5722 2487 5793 cujus
2519 5722 2884 5777 testimonium
2914 5737 3008 5777 vos
3054 5719 3184 5776 mihi
3225 5720 3409 5789 perhi-

1827 5815 2038 5871 buistis.
2077 5833 2092 5866 ι
2126 5813 2187 5868 Et
2208 5814 2365 5885 paulo
2393 5824 2510 5888 post
2542 5833 2555 5869 :
2595 5835 2609 5866 ς
2637 5814 2845 5869 Domini
2877 5813 3047 5869 sancti
3075 5821 3128 5873 et
3162 5825 3414 5883 cotnpre-
