3976 6312
594 350 699 433 ωδ

1301 347 1397 403 AD
1428 296 1867 404 AlVASTASIUM
1905 339 2417 402 PROLEGOMENA
2456 339 2634 396 EDIT.
2674 338 3100 396 ROM.-VATIC.

3755 339 3863 397 196

590 466 823 540 sbyteri,
856 463 1020 520 nolite
1060 463 1300 535 cogitare
1341 463 1409 519 de
1436 464 1700 528 crastino,
1743 462 1823 517 sic
1860 459 2004 516 enim
2032 459 2168 517 dixit
2197 463 2242 519 Α
2270 456 2350 511 cis
2375 455 2532 510 verba
2557 469 2571 508 :
2599 453 2725 508 licet
2749 453 2893 508 enim
2916 460 3107 508 auctor
3133 449 3276 507 illius
3306 451 3593 510 manifeste
3624 440 3867 510 amt-met

590 557 851 627 magister
893 564 1097 611 noster.
1134 574 1153 605 ι
1190 553 1392 609 Eadem
1421 554 1643 608 omnino
1682 552 1845 606 habet
1883 549 2174 605 cardinalis

590 643 885 701 Deusdedit
905 644 957 700 in
981 644 1347 713 manuscripta
1368 642 1696 718 collectione
1720 640 1920 697 Victori
1948 638 2010 693 lll
2036 654 2173 693 nun-

589 745 808 809 cupata,
836 735 991 804 cujus
1017 733 1269 798 unicum,
1302 742 1356 788 ut
1389 743 1539 803 puto,
1569 731 1845 801 exemplar
1886 731 1939 784 in
1983 729 2170 784 biblio-

591 825 748 881 theca
777 823 1031 880 Vaticana
1060 831 1389 879 asservatur.
1422 823 1585 878 Libro
1612 822 1755 877 enim
1783 837 1846 885 ll,
1876 820 2051 889 capite
2077 819 2168 883 26,

587 931 712 987 cum
758 917 813 972 in
859 916 1104 986 margine
1151 925 1341 971 auctor
1385 915 1714 970 collectionis
1763 922 2001 968 notasset
2045 930 2058 966 :
2106 929 2171 967 ea:

585 1013 745 1083 gestis
771 1013 992 1068 Damasi
1032 1029 1208 1083 papa’,
1232 1012 1387 1083 ponit
1418 1021 1623 1067 textum
1654 1018 1711 1066 ut
1752 1010 2037 1066 Anselmus
2065 1008 2170 1063 Lu-

585 1104 765 1171 censis
808 1104 893 1160 his
934 1103 1114 1159 verbis
1154 1116 1169 1156 :
1212 1102 1418 1157 Liberio
1464 1104 1786 1158 vehementer
1831 1101 2168 1157 Constantius

584 1194 869 1264 imperator
890 1194 1057 1247 iratus
1083 1202 1190 1257 est;
1214 1204 1260 1246 et
1277 1192 1439 1262 jussit
1462 1208 1580 1247 eum
1609 1202 1758 1247 extra
1787 1192 2046 1245 civitatem
2071 1192 2166 1245 Ita-

586 1287 774 1351 bitare,
804 1295 908 1357 etc.
952 1284 1081 1341 Haec
1103 1284 1246 1341 enim
1287 1299 1411 1340 cum
1440 1284 1615 1354 primo
1654 1284 1850 1338 intuitu
1892 1282 2163 1352 legissem,

583 1376 788 1433 credidi
814 1394 844 1432 a
868 1377 1075 1432 duobus
1099 1375 1183 1431 his
1209 1374 1561 1445 scriptoribus
1588 1388 1655 1428 ex
1680 1372 1843 1428 Libro
1865 1371 2163 1428 Pontilicali

585 1469 952 1525 teStimonium
984 1467 1200 1533 all'erri,
1235 1466 1493 1537 illumque
1531 1465 1725 1520 librum
1756 1464 1984 1519 Damaso
2012 1479 2163 1535 papze

583 1566 651 1619 ab
676 1565 807 1635 ipsis
841 1563 1027 1633 tribui.
1064 1562 1259 1618 Verum
1305 1559 1403 1614 ubi
1438 1558 1751 1630 praedictum
1796 1556 2161 1612 testimonium

581 1655 635 1712 in
661 1654 822 1711 Libro
844 1652 1146 1721 Pontiﬁcali
1171 1651 1476 1707 nullatenus
1499 1650 1698 1720 reperi,
1719 1663 1958 1704 errorem
1985 1663 2162 1703 meum

581 1745 959 1810 animadverti,
1000 1752 1056 1799 et
1098 1758 1437 1813 nequaquam
1480 1741 1568 1797 hic
1608 1739 1827 1797 Librum
1872 1739 2159 1793 Pontiﬁca-

580 1835 714 1895 lem,
761 1835 855 1891 sed
894 1805 1100 1900 Vitam,
1142 1805 1234 1889 seu
1281 1805 1430 1905 gesta
1472 1832 1688 1887 Damasi
1734 1846 1915 1902 papae,
1963 1846 2084 1902 qua:
2125 1846 2156 1885 a
2190 1805 2237 1864 Β

580 1925 889 1981 ltlombritio
926 1939 992 1979 ex
1040 1924 1277 1994 antiquis
1324 1939 1452 1979 mss.
1496 1910 1774 1978 codicibus
1817 1922 1960 1978 edita
2009 1930 2156 1988 sunt,

579 2015 737 2069 citari
770 2014 1017 2086 cognovi.
1049 2013 1164 2068 Non
1197 2014 1384 2068 tribuit
1428 2013 1609 2082 itaque
1655 2013 1843 2068 beatus
1872 2012 2161 2068 Anselmus

579 2116 733 2178 gesta
774 2106 1134 2161 llomanornm
1166 2106 1481 2176 pontiﬁcum
1521 2105 1752 2160 Damaso
1779 2120 1956 2175 paprc,
1992 2111 2045 2159 et
2074 2103 2162 2157 Li—

580 2198 735 2257 brum
762 2197 1130 2253 Puntiﬁcalem
1160 2199 1230 2253 ibi
1262 2214 1366 2254 non
1399 2198 1602 2263 citavit,
1631 2197 1791 2268 idque
1816 2197 2159 2253 manifestum

579 2290 642 2346 ﬁt
667 2306 737 2347 ex
760 2291 919 2346 titulo
950 2291 1042 2345 l2l
1088 2309 1101 2344 :
1142 2290 1219 2345 De
1255 2289 1439 2345 exsilio
1465 2288 1660 2343 Liberii
1697 2305 1864 2359 papa,
1907 2298 1954 2342 et
1986 2285 2162 2342 Felire

573 2382 691 2452 ejus
735 2382 954 2436 consilio
1001 2381 1244 2436 ordinato
1287 2397 1352 2434 ca:
1403 2378 1725 2449 Ponti/lculi.
1770 2379 2158 2435 Testimonium

577 2474 724 2531 enim
753 2464 895 2545 quod
928 2475 1031 2530 hac
1060 2473 1127 2528 de
1170 2488 1228 2527 re
1267 2473 1520 2538 exhibet,
1562 2473 1615 2526 in
1657 2471 1828 2547 Libro.
1857 2469 2159 2528 Pontiﬁcali

578 2564 868 2636 reperitur,
898 2579 1059 2635 quem
1087 2573 1144 2618 ut
1174 2580 1239 2620 ex
1274 2563 1443 2618 titulis
1485 2562 1616 2633 ipsis
1643 2570 1893 2633 apparet,
1927 2578 1958 2617 a
1993 2562 2161 2634 gestis

579 2656 795 2713 Damasi
839 2655 1153 2725 distinguit,
1187 2663 1348 2725 prout
1388 2653 1550 2708 etiam
1584 2653 1830 2707 distinxit
1868 2649 2159 2707 cardinalis

577 2745 907 2810 Deusdedit,
933 2746 1023 2815 qui
1051 2745 1189 2800 libro
1218 2747 1291 2810 η’,
1321 2730 1471 2799 num.
1500 2744 1587 2810 75,
1617 2762 1682 2799 ea:
1710 2738 1947 2798 Romano
1978 2743 2163 2799 Ponti-

576 2835 722 2905 ῥαιιὶ
752 2836 906 2907 plura
940 2835 1253 2905 pontiﬁcum
1288 2835 1501 2891 decreta
1533 2834 1718 2899 refert,
1749 2849 1869 2905 quae
1893 2834 2074 2888 omnia
2105 2833 2159 2888 in

579 2925 742 2983 Libro
767 2926 1069 2982 Pontiﬁcali
1108 2927 1472 2996 reperiuntur,
1500 2940 1660 2995 quem
1690 2938 2027 2995 nequaquam
2060 2922 2162 2978 Da-

578 3035 731 3075 maso
761 3019 1104 3075 tribuendum
1133 3034 1252 3074 esse
1280 3016 1532 3074 aﬁirmat.

647 3110 703 3165 4.
744 3109 878 3165 Cum
915 3126 981 3165 ex
1016 3109 1288 3179 praedictis
1320 3110 1645 3165 sutliricnter
1684 3116 1897 3165 constet
1923 3110 1992 3164 ab
2020 3109 2160 3164 anti-

576 3203 700 3272 quis
741 3188 1096 3272 scriptoribus
1139 3201 1361 3257 Librum
1404 3199 1771 3255 Pontiﬁcalem
1818 3215 2155 3271 nequaquam

582 3294 814 3350 Damaso
857 3309 1010 3366 papae
1056 3295 1314 3349 tributum
1362 3291 1549 3358 fuisse,
1586 3292 1873 3347 videndum
1906 3308 2048 3347 nunc
2076 3299 2160 3347 est

580 3385 649 3439 de
693 3382 1075 3455 manuscriptis
1104 3384 1342 3454 ejusdem
1382 3382 1503 3438 libri
1548 3381 1844 3446 codicibus,
1887 3397 1954 3435 an
1996 3382 2049 3436 in
2092 3381 2158 3435 iis

578 3474 716 3530 liber
743 3475 831 3531 ille
875 3476 1108 3532 Damaso
1139 3475 1427 3531 scribatur.
1475 3474 1837 3545 Reperiuntur
1874 3474 1928 3528 in
1966 3473 2161 3529 biblio-

579 3569 738 3625 theca
768 3569 1024 3624 Vaticana
1059 3568 1162 3622 tria
1203 3567 1359 3634 hujus
1388 3566 1509 3622 libri
1540 3566 1865 3637 exemplaria
1884 3606 1898 3629 ,
1929 3580 2158 3635 quorum

579 3658 809 3714 alterum
852 3659 951 3723 sub
988 3674 1214 3714 numero
1239 3657 1379 3712 5762
1419 3656 1734 3712 custoditur.
1772 3653 1874 3710 Ubi
1905 3653 2158 3709 exhibitis

580 3748 709 3805 folio
741 3751 761 3802 l
796 3765 956 3820 supra
983 3748 1165 3804 citatis
1208 3746 1419 3802 Damasi
1463 3755 1520 3801 et
1546 3744 1856 3817 Hieronymi
1894 3740 2165 3814 epistolis,

580 3834 919 3895 subnectitur
965 3840 1055 3894 hic
1093 3838 1278 3893 titulus
1318 3856 1332 3892 :
1377 3837 1444 3892 In
1485 3838 1692 3892 nomine
1726 3835 1940 3890 Domini
1977 3835 2157 3906 incipit

579 3934 739 3987 series
777 3931 1083 4002 pontiﬁcum
1130 3930 1506 3999 Romanorum,
1547 3930 1636 4000 qui
1669 3929 1724 3982 in
1755 3927 1875 3982 sede
1905 3925 1970 3981 Β.
2011 3927 2159 3983 Petri

579 4022 803 4098 apostoli
838 4023 902 4077 ab
932 4024 1043 4094 ipso
1075 4038 1235 4095 usque
1265 4021 1335 4076 ad
1372 4022 1468 4075 Itoc
1510 4031 1709 4090 tempus
1743 4019 2006 4074 sederunt.
2053 4019 2158 4074 Ex-

581 4114 730 4171 hibet
758 4123 936 4169 autem
967 4114 1117 4170 Vitas
1149 4128 1320 4185 usque
1349 4112 1415 4167 ad
1443 4110 1738 4167 Honorium
1774 4110 1837 4164 Ill
1855 4151 1870 4175 ,
1897 4111 1986 4180 qui
2015 4124 2158 4164 anno

584 4208 716 4265 1151
750 4208 1010 4272 decessit,
1053 4207 1126 4262 ita
1168 4216 1226 4263 ut
1263 4207 1351 4261 hic
1377 4204 1658 4277 pontiﬁces
1700 4203 2036 4273 reperiantur
2065 4201 2155 4271 qui

578 4315 678 4371 per
706 4298 809 4354 700
834 4314 1006 4354 annos
1031 4308 1151 4369 post
1175 4306 1401 4353 mortem
1442 4298 1656 4352 Damasi
1686 4297 1959 4359 sederunt,
1991 4296 2154 4350 adco-

582 4408 689 4462 que
734 4391 997 4447 Damasus
1039 4406 1376 4461 nequaquam
1426 4387 1585 4459 hujus
1630 4388 1777 4443 Libri
1826 4386 2158 4441 Pontiﬁcalis

583 4492 774 4539 auctor
809 4498 949 4538 esse.
972 4482 1159 4552 possit.
1202 4481 1509 4537 Secundum
1550 4479 1826 4551 exemplar
1863 4480 1963 4535 sub
2007 4496 2151 4533 ιιιιιιι.

585 4574 745 4641 5269,
775 4575 971 4648 pagina
995 4575 1085 4639 £9,
1113 4584 1237 4647 post
1276 4575 1561 4644 praedictas
1590 4574 1818 4639 litteras,
1861 4574 2030 4629 refert
2056 4573 2158 4629 Ca-

586 4668 821 4742 talogum
863 4668 1229 4723 Romanorum
1276 4667 1588 4739 pontiﬁcum
1632 4683 1663 4721 a
1703 4667 1864 4722 Petro
1891 4682 2061 4736 usque
2088 4667 2157 4722 ad

583 4759 901 4830 Gregorium
930 4758 971 4813 ll
991 4800 1006 4825 ,
1038 4758 1358 4827 illorumque
1384 4755 1536 4813 Vitas
1561 4758 1676 4813 sine
1703 4757 1811 4813 ullo
1848 4757 2001 4812 titulo
2032 4758 2159 4814 sub-

584 4851 775 4916 nectit,
802 4851 928 4921 quia
955 4851 1154 4921 Optime
1176 4858 1501 4921 cognoverat
1524 4850 1842 4920 tabellarius
1869 4850 2154 4905 Damasum

584 4954 859 4997 auctorem
890 4957 1009 4998 esse
1041 4958 1145 4997 non
1174 4941 1411 5013 potuisse
1442 4941 1770 4997 Pontiﬁcalis
1799 4940 1958 5010 hujus
1987 4940 2156 5006 Libri,

586 5029 678 5100 qui
711 5037 789 5085 tot
830 5030 1110 5099 pontiﬁces
1138 5047 1166 5083 a
1196 5039 1381 5095 morte
1418 5030 1631 5086 Damasi
1660 5045 1831 5101 usque
1858 5032 1924 5084 ad
1951 5030 2156 5102 Grego-

589 5118 730 5174 rium
757 5119 1047 5173 sccnndum
1086 5119 1344 5189 adiungit.
1375 5120 1614 5176 Tertium
1661 5131 1840 5176 autem
1884 5121 2161 5191 exemplar

588 5210 689 5267 sub
714 5225 860 5264 num.
885 5209 1024 5264 5765
1048 5210 1409 5268 Romanorum
1436 5212 1750 5283 pontiﬁcum
1768 5214 1919 5269 Vitas
1942 5230 1970 5269 a
1999 5206 2160 5269 Petro

590 5302 658 5357 ad
691 5300 977 5356 Martinum
1023 5303 1265 5371 quintum
1307 5307 1671 5376 prosequitur,
1714 5321 1778 5361 ac
1818 5306 1944 5362 l‘olio
1984 5307 2160 5377 primo

588 5393 805 5467 quidem
835 5395 970 5463 duas
996 5394 1245 5465 pra-latas
1271 5398 1524 5468 epistolas
1552 5400 1721 5470 ponit,
1753 5400 1847 5455 sed
1875 5399 1976 5455 hoc
2006 5400 2161 5454 titulo

588 5488 669 5543 eis
688 5486 910 5557 ρι’ωῆκο
929 5505 941 5540 :
961 5485 1116 5540 Liber
1132 5488 1228 5542 iste
1250 5488 1548 5545 inlitulatur
1569 5507 1588 5546 :
1612 5489 1876 5547 Damasus
1896 5491 1963 5547 de
1982 5491 2162 5549 Gestis

587 5574 907 5631 Pontiﬁcum
938 5592 952 5628 :
982 5576 1071 5630 sed
1093 5593 1209 5630 cum
1238 5594 1340 5632 non
1377 5580 1600 5648 potuerit
1632 5581 1733 5635 nisi
1766 5598 1926 5652 usque
1963 5581 2032 5636 ad
2064 5599 2163 5638 sua

588 5675 819 5735 tempora
854 5663 1095 5729 scribere,
1119 5666 1257 5738 quod
1285 5661 1681 5738 superadditum
1702 5680 1776 5725 est
1795 5711 1810 5736 ,
1838 5670 2054 5726 alterius
2086 5670 2163 5727 est

591 5753 839 5821 auctoris,
864 5755 1016 5826 cujus
1046 5773 1229 5812 nomen
1261 5773 1361 5813 non
1392 5766 1559 5816 teneo.
1592 5757 1833 5816 Notanda
1859 5770 1984 5816 sunt
2013 5762 2163 5817 codi-

2182 3161 2230 3225 C

2190 4530 2238 4590 Ι)

2275 546 2496 603 Librum
2532 545 2931 611 Pontiﬁcalem,
2966 560 3075 615 quo
3109 545 3243 600 Vitze
3272 543 3644 601 Romanorum
3685 547 3872 617 ponti-

2272 636 2432 692 ﬁcum
2463 652 2493 691 a
2523 636 2756 693 Damaso
2782 653 2953 707 usque
2994 637 3061 691 ad
3095 635 3382 691 Martinum
3416 635 3459 691 V
3489 638 3869 701 continentur.

2271 729 2506 784 Damaso
2549 743 2703 798 papa:
2747 727 2948 782 ascribi
2972 742 3104 781 [non
3155 741 3345 796 posse,
3390 727 3635 783 iudicum
3681 737 3867 782 tamen

2270 820 2484 876 videtur
2512 819 2667 874 Vitas
2688 818 3018 889 pontiﬁcum
3050 834 3079 872 a
3112 818 3175 872 D.
3208 817 3369 872 Petro
3394 833 3565 886 usque
3600 818 3669 872 ad
3704 817 3872 872 Libe-

2271 914 2410 968 rium
2457 913 2669 981 Damasi
2716 914 3175 983 przetlecessorcm
3209 928 3239 966 a
3270 912 3502 968 Damaso
3536 913 3659 984 ipso
3695 912 3869 968 fuisse

2268 1003 2621 1072 conscriptas.
2666 1001 2837 1069 Quam
2880 1001 3190 1072 opinionem
3235 1001 3635 1073 quodammodo
3665 1002 3869 1071 ample-

2269 1109 2370 1149 xus
2395 1103 2479 1149 est
2512 1092 2703 1148 Petrus
2738 1091 3063 1149 Lambecius
3099 1092 3237 1148 libro
3263 1107 3302 1146 ιι
3326 1091 3865 1147 Commentariorum

2266 1188 2612 1245 Bibliotheca:
2630 1188 2917 1255 (ἔρδει-θαι,
2958 1187 3135 1258 capite
3163 1187 3216 1249 8,
3250 1188 3338 1242 ubi
3366 1184 3467 1243 sub
3497 1202 3733 1244 numero
3756 1186 3865 1245 277

2268 1287 2504 1334 mentem
2535 1294 2688 1334 suam
2716 1278 2951 1348 explicat
2976 1278 3327 1348 sequentibus
3351 1277 3572 1333 verbis:

2336 1368 2390 1423 5.
2448 1388 2466 1421 ι
2511 1368 2851 1433 Verisimile,
2897 1368 3095 1438 inquit,
3146 1367 3279 1424 mihi
3326 1368 3569 1432 videtur,
3624 1367 3861 1437 primam

2267 1458 2505 1516 historia:
2545 1461 2701 1515 istius
2727 1459 2797 1515 de
2824 1460 2966 1515 Vitis
2992 1459 3304 1530 pontiﬁcum
3346 1459 3721 1514 Romanorum
3750 1461 3862 1515 ori-

2265 1552 2444 1623 ginem
2485 1568 2592 1608 non
2635 1560 2843 1607 tantum
2891 1550 2949 1607 8.
2979 1552 3209 1609 Damaso
3237 1550 3408 1606 multo
3434 1565 3555 1607 esse
3583 1551 3862 1621 antiquio-

2265 1658 2404 1708 rem,
2431 1657 2619 1697 verum
2641 1641 2804 1695 etiam
2836 1641 2964 1695 inde
2991 1655 3022 1694 a
3050 1640 3224 1711 prima
3256 1638 3591 1694 notariorum
3620 1638 3682 1694 8.
3716 1640 3861 1696 sedis

2265 1731 2572 1802 apostolica:
2601 1745 2697 1801 per
2721 1728 2779 1785 8.
2810 1744 3005 1800 papam
3033 1727 3365 1785 Clementem
3391 1728 3741 1790 institutione
3767 1729 3861 1784 de-

2265 1824 2544 1879 rivandam
2592 1830 2648 1877 et
2697 1822 3041 1891 repetendam
3093 1835 3231 1876 esse.
3281 1819 3415 1875 Cum
3458 1821 3610 1874 enim
3660 1821 3857 1875 horum

2265 1913 2601 1970 notariorum
2649 1913 2977 1982 praecipuum
3023 1926 3219 1967 munus
3260 1909 3424 1967 fuerit
3450 1921 3600 1979 gesta
3632 1921 3856 1966 sancto-

2264 2018 2381 2057 rum
2430 2011 2728 2074 martyrum
2768 2001 2996 2056 sollicite
3047 2010 3104 2056 et
3144 2001 3360 2055 curiose
3405 2001 3763 2070 perquirere,
3802 2010 3857 2055 et

2265 2094 2549 2165 diligenter
2602 2095 2857 2151 adnotata
2905 2093 2959 2147 in
3012 2090 3252 2148 Ecclesia
3307 2092 3634 2159 recondere;
3692 2092 3857 2147 simul

2264 2184 2428 2238 etiam
2451 2191 2602 2252 tunc
2633 2181 2940 2238 necessario
2965 2190 3251 2252 creperum
3293 2180 3453 2236 scribi
3489 2181 3624 2235 Vita:
3653 2180 3859 2235 Roma-

2262 2290 2455 2330 norum
2486 2273 2802 2346 pontiﬁcum
2836 2272 3009 2328 instar
3037 2271 3298 2343 simplicis
3324 2271 3549 2340 alicujus
3583 2273 3855 2345 Catalugi,

2260 2380 2369 2436 quo
2396 2365 2779 2436 compendiose
2818 2364 3152 2421 indicaretur
3179 2363 3440 2435 cujusque
3480 2380 3680 2421 nomen
3700 2406 3722 2433 ,
3761 2383 3857 2438 pa.

2261 2455 2385 2522 tria,
2427 2464 2600 2528 pater,
2644 2467 2854 2527 tempus
2891 2455 3258 2527 pontiﬁcatus,
3294 2456 3686 2525 ordinationes,
3724 2475 3853 2514 con-

2261 2548 2589 2614 stitutiones,
2627 2549 2808 2604 obitus
2846 2563 2911 2603 ac
2939 2547 3237 2619 sepultura,
3272 2556 3330 2604 et
3368 2550 3603 2605 cessatio
3629 2552 3851 2620 episeo-

2263 2649 2422 2711 patus
2464 2654 2635 2711 usque
2663 2642 2730 2695 ad
2768 2640 3168 2695 successionem
3216 2640 3341 2695 novi
3375 2639 3665 2711 pontiﬁcis.
3725 2641 3859 2699 Post

2262 2730 2572 2786 libertatem
2604 2804 2607 2805 ν
2636 2739 2816 2786 autem
2882 2730 3143 2786 Ecclesiae
3194 2730 3553 2797 Christianis,
3616 2732 3689 2788 ab
3750 2732 3856 2788 im-

2259 2832 2510 2894 peratore
2535 2821 2892 2879 Constantino
2917 2821 3111 2895 Magno
3137 2822 3527 2895 promulgatam
3545 2864 3560 2889 ,
3599 2824 3679 2879 uti
3720 2840 3856 2894 pau—

2259 2918 2408 2975 latim
2463 2916 2635 2974 crevit
2680 2916 2935 2972 Ecclesiie
2976 2916 3234 2974 Romana:
3285 2918 3543 2989 splendor
3604 2927 3661 2972 et
3716 2933 3853 2987 opu-

2260 3009 2460 3076 lentia,
2507 3009 2588 3065 sic
2632 3009 2796 3064 etiam
2830 3008 3118 3080 Catalogus
3167 3008 3256 3064 ille
3299 3008 3473 3065 evasit
3520 3007 3762 3080 amplior
3804 3018 3858 3064 et

2259 3103 2535 3174 grandior.
2595 3096 2861 3169 Queniam
2913 3110 3111 3172 praeter
3162 3116 3322 3173 supra
3373 3110 3630 3157 enarrata
3684 3102 3855 3157 inseri

2260 3196 2423 3251 etiam
2457 3195 2533 3251 illi
2575 3203 2886 3265 coeperunt,
2940 3193 3096 3264 quasi
3141 3194 3353 3249 cuidam
3402 3193 3722 3261 rationario,
3760 3209 3854 3249 ex—

2263 3286 2612 3351 structioncs,
2648 3286 3070 3342 instaurationcs
3109 3293 3163 3339 et
3204 3284 3585 3340 cxornationcs
3622 3286 3857 3358 templo-

2263 3392 2382 3432 rum
2407 3375 2745 3446 aliorumque
2769 3374 3009 3447 locorum
3039 3389 3317 3430 sacrorum
3343 3390 3448 3430 una
3476 3362 3601 3430 cum
3631 3376 3855 3446 speciali

2263 3468 2578 3525 recensione
2626 3454 2806 3529 omnis
2850 3482 3030 3534 sacrae
3078 3465 3454 3537 supellectilis,
3502 3467 3858 3538 onmiumque

2261 3559 2608 3617 donationum
2641 3567 2751 3613 tam
2785 3557 3060 3612 mobilium
3104 3572 3267 3626 quam
3309 3556 3704 3622 immobilium,
3734 3573 3855 3612 cum

2260 3652 2372 3707 suis
2415 3649 2731 3706 redditibus.
2772 3648 2871 3705 Hic
2896 3663 3029 3719 ergo
3057 3648 3364 3720 Catalogus,
3391 3651 3482 3718 qui
3515 3650 3644 3704 licet
3674 3651 3854 3706 diver-

2261 3739 2339 3795 sis
2370 3739 2699 3809 temporibus
2724 3746 2779 3793 et
2816 3753 2849 3793 a
2888 3737 3118 3794 diversis
3147 3737 3458 3792 auctoribus
3492 3752 3852 3809 componere-

2263 3838 2371 3895 tur,
2402 3829 2591 3885 ordine
2621 3838 2802 3884 tamen
2833 3838 2889 3883 et
2915 3827 3076 3900 style,
3108 3828 3245 3882 utin
3270 3827 3497 3883 aliarum
3526 3829 3853 3884 solemnium

2262 3925 2565 3982 tabularum
2602 3922 3005 3980 continuatione
3039 3921 3355 3993 plerumque
3393 3920 3510 3977 ﬁeri
3542 3921 3704 3986 solet,
3739 3921 3853 3976 ubi-

2260 4031 2366 4088 que
2398 4016 2501 4072 sibi
2540 4022 2658 4070 erat
2691 4013 2903 4079 similis,
2932 4013 3091 4068 latuit
3122 4012 3432 4068 reconditus
3471 4012 3523 4066 in
3558 4012 3853 4081 tribulatio,

2260 4110 2374 4165 sive
2401 4107 2623 4164 archivo
2650 4106 2886 4162 basilica:
2912 4104 3186 4161 Vaticanae
3212 4104 3270 4160 8.
3303 4104 3449 4161 Petri
3479 4107 3853 4178 aposiolorum

2259 4205 2519 4278 principis
2558 4218 2727 4273 usque
2772 4203 2838 4257 ad
2879 4200 3252 4272 pontiﬁcatum
3299 4201 3356 4257 8.
3388 4202 3624 4267 Damasi,
3671 4217 3708 4257 a
3748 4216 3855 4274 quo

2261 4316 2384 4357 cum
2424 4301 2481 4356 8.
2519 4282 2877 4370 Hieronymus
2909 4312 3007 4368 per
3033 4312 3199 4368 supra
3235 4296 3528 4353 exbibitam
3564 4296 3852 4368 epistolam

2261 4392 2503 4464 petiisset
2529 4400 2588 4446 ut
2612 4398 2734 4446 acta
2773 4389 3083 4461 pontiﬁcum
3130 4389 3492 4446 Romanorum
3531 4405 3561 4444 a
3593 4388 3654 4446 S.
3690 4390 3853 4447 Petro

2262 4498 2431 4551 usque
2452 4481 2517 4535 ad
2538 4496 2636 4536 sua
2657 4490 2902 4552 tempora
2932 4470 3031 4537 sibi
3060 4489 3366 4546 enarraret,
3389 4479 3597 4535 curavit
3628 4480 3678 4535 is
3708 4482 3851 4536 anti-

2263 4590 2423 4646 quam
2454 4575 2611 4629 istam
2654 4575 2934 4630 historiam
2977 4573 3335 4644 pontiﬁcalem
3364 4588 3429 4628 ex
3471 4572 3670 4628 tabulis
3703 4575 3849 4629 Vati-

2265 4670 2417 4724 canis
2441 4668 2696 4731 describi,
2725 4677 2779 4723 et
2814 4667 2985 4722 Roma
3030 4667 3173 4722 mitti
3216 4666 3663 4738 Hierosolymam,
3699 4670 3850 4724 ideo-

2265 4771 2371 4829 que
2396 4771 2517 4812 eam
2548 4758 2600 4812 in
2630 4772 2888 4826 responso
2917 4772 3014 4812 suo
3042 4757 3106 4811 ad
3134 4756 3193 4811 8.
3225 4758 3528 4828 Hieronymi
3560 4759 3849 4827 epistolam

2265 4860 2370 4901 non
2416 4845 2646 4915 appellat
2687 4846 2921 4900 studium
2968 4860 3153 4911 suum,
3206 4847 3302 4901 sed
3349 4846 3494 4902 sedis
3538 4848 3850 4917 apostolicae

2264 4937 2523 4992 studium.
2565 4936 2654 4992 Sic
2692 4938 2835 4992 cnim
2878 4952 3067 4992 revera
3111 4936 3515 5007 interpretanda
3559 4950 3690 4993 sunt
3737 4941 3851 4995 haec

2268 5030 2430 5084 verba
2465 5047 2479 5085 :
2517 5028 2733 5094 Tamen,
2768 5030 2905 5099 quod
2934 5040 3130 5101 gestum
3159 5041 3255 5095 est,
3285 5030 3424 5099 quod
3462 5031 3733 5101 potuimus
3774 5050 3850 5087 re.

2264 5120 2434 5189 perire
2481 5132 2673 5174 nostra:
2723 5120 2861 5173 sedis
2911 5122 3169 5182 studium,
3227 5120 3297 5174 nd
3343 5131 3486 5174 tuam
3535 5120 3849 5176 charitatcm

2266 5213 2548 5282 gaudentes
2592 5208 2897 5266 direximus.
2946 5211 3065 5282 Ipse
3108 5211 3271 5282 igitur
3320 5210 3377 5266 8.
3427 5210 3696 5267 Damasus
3742 5229 3847 5267 non

2268 5303 2572 5374 composuit
2601 5304 2880 5359 historiam
2912 5304 3057 5358 illam
3098 5302 3413 5374 pontiﬁcum
3452 5302 3846 5365 Romanorum.

2267 5397 2362 5451 sed
2410 5395 2589 5451 studio
2632 5405 2832 5453 sancte
2871 5396 3016 5451 sedis
3049 5394 3357 5465 apostolica:
3396 5395 3519 5451 inde
3561 5410 3594 5450 a
3636 5393 3700 5451 8.
3730 5395 3849 5450 Cle-

2267 5484 2468 5540 mentis
2498 5484 2656 5556 primi
2697 5485 3028 5555 temporibus
3060 5500 3129 5540 ex
3165 5486 3501 5541 diversorum
3543 5483 3849 5541 adnotatio-

2268 5577 2430 5632 nibus
2452 5576 2707 5646 paulatim
2733 5576 3041 5642 conﬁatam,
3068 5574 3269 5648 publici
3300 5584 3508 5630 tantum
3536 5575 3667 5631 fecit
3686 5575 3845 5644 juris,

2268 5676 2325 5723 et
2348 5683 2471 5723 cum
2498 5675 2688 5723 sancto
2716 5666 3045 5740 Hieronymo
3071 5668 3509 5726 communicavit.
3550 5688 3569 5720 ι

2341 5759 2394 5814 6.
2435 5756 2596 5813 Plura
2636 5770 2761 5815 sunt
2801 5760 2853 5814 in
2882 5760 2985 5816 hac
3025 5759 3296 5818 Lambecii
3337 5762 3605 5817 sententia
3632 5775 3751 5831 qua:
3780 5757 3847 5813 ad
