  <div class='ocr_page' id='page_1' title='image "/cluster/home/n/w/nwhite01/storage/ocr_20150623/127/hvd.32044015471683/104.png"; bbox 0 0 3924 5382; ppageno 0'>
   <div class='ocr_carea' id='block_1_1' title="bbox 69 295 180 356">
    <p class='ocr_par' dir='ltr' id='par_1_1' title="bbox 69 295 180 356">
     <span class='ocr_line' id='line_1_1' title="bbox 69 295 180 356; baseline 0.018 -1"><span class='ocrx_word' id='word_1_1' title='bbox 69 295 180 356; x_wconf 77' lang='grc'><strong>19³1</strong></span> 
     </span>
    </p>
   </div>
   <div class='ocr_carea' id='block_1_2' title="bbox 704 298 2732 395">
    <p class='ocr_par' dir='ltr' id='par_1_2' title="bbox 704 298 2732 395">
     <span class='ocr_line' id='line_1_2' title="bbox 704 298 2732 395; baseline 0.007 -41"><span class='ocrx_word' id='word_1_2' title='bbox 704 298 1130 357; x_wconf 79' lang='lat' dir='ltr'><strong>SCIIELESTR.</strong></span> <span class='ocrx_word' id='word_1_3' title='bbox 1173 300 1621 395; x_wconf 37' lang='lat' dir='ltr'><strong>DISSERT.&#39;DE</strong></span> <span class='ocrx_word' id='word_1_4' title='bbox 1659 303 1890 371; x_wconf 66' lang='lat' dir='ltr'><strong>ANTIO.</strong></span> <span class='ocrx_word' id='word_1_5' title='bbox 1937 303 2104 362; x_wconf 75' lang='lat' dir='ltr'><strong>ROM.</strong></span> <span class='ocrx_word' id='word_1_6' title='bbox 2149 300 2350 364; x_wconf 79' lang='grc' dir='ltr'><strong>ΡΟΝΤ.</strong></span> <span class='ocrx_word' id='word_1_7' title='bbox 2389 306 2732 368; x_wconf 79' lang='lat' dir='ltr'><strong>CATALOG.</strong></span> 
     </span>
    </p>
   </div>
   <div class='ocr_carea' id='block_1_3' title="bbox 3282 319 3384 376">
    <p class='ocr_par' dir='ltr' id='par_1_3' title="bbox 3282 319 3384 376">
     <span class='ocr_line' id='line_1_3' title="bbox 3282 319 3384 376; baseline 0.02 -2"><span class='ocrx_word' id='word_1_8' title='bbox 3282 319 3384 376; x_wconf 62' lang='lat'><strong>{98</strong></span> 
     </span>
    </p>
   </div>
   <div class='ocr_carea' id='block_1_4' title="bbox 69 387 3386 498">
    <p class='ocr_par' dir='ltr' id='par_1_4' title="bbox 69 387 3386 498">
     <span class='ocr_line' id='line_1_4' title="bbox 69 387 3386 498; baseline 0.007 -35"><span class='ocrx_word' id='word_1_9' title='bbox 69 413 356 467; x_wconf 75' lang='lat' dir='ltr'><strong>trutinam</strong></span> <span class='ocrx_word' id='word_1_10' title='bbox 399 412 652 466; x_wconf 83' lang='lat' dir='ltr'><strong>revocari</strong></span> <span class='ocrx_word' id='word_1_11' title='bbox 700 423 998 479; x_wconf 90' lang='lat' dir='ltr'><strong>merentur,</strong></span> <span class='ocrx_word' id='word_1_12' title='bbox 1055 423 1116 468; x_wconf 92' lang='lat' dir='ltr'><strong>ut</strong></span> <span class='ocrx_word' id='word_1_13' title='bbox 1159 415 1227 469; x_wconf 90' lang='lat' dir='ltr'><strong>de</strong></span> <span class='ocrx_word' id='word_1_14' title='bbox 1277 387 1690 470; x_wconf 45' lang='lat' dir='ltr'><strong>auctore-Libri</strong></span> <span class='ocrx_word' id='word_1_15' title='bbox 1725 419 1769 477; x_wconf 79' lang='grc' dir='ltr'><strong>Α</strong></span> <span class='ocrx_word' id='word_1_16' title='bbox 1801 423 1930 478; x_wconf 89' lang='lat' dir='ltr'><strong>tem,</strong></span> <span class='ocrx_word' id='word_1_17' title='bbox 1959 429 2063 484; x_wconf 91' lang='lat' dir='ltr'><strong>qua</strong></span> <span class='ocrx_word' id='word_1_18' title='bbox 2094 415 2301 470; x_wconf 65' lang='lat' dir='ltr'><strong>Latina:</strong></span> <span class='ocrx_word' id='word_1_19' title='bbox 2335 417 2529 488; x_wconf 78' lang='lat' dir='ltr'><strong>linguzc</strong></span> <span class='ocrx_word' id='word_1_20' title='bbox 2555 419 2822 489; x_wconf 71' lang='lat' dir='ltr'><strong>elegantia</strong></span> <span class='ocrx_word' id='word_1_21' title='bbox 2853 423 3153 480; x_wconf 81' lang='lat' dir='ltr'><strong>excellebat</strong></span> <span class='ocrx_word' id='word_1_22' title='bbox 3184 441 3386 498; x_wconf 83' lang='lat' dir='ltr'><strong>nequa-</strong></span> 
     </span>
    </p>
   </div>
   <div class='ocr_carea' id='block_1_5' title="bbox 68 500 1690 574">
    <p class='ocr_par' dir='ltr' id='par_1_5' title="bbox 68 500 1690 574">
     <span class='ocr_line' id='line_1_5' title="bbox 68 500 1690 574; baseline 0.001 -18"><span class='ocrx_word' id='word_1_23' title='bbox 68 500 425 558; x_wconf 74' lang='lat' dir='ltr'><strong>l’ontiﬂcalis</strong></span> <span class='ocrx_word' id='word_1_24' title='bbox 453 502 744 558; x_wconf 90' lang='lat' dir='ltr'><strong>manifeste</strong></span> <span class='ocrx_word' id='word_1_25' title='bbox 767 513 1020 558; x_wconf 89' lang='lat' dir='ltr'><strong>constare</strong></span> <span class='ocrx_word' id='word_1_26' title='bbox 1042 505 1232 574; x_wconf 85' lang='lat' dir='ltr'><strong>possit.</strong></span> <span class='ocrx_word' id='word_1_27' title='bbox 1261 505 1519 572; x_wconf 83' lang='lat' dir='ltr'><strong>Quamvis</strong></span> <span class='ocrx_word' id='word_1_28' title='bbox 1545 505 1690 559; x_wconf 87' lang='lat' dir='ltr'><strong>enim</strong></span> 
     </span>
    </p>
   </div>
   <div class='ocr_carea' id='block_1_6' title="bbox 68 592 1693 664">
    <p class='ocr_par' dir='ltr' id='par_1_6' title="bbox 68 592 1693 664">
     <span class='ocr_line' id='line_1_6' title="bbox 68 592 1693 664; baseline 0.001 -17"><span class='ocrx_word' id='word_1_29' title='bbox 68 592 417 650; x_wconf 82' lang='lat' dir='ltr'><strong>Lambecius</strong></span> <span class='ocrx_word' id='word_1_30' title='bbox 458 609 590 648; x_wconf 85' lang='lat' dir='ltr'><strong>vere</strong></span> <span class='ocrx_word' id='word_1_31' title='bbox 639 605 848 648; x_wconf 90' lang='lat' dir='ltr'><strong>asserat</strong></span> <span class='ocrx_word' id='word_1_32' title='bbox 894 596 1126 664; x_wconf 90' lang='lat' dir='ltr'><strong>primam</strong></span> <span class='ocrx_word' id='word_1_33' title='bbox 1177 596 1416 650; x_wconf 64' lang='lat' dir='ltr'><strong>historiae</strong></span> <span class='ocrx_word' id='word_1_34' title='bbox 1461 596 1527 650; x_wconf 89' lang='lat' dir='ltr'><strong>de</strong></span> <span class='ocrx_word' id='word_1_35' title='bbox 1557 593 1693 649; x_wconf 82' lang='lat' dir='ltr'><strong>Vitis</strong></span> 
     </span>
    </p>
   </div>
   <div class='ocr_carea' id='block_1_7' title="bbox 73 688 1693 760">
    <p class='ocr_par' dir='ltr' id='par_1_7' title="bbox 73 688 1693 760">
     <span class='ocr_line' id='line_1_7' title="bbox 73 688 1693 760; baseline -0.001 -20"><span class='ocrx_word' id='word_1_36' title='bbox 73 688 462 742; x_wconf 62' lang='lat' dir='ltr'><strong>[tertianorum</strong></span> <span class='ocrx_word' id='word_1_37' title='bbox 506 689 824 756; x_wconf 89' lang='lat' dir='ltr'><strong>pontiﬁcum</strong></span> <span class='ocrx_word' id='word_1_38' title='bbox 865 690 1130 760; x_wconf 81' lang='lat' dir='ltr'><strong>originem</strong></span> <span class='ocrx_word' id='word_1_39' title='bbox 1163 690 1219 743; x_wconf 89' lang='lat' dir='ltr'><strong>S.</strong></span> <span class='ocrx_word' id='word_1_40' title='bbox 1256 691 1486 742; x_wconf 82' lang='lat' dir='ltr'><strong>Damaso</strong></span> <span class='ocrx_word' id='word_1_41' title='bbox 1525 689 1693 742; x_wconf 86' lang='lat' dir='ltr'><strong>multo</strong></span> 
     </span>
    </p>
   </div>
   <div class='ocr_carea' id='block_1_8' title="bbox 71 779 1694 849">
    <p class='ocr_par' dir='ltr' id='par_1_8' title="bbox 71 779 1694 849">
     <span class='ocr_line' id='line_1_8' title="bbox 71 779 1694 849; baseline 0 -17"><span class='ocrx_word' id='word_1_42' title='bbox 71 793 206 833; x_wconf 76' lang='lat' dir='ltr'><strong>esse</strong></span> <span class='ocrx_word' id='word_1_43' title='bbox 236 779 610 848; x_wconf 80' lang='lat' dir='ltr'><strong>antiquiorem</strong></span> <span class='ocrx_word' id='word_1_44' title='bbox 631 821 646 844; x_wconf 95' lang='lat'><strong>,</strong></span> <span class='ocrx_word' id='word_1_45' title='bbox 680 790 737 833; x_wconf 90' lang='lat' dir='ltr'><strong>et</strong></span> <span class='ocrx_word' id='word_1_46' title='bbox 766 797 795 834; x_wconf 90' lang='lat' dir='ltr'><strong>a</strong></span> <span class='ocrx_word' id='word_1_47' title='bbox 827 781 1162 834; x_wconf 89' lang='lat' dir='ltr'><strong>notariorum</strong></span> <span class='ocrx_word' id='word_1_48' title='bbox 1206 781 1264 834; x_wconf 91' lang='lat' dir='ltr'><strong>S.</strong></span> <span class='ocrx_word' id='word_1_49' title='bbox 1295 781 1439 834; x_wconf 89' lang='lat' dir='ltr'><strong>sedis</strong></span> <span class='ocrx_word' id='word_1_50' title='bbox 1479 789 1694 849; x_wconf 88' lang='lat' dir='ltr'><strong>aposto-</strong></span> 
     </span>
    </p>
   </div>
   <div class='ocr_carea' id='block_1_9' title="bbox 73 871 1690 941">
    <p class='ocr_par' dir='ltr' id='par_1_9' title="bbox 73 871 1690 941">
     <span class='ocr_line' id='line_1_9' title="bbox 73 871 1690 941; baseline 0 -17"><span class='ocrx_word' id='word_1_51' title='bbox 73 871 202 924; x_wconf 65' lang='lat' dir='ltr'><strong>lica:</strong></span> <span class='ocrx_word' id='word_1_52' title='bbox 249 871 600 925; x_wconf 88' lang='lat' dir='ltr'><strong>institutione</strong></span> <span class='ocrx_word' id='word_1_53' title='bbox 647 871 997 925; x_wconf 87' lang='lat' dir='ltr'><strong>derivandam</strong></span> <span class='ocrx_word' id='word_1_54' title='bbox 1044 871 1502 941; x_wconf 76' lang='lat' dir='ltr'><strong>repetentiumque</strong></span> <span class='ocrx_word' id='word_1_55' title='bbox 1549 886 1690 935; x_wconf 90' lang='lat' dir='ltr'><strong>esse,</strong></span> 
     </span>
    </p>
   </div>
   <div class='ocr_carea' id='block_1_10' title="bbox 73 959 1696 1031">
    <p class='ocr_par' dir='ltr' id='par_1_10' title="bbox 73 959 1696 1031">
     <span class='ocr_line' id='line_1_10' title="bbox 73 959 1696 1031; baseline 0 -17"><span class='ocrx_word' id='word_1_56' title='bbox 73 959 324 1029; x_wconf 88' lang='lat' dir='ltr'><strong>probare</strong></span> <span class='ocrx_word' id='word_1_57' title='bbox 353 969 537 1014; x_wconf 88' lang='lat' dir='ltr'><strong>tamen</strong></span> <span class='ocrx_word' id='word_1_58' title='bbox 567 976 674 1014; x_wconf 93' lang='lat' dir='ltr'><strong>nou</strong></span> <span class='ocrx_word' id='word_1_59' title='bbox 716 976 932 1030; x_wconf 83' lang='lat' dir='ltr'><strong>possum</strong></span> <span class='ocrx_word' id='word_1_60' title='bbox 967 961 1110 1030; x_wconf 91' lang='lat' dir='ltr'><strong>quod</strong></span> <span class='ocrx_word' id='word_1_61' title='bbox 1158 962 1433 1031; x_wconf 79' lang='lat' dir='ltr'><strong>subjungit</strong></span> <span class='ocrx_word' id='word_1_62' title='bbox 1465 961 1546 1016; x_wconf 92' lang='lat' dir='ltr'><strong>his</strong></span> <span class='ocrx_word' id='word_1_63' title='bbox 1577 977 1696 1015; x_wconf 90' lang='lat' dir='ltr'><strong>ver-</strong></span> 
     </span>
    </p>
   </div>
   <div class='ocr_carea' id='block_1_11' title="bbox 75 1051 1692 1123">
    <p class='ocr_par' dir='ltr' id='par_1_11' title="bbox 75 1051 1692 1123">
     <span class='ocr_line' id='line_1_11' title="bbox 75 1051 1692 1123; baseline 0.001 -19"><span class='ocrx_word' id='word_1_64' title='bbox 75 1052 166 1106; x_wconf 88' lang='lat' dir='ltr'><strong>bis</strong></span> <span class='ocrx_word' id='word_1_65' title='bbox 207 1069 221 1104; x_wconf 92' lang='lat'><strong>:</strong></span> <span class='ocrx_word' id='word_1_66' title='bbox 274 1072 293 1102; x_wconf 81' lang='grc' dir='ltr'><strong>ι</strong></span> <span class='ocrx_word' id='word_1_67' title='bbox 352 1051 490 1106; x_wconf 89' lang='lat' dir='ltr'><strong>Cum</strong></span> <span class='ocrx_word' id='word_1_68' title='bbox 540 1053 686 1106; x_wconf 91' lang='lat' dir='ltr'><strong>enim</strong></span> <span class='ocrx_word' id='word_1_69' title='bbox 739 1055 929 1107; x_wconf 89' lang='lat' dir='ltr'><strong>borunt</strong></span> <span class='ocrx_word' id='word_1_70' title='bbox 980 1054 1315 1108; x_wconf 87' lang='lat' dir='ltr'><strong>notariorum</strong></span> <span class='ocrx_word' id='word_1_71' title='bbox 1365 1054 1692 1123; x_wconf 66' lang='lat' dir='ltr'><strong>praicipuum</strong></span> 
     </span>
    </p>
   </div>
   <div class='ocr_carea' id='block_1_12' title="bbox 78 1141 1695 1215">
    <p class='ocr_par' dir='ltr' id='par_1_12' title="bbox 78 1141 1695 1215">
     <span class='ocr_line' id='line_1_12' title="bbox 78 1141 1695 1215; baseline 0.001 -20"><span class='ocrx_word' id='word_1_72' title='bbox 78 1157 287 1196; x_wconf 82' lang='lat' dir='ltr'><strong>munus</strong></span> <span class='ocrx_word' id='word_1_73' title='bbox 316 1141 483 1197; x_wconf 92' lang='lat' dir='ltr'><strong>fuerit</strong></span> <span class='ocrx_word' id='word_1_74' title='bbox 507 1152 659 1213; x_wconf 83' lang='lat' dir='ltr'><strong>gesta</strong></span> <span class='ocrx_word' id='word_1_75' title='bbox 689 1153 999 1198; x_wconf 86' lang='lat' dir='ltr'><strong>sanctorum</strong></span> <span class='ocrx_word' id='word_1_76' title='bbox 1047 1152 1345 1215; x_wconf 87' lang='lat' dir='ltr'><strong>martyrum</strong></span> <span class='ocrx_word' id='word_1_77' title='bbox 1377 1144 1606 1198; x_wconf 85' lang='lat' dir='ltr'><strong>sollicite</strong></span> <span class='ocrx_word' id='word_1_78' title='bbox 1641 1152 1695 1199; x_wconf 91' lang='lat' dir='ltr'><strong>et</strong></span> 
     </span>
    </p>
   </div>
   <div class='ocr_carea' id='block_1_13' title="bbox 78 1231 1692 1304">
    <p class='ocr_par' dir='ltr' id='par_1_13' title="bbox 78 1231 1692 1304">
     <span class='ocr_line' id='line_1_13' title="bbox 78 1231 1692 1304; baseline 0.003 -18"><span class='ocrx_word' id='word_1_79' title='bbox 78 1231 306 1286; x_wconf 80' lang='lat' dir='ltr'><strong>curiose</strong></span> <span class='ocrx_word' id='word_1_80' title='bbox 329 1234 671 1302; x_wconf 81' lang='lat' dir='ltr'><strong>perquirere,</strong></span> <span class='ocrx_word' id='word_1_81' title='bbox 692 1245 749 1286; x_wconf 93' lang='lat' dir='ltr'><strong>et</strong></span> <span class='ocrx_word' id='word_1_82' title='bbox 774 1234 1056 1304; x_wconf 75' lang='lat' dir='ltr'><strong>diligenter</strong></span> <span class='ocrx_word' id='word_1_83' title='bbox 1081 1236 1338 1288; x_wconf 75' lang='lat' dir='ltr'><strong>adnotata</strong></span> <span class='ocrx_word' id='word_1_84' title='bbox 1371 1235 1424 1288; x_wconf 86' lang='lat' dir='ltr'><strong>iit</strong></span> <span class='ocrx_word' id='word_1_85' title='bbox 1453 1235 1692 1291; x_wconf 82' lang='lat' dir='ltr'><strong>Ecclesia</strong></span> 
     </span>
    </p>
   </div>
   <div class='ocr_carea' id='block_1_14' title="bbox 79 1323 1696 1396">
    <p class='ocr_par' dir='ltr' id='par_1_14' title="bbox 79 1323 1696 1396">
     <span class='ocr_line' id='line_1_14' title="bbox 79 1323 1696 1396; baseline 0.003 -19"><span class='ocrx_word' id='word_1_86' title='bbox 79 1324 423 1387; x_wconf 76' lang='lat' dir='ltr'><strong>recondere,</strong></span> <span class='ocrx_word' id='word_1_87' title='bbox 470 1323 632 1377; x_wconf 81' lang='lat' dir='ltr'><strong>simul</strong></span> <span class='ocrx_word' id='word_1_88' title='bbox 673 1325 836 1378; x_wconf 88' lang='lat' dir='ltr'><strong>etiam</strong></span> <span class='ocrx_word' id='word_1_89' title='bbox 880 1332 1010 1379; x_wconf 85' lang='lat' dir='ltr'><strong>tunc</strong></span> <span class='ocrx_word' id='word_1_90' title='bbox 1057 1326 1366 1379; x_wconf 88' lang='lat' dir='ltr'><strong>necessario</strong></span> <span class='ocrx_word' id='word_1_91' title='bbox 1413 1336 1696 1396; x_wconf 67' lang='lat' dir='ltr'><strong>coeperunt</strong></span> 
     </span>
    </p>
   </div>
   <div class='ocr_carea' id='block_1_15' title="bbox 77 1415 1696 1486">
    <p class='ocr_par' dir='ltr' id='par_1_15' title="bbox 77 1415 1696 1486">
     <span class='ocr_line' id='line_1_15' title="bbox 77 1415 1696 1486; baseline 0.001 -16"><span class='ocrx_word' id='word_1_92' title='bbox 77 1417 247 1470; x_wconf 81' lang='lat' dir='ltr'><strong>scribi</strong></span> <span class='ocrx_word' id='word_1_93' title='bbox 287 1416 428 1471; x_wconf 67' lang='lat' dir='ltr'><strong>Viue</strong></span> <span class='ocrx_word' id='word_1_94' title='bbox 453 1416 830 1471; x_wconf 73' lang='lat' dir='ltr'><strong>Romanorum</strong></span> <span class='ocrx_word' id='word_1_95' title='bbox 875 1415 1193 1485; x_wconf 87' lang='lat' dir='ltr'><strong>pontiﬁcum</strong></span> <span class='ocrx_word' id='word_1_96' title='bbox 1238 1417 1409 1470; x_wconf 90' lang='lat' dir='ltr'><strong>instar</strong></span> <span class='ocrx_word' id='word_1_97' title='bbox 1437 1418 1696 1486; x_wconf 86' lang='lat' dir='ltr'><strong>simplicis</strong></span> 
     </span>
    </p>
   </div>
   <div class='ocr_carea' id='block_1_16' title="bbox 79 1506 1696 1577">
    <p class='ocr_par' dir='ltr' id='par_1_16' title="bbox 79 1506 1696 1577">
     <span class='ocr_line' id='line_1_16' title="bbox 79 1506 1696 1577; baseline 0.001 -17"><span class='ocrx_word' id='word_1_98' title='bbox 79 1507 328 1577; x_wconf 82' lang='lat' dir='ltr'><strong>alicujus</strong></span> <span class='ocrx_word' id='word_1_99' title='bbox 368 1506 612 1576; x_wconf 79' lang='lat' dir='ltr'><strong>Catalogi</strong></span> <span class='ocrx_word' id='word_1_100' title='bbox 633 1545 649 1570; x_wconf 94' lang='lat'><strong>,</strong></span> <span class='ocrx_word' id='word_1_101' title='bbox 679 1522 786 1575; x_wconf 90' lang='lat' dir='ltr'><strong>quo</strong></span> <span class='ocrx_word' id='word_1_102' title='bbox 816 1508 1198 1576; x_wconf 81' lang='lat' dir='ltr'><strong>compendiose</strong></span> <span class='ocrx_word' id='word_1_103' title='bbox 1245 1506 1578 1562; x_wconf 79' lang='lat' dir='ltr'><strong>indit-aretur</strong></span> <span class='ocrx_word' id='word_1_104' title='bbox 1605 1525 1696 1562; x_wconf 90' lang='lat' dir='ltr'><strong>ett-</strong></span> 
     </span>
    </p>
   </div>
   <div class='ocr_carea' id='block_1_17' title="bbox 73 1597 1695 1668">
    <p class='ocr_par' dir='ltr' id='par_1_17' title="bbox 73 1597 1695 1668">
     <span class='ocr_line' id='line_1_17' title="bbox 73 1597 1695 1668; baseline 0.001 -18"><span class='ocrx_word' id='word_1_105' title='bbox 73 1598 282 1666; x_wconf 78' lang='lat' dir='ltr'><strong>jusque</strong></span> <span class='ocrx_word' id='word_1_106' title='bbox 327 1611 548 1659; x_wconf 84' lang='lat' dir='ltr'><strong>nomen,</strong></span> <span class='ocrx_word' id='word_1_107' title='bbox 601 1597 802 1666; x_wconf 88' lang='lat' dir='ltr'><strong>patria,</strong></span> <span class='ocrx_word' id='word_1_108' title='bbox 843 1605 1017 1665; x_wconf 88' lang='lat' dir='ltr'><strong>pater,</strong></span> <span class='ocrx_word' id='word_1_109' title='bbox 1067 1605 1278 1666; x_wconf 86' lang='lat' dir='ltr'><strong>tempus</strong></span> <span class='ocrx_word' id='word_1_110' title='bbox 1325 1598 1695 1668; x_wconf 69' lang='lat' dir='ltr'><strong>pontiﬁcatus,</strong></span> 
     </span>
    </p>
   </div>
   <div class='ocr_carea' id='block_1_18' title="bbox 82 1689 1701 1760">
    <p class='ocr_par' dir='ltr' id='par_1_18' title="bbox 82 1689 1701 1760">
     <span class='ocr_line' id='line_1_18' title="bbox 82 1689 1701 1760; baseline 0.002 -17"><span class='ocrx_word' id='word_1_111' title='bbox 82 1691 493 1754; x_wconf 88' lang='lat' dir='ltr'><strong>ordinationes,</strong></span> <span class='ocrx_word' id='word_1_112' title='bbox 528 1690 970 1756; x_wconf 90' lang='lat' dir='ltr'><strong>constitutiones,</strong></span> <span class='ocrx_word' id='word_1_113' title='bbox 1001 1689 1183 1744; x_wconf 91' lang='lat' dir='ltr'><strong>obitus</strong></span> <span class='ocrx_word' id='word_1_114' title='bbox 1209 1705 1274 1745; x_wconf 89' lang='lat' dir='ltr'><strong>ac</strong></span> <span class='ocrx_word' id='word_1_115' title='bbox 1313 1692 1610 1760; x_wconf 86' lang='lat' dir='ltr'><strong>sepultura,</strong></span> <span class='ocrx_word' id='word_1_116' title='bbox 1645 1694 1701 1747; x_wconf 84' lang='grc' dir='ltr'><strong>ει</strong></span> 
     </span>
    </p>
   </div>
   <div class='ocr_carea' id='block_1_19' title="bbox 1794 507 3385 580">
    <p class='ocr_par' dir='ltr' id='par_1_19' title="bbox 1794 507 3385 580">
     <span class='ocr_line' id='line_1_19' title="bbox 1794 507 3385 580; baseline 0.01 -24"><span class='ocrx_word' id='word_1_117' title='bbox 1794 520 1956 573; x_wconf 90' lang='lat' dir='ltr'><strong>quam</strong></span> <span class='ocrx_word' id='word_1_118' title='bbox 1988 521 2178 574; x_wconf 86' lang='lat' dir='ltr'><strong>sapere</strong></span> <span class='ocrx_word' id='word_1_119' title='bbox 2207 507 2441 575; x_wconf 87' lang='lat' dir='ltr'><strong>videtur,</strong></span> <span class='ocrx_word' id='word_1_120' title='bbox 2478 524 2708 580; x_wconf 91' lang='lat' dir='ltr'><strong>cumque</strong></span> <span class='ocrx_word' id='word_1_121' title='bbox 2737 510 3023 568; x_wconf 81' lang='lat' dir='ltr'><strong>uniformis</strong></span> <span class='ocrx_word' id='word_1_122' title='bbox 3061 515 3134 569; x_wconf 91' lang='lat' dir='ltr'><strong>sit</strong></span> <span class='ocrx_word' id='word_1_123' title='bbox 3176 516 3227 571; x_wconf 91' lang='lat' dir='ltr'><strong>in</strong></span> <span class='ocrx_word' id='word_1_124' title='bbox 3268 531 3385 572; x_wconf 86' lang='lat' dir='ltr'><strong>om-</strong></span> 
     </span>
    </p>
   </div>
   <div class='ocr_carea' id='block_1_20' title="bbox 1795 601 3384 679">
    <p class='ocr_par' dir='ltr' id='par_1_20' title="bbox 1795 601 3384 679">
     <span class='ocr_line' id='line_1_20' title="bbox 1795 601 3384 679; baseline 0.008 -26"><span class='ocrx_word' id='word_1_125' title='bbox 1795 601 1954 654; x_wconf 83' lang='lat' dir='ltr'><strong>nibus</strong></span> <span class='ocrx_word' id='word_1_126' title='bbox 1984 601 2296 670; x_wconf 89' lang='lat' dir='ltr'><strong>pontiﬁcum</strong></span> <span class='ocrx_word' id='word_1_127' title='bbox 2325 603 2462 656; x_wconf 79' lang='lat' dir='ltr'><strong>Vitis</strong></span> <span class='ocrx_word' id='word_1_128' title='bbox 2491 619 2521 657; x_wconf 89' lang='lat' dir='ltr'><strong>a</strong></span> <span class='ocrx_word' id='word_1_129' title='bbox 2554 603 2613 658; x_wconf 86' lang='lat' dir='ltr'><strong>S.</strong></span> <span class='ocrx_word' id='word_1_130' title='bbox 2646 604 2805 659; x_wconf 81' lang='lat' dir='ltr'><strong>Petro</strong></span> <span class='ocrx_word' id='word_1_131' title='bbox 2833 607 3096 677; x_wconf 85' lang='lat' dir='ltr'><strong>apostolo,</strong></span> <span class='ocrx_word' id='word_1_132' title='bbox 3126 625 3294 679; x_wconf 91' lang='lat' dir='ltr'><strong>usque</strong></span> <span class='ocrx_word' id='word_1_133' title='bbox 3316 612 3384 666; x_wconf 87' lang='lat' dir='ltr'><strong>ad</strong></span> 
     </span>
    </p>
   </div>
   <div class='ocr_carea' id='block_1_21' title="bbox 1793 693 3386 763">
    <p class='ocr_par' dir='ltr' id='par_1_21' title="bbox 1793 693 3386 763">
     <span class='ocr_line' id='line_1_21' title="bbox 1793 693 3386 763; baseline 0.008 -20"><span class='ocrx_word' id='word_1_134' title='bbox 1793 707 1885 744; x_wconf 86' lang='lat' dir='ltr'><strong>eos</strong></span> <span class='ocrx_word' id='word_1_135' title='bbox 1915 693 2004 758; x_wconf 68' lang='lat' dir='ltr'><strong>qui</strong></span> <span class='ocrx_word' id='word_1_136' title='bbox 2037 701 2191 745; x_wconf 72' lang='lat' dir='ltr'><strong>sexto</strong></span> <span class='ocrx_word' id='word_1_137' title='bbox 2219 693 2300 745; x_wconf 93' lang='lat' dir='ltr'><strong>vel</strong></span> <span class='ocrx_word' id='word_1_138' title='bbox 2344 695 2575 763; x_wconf 88' lang='lat' dir='ltr'><strong>septimo</strong></span> <span class='ocrx_word' id='word_1_139' title='bbox 2603 697 2800 750; x_wconf 69' lang='lat' dir='ltr'><strong>saeculo</strong></span> <span class='ocrx_word' id='word_1_140' title='bbox 2842 699 3118 763; x_wconf 89' lang='lat' dir='ltr'><strong>sederunt,</strong></span> <span class='ocrx_word' id='word_1_141' title='bbox 3163 701 3386 756; x_wconf 85' lang='lat' dir='ltr'><strong>omnino</strong></span> 
     </span>
    </p>
   </div>
   <div class='ocr_carea' id='block_1_22' title="bbox 1793 782 3384 854">
    <p class='ocr_par' dir='ltr' id='par_1_22' title="bbox 1793 782 3384 854">
     <span class='ocr_line' id='line_1_22' title="bbox 1793 782 3384 854; baseline 0.008 -17"><span class='ocrx_word' id='word_1_142' title='bbox 1793 782 2070 854; x_wconf 77' lang='lat' dir='ltr'><strong>colligitur</strong></span> <span class='ocrx_word' id='word_1_143' title='bbox 2102 799 2442 853; x_wconf 88' lang='lat' dir='ltr'><strong>nequaquam</strong></span> <span class='ocrx_word' id='word_1_144' title='bbox 2475 802 2505 840; x_wconf 92' lang='lat' dir='ltr'><strong>a</strong></span> <span class='ocrx_word' id='word_1_145' title='bbox 2531 787 2779 849; x_wconf 81' lang='lat' dir='ltr'><strong>diversis,</strong></span> <span class='ocrx_word' id='word_1_146' title='bbox 2819 790 2910 842; x_wconf 91' lang='lat' dir='ltr'><strong>sed</strong></span> <span class='ocrx_word' id='word_1_147' title='bbox 2940 790 3007 843; x_wconf 92' lang='lat' dir='ltr'><strong>ab</strong></span> <span class='ocrx_word' id='word_1_148' title='bbox 3035 805 3140 844; x_wconf 86' lang='lat' dir='ltr'><strong>uno</strong></span> <span class='ocrx_word' id='word_1_149' title='bbox 3166 793 3384 848; x_wconf 87' lang='lat' dir='ltr'><strong>eodem—</strong></span> 
     </span>
    </p>
   </div>
   <div class='ocr_carea' id='block_1_23' title="bbox 1793 877 3386 955">
    <p class='ocr_par' dir='ltr' id='par_1_23' title="bbox 1793 877 3386 955">
     <span class='ocr_line' id='line_1_23' title="bbox 1793 877 3386 955; baseline 0.011 -32"><span class='ocrx_word' id='word_1_150' title='bbox 1793 890 1899 944; x_wconf 88' lang='lat' dir='ltr'><strong>que</strong></span> <span class='ocrx_word' id='word_1_151' title='bbox 1927 885 2170 940; x_wconf 84' lang='lat' dir='ltr'><strong>auctore,</strong></span> <span class='ocrx_word' id='word_1_152' title='bbox 2199 877 2289 946; x_wconf 90' lang='lat' dir='ltr'><strong>qtti</strong></span> <span class='ocrx_word' id='word_1_153' title='bbox 2321 878 2711 946; x_wconf 89' lang='lat' dir='ltr'><strong>posterioribus</strong></span> <span class='ocrx_word' id='word_1_154' title='bbox 2737 881 2950 935; x_wconf 72' lang='lat' dir='ltr'><strong>smculis</strong></span> <span class='ocrx_word' id='word_1_155' title='bbox 2980 882 3111 936; x_wconf 78' lang='lat' dir='ltr'><strong>vixit</strong></span> <span class='ocrx_word' id='word_1_156' title='bbox 3145 885 3386 955; x_wconf 81' lang='lat' dir='ltr'><strong>scripsit-</strong></span> 
     </span>
    </p>
   </div>
   <div class='ocr_carea' id='block_1_24' title="bbox 1793 969 3383 1042">
    <p class='ocr_par' dir='ltr' id='par_1_24' title="bbox 1793 969 3383 1042">
     <span class='ocr_line' id='line_1_24' title="bbox 1793 969 3383 1042; baseline 0.008 -22"><span class='ocrx_word' id='word_1_157' title='bbox 1793 983 1916 1037; x_wconf 91' lang='lat' dir='ltr'><strong>que,</strong></span> <span class='ocrx_word' id='word_1_158' title='bbox 1951 969 2115 1022; x_wconf 84' lang='lat' dir='ltr'><strong>fuisse</strong></span> <span class='ocrx_word' id='word_1_159' title='bbox 2143 971 2523 1039; x_wconf 89' lang='lat' dir='ltr'><strong>compositum.</strong></span> <span class='ocrx_word' id='word_1_160' title='bbox 2557 972 2732 1042; x_wconf 86' lang='lat' dir='ltr'><strong>Atque</strong></span> <span class='ocrx_word' id='word_1_161' title='bbox 2763 973 2864 1027; x_wconf 91' lang='lat' dir='ltr'><strong>hoc</strong></span> <span class='ocrx_word' id='word_1_162' title='bbox 2890 975 3110 1029; x_wconf 89' lang='lat' dir='ltr'><strong>omnino</strong></span> <span class='ocrx_word' id='word_1_163' title='bbox 3135 976 3192 1030; x_wconf 89' lang='lat' dir='ltr'><strong>in</strong></span> <span class='ocrx_word' id='word_1_164' title='bbox 3221 993 3383 1034; x_wconf 83' lang='lat' dir='ltr'><strong>causa</strong></span> 
     </span>
    </p>
   </div>
   <div class='ocr_carea' id='block_1_25' title="bbox 1795 1056 3386 1126">
    <p class='ocr_par' dir='ltr' id='par_1_25' title="bbox 1795 1056 3386 1126">
     <span class='ocr_line' id='line_1_25' title="bbox 1795 1056 3386 1126; baseline 0.007 -16"><span class='ocrx_word' id='word_1_165' title='bbox 1795 1056 1928 1120; x_wconf 91' lang='lat' dir='ltr'><strong>fuit,</strong></span> <span class='ocrx_word' id='word_1_166' title='bbox 1987 1073 2094 1126; x_wconf 90' lang='lat' dir='ltr'><strong>quo</strong></span> <span class='ocrx_word' id='word_1_167' title='bbox 2147 1060 2419 1114; x_wconf 90' lang='lat' dir='ltr'><strong>communi</strong></span> <span class='ocrx_word' id='word_1_168' title='bbox 2480 1063 2843 1116; x_wconf 88' lang='lat' dir='ltr'><strong>recentiorum</strong></span> <span class='ocrx_word' id='word_1_169' title='bbox 2900 1065 3167 1120; x_wconf 77' lang='lat' dir='ltr'><strong>sententia</strong></span> <span class='ocrx_word' id='word_1_170' title='bbox 3223 1065 3386 1122; x_wconf 85' lang='lat' dir='ltr'><strong>Liber</strong></span> 
     </span>
    </p>
   </div>
   <div class='ocr_carea' id='block_1_26' title="bbox 1795 1148 3382 1214">
    <p class='ocr_par' dir='ltr' id='par_1_26' title="bbox 1795 1148 3382 1214">
     <span class='ocr_line' id='line_1_26' title="bbox 1795 1148 3382 1214; baseline 0.008 -12"><span class='ocrx_word' id='word_1_171' title='bbox 1795 1148 2127 1203; x_wconf 78' lang='lat' dir='ltr'><strong>Pontiﬁcalis</strong></span> <span class='ocrx_word' id='word_1_172' title='bbox 2184 1151 2474 1206; x_wconf 84' lang='lat' dir='ltr'><strong>Anastasio</strong></span> <span class='ocrx_word' id='word_1_173' title='bbox 2534 1153 2954 1208; x_wconf 85' lang='lat' dir='ltr'><strong>Bibliothecario</strong></span> <span class='ocrx_word' id='word_1_174' title='bbox 3012 1158 3139 1211; x_wconf 90' lang='lat' dir='ltr'><strong>noni</strong></span> <span class='ocrx_word' id='word_1_175' title='bbox 3203 1159 3382 1214; x_wconf 71' lang='lat' dir='ltr'><strong>saeculi</strong></span> 
     </span>
    </p>
   </div>
   <div class='ocr_carea' id='block_1_27' title="bbox 1795 1243 3385 1320">
    <p class='ocr_par' dir='ltr' id='par_1_27' title="bbox 1795 1243 3385 1320">
     <span class='ocr_line' id='line_1_27' title="bbox 1795 1243 3385 1320; baseline 0.006 -25"><span class='ocrx_word' id='word_1_176' title='bbox 1795 1243 2044 1310; x_wconf 86' lang='lat' dir='ltr'><strong>scriptori</strong></span> <span class='ocrx_word' id='word_1_177' title='bbox 2094 1243 2325 1298; x_wconf 86' lang='lat' dir='ltr'><strong>tributus</strong></span> <span class='ocrx_word' id='word_1_178' title='bbox 2358 1244 2474 1308; x_wconf 88' lang='lat' dir='ltr'><strong>fuit,</strong></span> <span class='ocrx_word' id='word_1_179' title='bbox 2524 1254 2582 1299; x_wconf 89' lang='grc' dir='ltr'><strong>ιιι</strong></span> <span class='ocrx_word' id='word_1_180' title='bbox 2609 1247 2794 1300; x_wconf 85' lang='lat' dir='ltr'><strong>statim</strong></span> <span class='ocrx_word' id='word_1_181' title='bbox 2825 1248 3144 1304; x_wconf 81' lang='lat' dir='ltr'><strong>videbimus.</strong></span> <span class='ocrx_word' id='word_1_182' title='bbox 3201 1248 3385 1320; x_wconf 82' lang='lat' dir='ltr'><strong>Neque</strong></span> 
     </span>
    </p>
   </div>
   <div class='ocr_carea' id='block_1_28' title="bbox 1798 1335 3388 1408">
    <p class='ocr_par' dir='ltr' id='par_1_28' title="bbox 1798 1335 3388 1408">
     <span class='ocr_line' id='line_1_28' title="bbox 1798 1335 3388 1408; baseline 0.006 -21"><span class='ocrx_word' id='word_1_183' title='bbox 1798 1335 1958 1404; x_wconf 81' lang='lat' dir='ltr'><strong>igitur</strong></span> <span class='ocrx_word' id='word_1_184' title='bbox 2006 1335 2184 1388; x_wconf 88' lang='lat' dir='ltr'><strong>licebit</strong></span> <span class='ocrx_word' id='word_1_185' title='bbox 2230 1337 2360 1389; x_wconf 91' lang='lat' dir='ltr'><strong>mihi</strong></span> <span class='ocrx_word' id='word_1_186' title='bbox 2409 1339 2717 1403; x_wconf 83' lang='lat' dir='ltr'><strong>admittere,</strong></span> <span class='ocrx_word' id='word_1_187' title='bbox 2762 1343 2904 1408; x_wconf 91' lang='lat' dir='ltr'><strong>quod</strong></span> <span class='ocrx_word' id='word_1_188' title='bbox 2937 1341 3257 1397; x_wconf 87' lang='lat' dir='ltr'><strong>Lambecius</strong></span> <span class='ocrx_word' id='word_1_189' title='bbox 3302 1343 3388 1397; x_wconf 84' lang='lat' dir='ltr'><strong>bis</strong></span> 
     </span>
    </p>
   </div>
   <div class='ocr_carea' id='block_1_29' title="bbox 1795 1425 3386 1504">
    <p class='ocr_par' dir='ltr' id='par_1_29' title="bbox 1795 1425 3386 1504">
     <span class='ocr_line' id='line_1_29' title="bbox 1795 1425 3386 1504; baseline 0.006 -26"><span class='ocrx_word' id='word_1_190' title='bbox 1795 1427 1976 1480; x_wconf 86' lang='lat' dir='ltr'><strong>verbis</strong></span> <span class='ocrx_word' id='word_1_191' title='bbox 2006 1425 2291 1497; x_wconf 82' lang='lat' dir='ltr'><strong>adjungit:</strong></span> <span class='ocrx_word' id='word_1_192' title='bbox 2329 1448 2347 1479; x_wconf 78' lang='grc' dir='ltr'><strong>ι</strong></span> <span class='ocrx_word' id='word_1_193' title='bbox 2386 1428 2483 1484; x_wconf 78' lang='lat' dir='ltr'><strong>llic</strong></span> <span class='ocrx_word' id='word_1_194' title='bbox 2514 1445 2642 1499; x_wconf 77' lang='lat' dir='ltr'><strong>ergo</strong></span> <span class='ocrx_word' id='word_1_195' title='bbox 2685 1431 2973 1504; x_wconf 80' lang='lat' dir='ltr'><strong>Catalogus</strong></span> <span class='ocrx_word' id='word_1_196' title='bbox 3013 1435 3102 1504; x_wconf 90' lang='lat' dir='ltr'><strong>qui</strong></span> <span class='ocrx_word' id='word_1_197' title='bbox 3145 1435 3265 1490; x_wconf 90' lang='lat' dir='ltr'><strong>licet</strong></span> <span class='ocrx_word' id='word_1_198' title='bbox 3311 1435 3386 1488; x_wconf 81' lang='lat' dir='ltr'><strong>tli-</strong></span> 
     </span>
    </p>
   </div>
   <div class='ocr_carea' id='block_1_30' title="bbox 1799 1518 3386 1595">
    <p class='ocr_par' dir='ltr' id='par_1_30' title="bbox 1799 1518 3386 1595">
     <span class='ocr_line' id='line_1_30' title="bbox 1799 1518 3386 1595; baseline 0.007 -25"><span class='ocrx_word' id='word_1_199' title='bbox 1799 1518 1970 1571; x_wconf 84' lang='lat' dir='ltr'><strong>vcrsis</strong></span> <span class='ocrx_word' id='word_1_200' title='bbox 2001 1520 2352 1588; x_wconf 87' lang='lat' dir='ltr'><strong>temporibus,</strong></span> <span class='ocrx_word' id='word_1_201' title='bbox 2379 1531 2431 1575; x_wconf 85' lang='lat' dir='ltr'><strong>et</strong></span> <span class='ocrx_word' id='word_1_202' title='bbox 2461 1537 2489 1575; x_wconf 92' lang='lat' dir='ltr'><strong>a</strong></span> <span class='ocrx_word' id='word_1_203' title='bbox 2511 1521 2739 1576; x_wconf 64' lang='lat' dir='ltr'><strong>diversis</strong></span> <span class='ocrx_word' id='word_1_204' title='bbox 2761 1527 3074 1580; x_wconf 85' lang='lat' dir='ltr'><strong>auctoribus</strong></span> <span class='ocrx_word' id='word_1_205' title='bbox 3095 1539 3386 1595; x_wconf 72' lang='lat' dir='ltr'><strong>compone-</strong></span> 
     </span>
    </p>
   </div>
   <div class='ocr_carea' id='block_1_31' title="bbox 1802 1611 3386 1681">
    <p class='ocr_par' dir='ltr' id='par_1_31' title="bbox 1802 1611 3386 1681">
     <span class='ocr_line' id='line_1_31' title="bbox 1802 1611 3386 1681; baseline 0.005 -20"><span class='ocrx_word' id='word_1_206' title='bbox 1802 1617 1970 1674; x_wconf 83' lang='lat' dir='ltr'><strong>retur,</strong></span> <span class='ocrx_word' id='word_1_207' title='bbox 1999 1611 2188 1664; x_wconf 88' lang='lat' dir='ltr'><strong>ordine</strong></span> <span class='ocrx_word' id='word_1_208' title='bbox 2231 1620 2431 1674; x_wconf 86' lang='lat' dir='ltr'><strong>tamen,</strong></span> <span class='ocrx_word' id='word_1_209' title='bbox 2465 1621 2518 1665; x_wconf 87' lang='lat' dir='ltr'><strong>et</strong></span> <span class='ocrx_word' id='word_1_210' title='bbox 2560 1613 2717 1681; x_wconf 82' lang='lat' dir='ltr'><strong>style,</strong></span> <span class='ocrx_word' id='word_1_211' title='bbox 2757 1623 2815 1666; x_wconf 86' lang='grc' dir='ltr'><strong>ιιι</strong></span> <span class='ocrx_word' id='word_1_212' title='bbox 2848 1615 2900 1668; x_wconf 92' lang='lat' dir='ltr'><strong>in</strong></span> <span class='ocrx_word' id='word_1_213' title='bbox 2930 1615 3156 1670; x_wconf 84' lang='lat' dir='ltr'><strong>aliarum</strong></span> <span class='ocrx_word' id='word_1_214' title='bbox 3189 1616 3386 1670; x_wconf 80' lang='lat' dir='ltr'><strong>solem-</strong></span> 
     </span>
    </p>
   </div>
   <div class='ocr_carea' id='block_1_32' title="bbox 1803 1704 3385 1778">
    <p class='ocr_par' dir='ltr' id='par_1_32' title="bbox 1803 1704 3385 1778">
     <span class='ocr_line' id='line_1_32' title="bbox 1803 1704 3385 1778; baseline 0.005 -22"><span class='ocrx_word' id='word_1_215' title='bbox 1803 1704 1948 1756; x_wconf 90' lang='lat' dir='ltr'><strong>nium</strong></span> <span class='ocrx_word' id='word_1_216' title='bbox 1984 1704 2285 1758; x_wconf 88' lang='lat' dir='ltr'><strong>tabularum</strong></span> <span class='ocrx_word' id='word_1_217' title='bbox 2311 1707 2720 1760; x_wconf 86' lang='lat' dir='ltr'><strong>continuatione</strong></span> <span class='ocrx_word' id='word_1_218' title='bbox 2746 1707 3061 1778; x_wconf 85' lang='lat' dir='ltr'><strong>plerumque</strong></span> <span class='ocrx_word' id='word_1_219' title='bbox 3087 1709 3199 1762; x_wconf 85' lang='lat' dir='ltr'><strong>ﬁeri</strong></span> <span class='ocrx_word' id='word_1_220' title='bbox 3225 1708 3385 1776; x_wconf 84' lang='lat' dir='ltr'><strong>solet,</strong></span> 
     </span>
    </p>
   </div>
   <div class='ocr_carea' id='block_1_33' title="bbox 85 1763 1692 1864">
    <p class='ocr_par' dir='ltr' id='par_1_33' title="bbox 85 1781 1690 1850">
     <span class='ocr_line' id='line_1_33' title="bbox 85 1781 1690 1850; baseline 0.001 -15"><span class='ocrx_word' id='word_1_221' title='bbox 85 1781 325 1836; x_wconf 79' lang='lat' dir='ltr'><strong>cessatio</strong></span> <span class='ocrx_word' id='word_1_222' title='bbox 381 1781 729 1850; x_wconf 88' lang='lat' dir='ltr'><strong>episcopatus</strong></span> <span class='ocrx_word' id='word_1_223' title='bbox 779 1796 952 1850; x_wconf 90' lang='lat' dir='ltr'><strong>usque</strong></span> <span class='ocrx_word' id='word_1_224' title='bbox 1001 1782 1068 1835; x_wconf 89' lang='lat' dir='ltr'><strong>ad</strong></span> <span class='ocrx_word' id='word_1_225' title='bbox 1118 1783 1516 1836; x_wconf 86' lang='lat' dir='ltr'><strong>successionem</strong></span> <span class='ocrx_word' id='word_1_226' title='bbox 1566 1783 1690 1836; x_wconf 92' lang='lat' dir='ltr'><strong>novi</strong></span> 
     </span>
    </p>
   </div>
   <div class='ocr_carea' id='block_1_34' title="bbox 1824 1763 3381 1864">
    <p class='ocr_par' dir='ltr' id='par_1_34' title="bbox 1824 1797 3381 1864">
     <span class='ocr_line' id='line_1_34' title="bbox 1824 1797 3381 1864; baseline 0.003 -16"><span class='ocrx_word' id='word_1_227' title='bbox 1824 1798 1995 1864; x_wconf 78' lang='lat' dir='ltr'><strong>Ibique</strong></span> <span class='ocrx_word' id='word_1_228' title='bbox 2036 1797 2136 1851; x_wconf 88' lang='lat' dir='ltr'><strong>sibi</strong></span> <span class='ocrx_word' id='word_1_229' title='bbox 2177 1807 2294 1851; x_wconf 87' lang='lat' dir='ltr'><strong>erat</strong></span> <span class='ocrx_word' id='word_1_230' title='bbox 2325 1797 2537 1852; x_wconf 74' lang='lat' dir='ltr'><strong>similis.</strong></span> <span class='ocrx_word' id='word_1_231' title='bbox 2577 1818 2594 1849; x_wconf 72' lang='grc' dir='ltr'><strong>ι</strong></span> <span class='ocrx_word' id='word_1_232' title='bbox 2633 1798 2890 1864; x_wconf 82' lang='lat' dir='ltr'><strong>Quamvis</strong></span> <span class='ocrx_word' id='word_1_233' title='bbox 2916 1803 3057 1854; x_wconf 89' lang='lat' dir='ltr'><strong>enim</strong></span> <span class='ocrx_word' id='word_1_234' title='bbox 3098 1801 3238 1855; x_wconf 87' lang='lat' dir='ltr'><strong>idem</strong></span> <span class='ocrx_word' id='word_1_235' title='bbox 3268 1818 3381 1854; x_wconf 83' lang='lat' dir='ltr'><strong>ont-</strong></span> 
     </span>
    </p>
   </div>
   <div class='ocr_carea' id='block_1_35' title="bbox 87 1873 1690 1942">
    <p class='ocr_par' dir='ltr' id='par_1_35' title="bbox 87 1873 1690 1942">
     <span class='ocr_line' id='line_1_35' title="bbox 87 1873 1690 1942; baseline 0.001 -16"><span class='ocrx_word' id='word_1_236' title='bbox 87 1873 386 1942; x_wconf 79' lang='lat' dir='ltr'><strong>pontiﬁcis.</strong></span> <span class='ocrx_word' id='word_1_237' title='bbox 429 1893 446 1924; x_wconf 77' lang='grc' dir='ltr'><strong>ι</strong></span> <span class='ocrx_word' id='word_1_238' title='bbox 488 1873 625 1928; x_wconf 89' lang='lat' dir='ltr'><strong>Cum</strong></span> <span class='ocrx_word' id='word_1_239' title='bbox 667 1874 845 1938; x_wconf 90' lang='lat' dir='ltr'><strong>enim,</strong></span> <span class='ocrx_word' id='word_1_240' title='bbox 894 1874 1097 1929; x_wconf 88' lang='lat' dir='ltr'><strong>fatente</strong></span> <span class='ocrx_word' id='word_1_241' title='bbox 1144 1874 1454 1938; x_wconf 88' lang='lat' dir='ltr'><strong>Lambecio,</strong></span> <span class='ocrx_word' id='word_1_242' title='bbox 1499 1875 1690 1928; x_wconf 89' lang='lat' dir='ltr'><strong>borum</strong></span> 
     </span>
    </p>
   </div>
   <div class='ocr_carea' id='block_1_36' title="bbox 90 1965 1694 2037">
    <p class='ocr_par' dir='ltr' id='par_1_36' title="bbox 90 1965 1694 2037">
     <span class='ocr_line' id='line_1_36' title="bbox 90 1965 1694 2037; baseline 0.002 -22"><span class='ocrx_word' id='word_1_243' title='bbox 90 1965 432 2018; x_wconf 87' lang='lat' dir='ltr'><strong>notariorum</strong></span> <span class='ocrx_word' id='word_1_244' title='bbox 465 1965 799 2033; x_wconf 75' lang='lat' dir='ltr'><strong>przecipuum</strong></span> <span class='ocrx_word' id='word_1_245' title='bbox 842 1981 1037 2020; x_wconf 89' lang='lat' dir='ltr'><strong>munus</strong></span> <span class='ocrx_word' id='word_1_246' title='bbox 1080 1967 1243 2020; x_wconf 89' lang='lat' dir='ltr'><strong>fuerit</strong></span> <span class='ocrx_word' id='word_1_247' title='bbox 1283 1976 1434 2037; x_wconf 81' lang='lat' dir='ltr'><strong>gesta</strong></span> <span class='ocrx_word' id='word_1_248' title='bbox 1478 1978 1694 2021; x_wconf 87' lang='lat' dir='ltr'><strong>sancto—</strong></span> 
     </span>
    </p>
   </div>
   <div class='ocr_carea' id='block_1_37' title="bbox 91 2055 1693 2126">
    <p class='ocr_par' dir='ltr' id='par_1_37' title="bbox 91 2055 1693 2126">
     <span class='ocr_line' id='line_1_37' title="bbox 91 2055 1693 2126; baseline 0.005 -22"><span class='ocrx_word' id='word_1_249' title='bbox 91 2069 207 2105; x_wconf 88' lang='lat' dir='ltr'><strong>rum</strong></span> <span class='ocrx_word' id='word_1_250' title='bbox 238 2063 552 2123; x_wconf 86' lang='lat' dir='ltr'><strong>martyrum</strong></span> <span class='ocrx_word' id='word_1_251' title='bbox 581 2055 809 2110; x_wconf 87' lang='lat' dir='ltr'><strong>sollicite</strong></span> <span class='ocrx_word' id='word_1_252' title='bbox 835 2065 888 2109; x_wconf 93' lang='lat' dir='ltr'><strong>et</strong></span> <span class='ocrx_word' id='word_1_253' title='bbox 916 2057 1130 2111; x_wconf 88' lang='lat' dir='ltr'><strong>curiose</strong></span> <span class='ocrx_word' id='word_1_254' title='bbox 1157 2057 1493 2126; x_wconf 83' lang='lat' dir='ltr'><strong>perquirere,</strong></span> <span class='ocrx_word' id='word_1_255' title='bbox 1529 2067 1583 2112; x_wconf 90' lang='lat' dir='ltr'><strong>et</strong></span> <span class='ocrx_word' id='word_1_256' title='bbox 1611 2059 1693 2112; x_wconf 84' lang='lat' dir='ltr'><strong>di-</strong></span> 
     </span>
    </p>
   </div>
   <div class='ocr_carea' id='block_1_38' title="bbox 92 2143 1695 2213">
    <p class='ocr_par' dir='ltr' id='par_1_38' title="bbox 92 2143 1695 2213">
     <span class='ocr_line' id='line_1_38' title="bbox 92 2143 1695 2213; baseline 0.004 -20"><span class='ocrx_word' id='word_1_257' title='bbox 92 2143 324 2208; x_wconf 70' lang='lat' dir='ltr'><strong>ligenter</strong></span> <span class='ocrx_word' id='word_1_258' title='bbox 369 2143 632 2197; x_wconf 88' lang='lat' dir='ltr'><strong>adnotata</strong></span> <span class='ocrx_word' id='word_1_259' title='bbox 683 2144 735 2196; x_wconf 92' lang='lat' dir='ltr'><strong>in</strong></span> <span class='ocrx_word' id='word_1_260' title='bbox 785 2143 1021 2198; x_wconf 84' lang='lat' dir='ltr'><strong>Ecclesia</strong></span> <span class='ocrx_word' id='word_1_261' title='bbox 1072 2145 1398 2209; x_wconf 88' lang='lat' dir='ltr'><strong>recondere,</strong></span> <span class='ocrx_word' id='word_1_262' title='bbox 1447 2146 1695 2213; x_wconf 87' lang='lat' dir='ltr'><strong>sequitur</strong></span> 
     </span>
    </p>
   </div>
   <div class='ocr_carea' id='block_1_39' title="bbox 91 2233 1695 2305">
    <p class='ocr_par' dir='ltr' id='par_1_39' title="bbox 91 2233 1695 2305">
     <span class='ocr_line' id='line_1_39' title="bbox 91 2233 1695 2305; baseline 0.004 -23"><span class='ocrx_word' id='word_1_263' title='bbox 91 2235 318 2287; x_wconf 85' lang='lat' dir='ltr'><strong>onmino</strong></span> <span class='ocrx_word' id='word_1_264' title='bbox 364 2235 466 2288; x_wconf 90' lang='lat' dir='ltr'><strong>hos</strong></span> <span class='ocrx_word' id='word_1_265' title='bbox 509 2233 751 2288; x_wconf 85' lang='lat' dir='ltr'><strong>notarios</strong></span> <span class='ocrx_word' id='word_1_266' title='bbox 794 2235 1117 2304; x_wconf 73' lang='lat' dir='ltr'><strong>pnncipuam</strong></span> <span class='ocrx_word' id='word_1_267' title='bbox 1145 2250 1365 2305; x_wconf 83' lang='lat' dir='ltr'><strong>Operam</strong></span> <span class='ocrx_word' id='word_1_268' title='bbox 1410 2236 1461 2289; x_wconf 93' lang='lat' dir='ltr'><strong>in</strong></span> <span class='ocrx_word' id='word_1_269' title='bbox 1493 2237 1695 2290; x_wconf 90' lang='lat' dir='ltr'><strong>descri-</strong></span> 
     </span>
    </p>
   </div>
   <div class='ocr_carea' id='block_1_40' title="bbox 91 2326 1690 2400">
    <p class='ocr_par' dir='ltr' id='par_1_40' title="bbox 91 2326 1690 2400">
     <span class='ocr_line' id='line_1_40' title="bbox 91 2326 1690 2400; baseline 0.003 -22"><span class='ocrx_word' id='word_1_270' title='bbox 91 2326 289 2381; x_wconf 80' lang='lat' dir='ltr'><strong>bendis</strong></span> <span class='ocrx_word' id='word_1_271' title='bbox 313 2327 686 2381; x_wconf 80' lang='lat' dir='ltr'><strong>Romanorum</strong></span> <span class='ocrx_word' id='word_1_272' title='bbox 709 2327 1022 2397; x_wconf 86' lang='lat' dir='ltr'><strong>pontiﬁcqu</strong></span> <span class='ocrx_word' id='word_1_273' title='bbox 1049 2329 1322 2400; x_wconf 84' lang='lat' dir='ltr'><strong>martyriis</strong></span> <span class='ocrx_word' id='word_1_274' title='bbox 1345 2329 1690 2399; x_wconf 87' lang='lat' dir='ltr'><strong>impendisse,</strong></span> 
     </span>
    </p>
   </div>
   <div class='ocr_carea' id='block_1_41' title="bbox 89 2416 1694 2488">
    <p class='ocr_par' dir='ltr' id='par_1_41' title="bbox 89 2416 1694 2488">
     <span class='ocr_line' id='line_1_41' title="bbox 89 2416 1694 2488; baseline 0.004 -20"><span class='ocrx_word' id='word_1_275' title='bbox 89 2426 143 2468; x_wconf 82' lang='lat' dir='ltr'><strong>et</strong></span> <span class='ocrx_word' id='word_1_276' title='bbox 172 2417 314 2470; x_wconf 76' lang='lat' dir='ltr'><strong>Acta</strong></span> <span class='ocrx_word' id='word_1_277' title='bbox 344 2416 438 2470; x_wconf 89' lang='lat' dir='ltr'><strong>illa</strong></span> <span class='ocrx_word' id='word_1_278' title='bbox 469 2417 523 2470; x_wconf 93' lang='lat' dir='ltr'><strong>in</strong></span> <span class='ocrx_word' id='word_1_279' title='bbox 555 2416 795 2471; x_wconf 81' lang='lat' dir='ltr'><strong>Romana</strong></span> <span class='ocrx_word' id='word_1_280' title='bbox 826 2417 1062 2473; x_wconf 79' lang='lat' dir='ltr'><strong>Ecclesia</strong></span> <span class='ocrx_word' id='word_1_281' title='bbox 1093 2417 1417 2488; x_wconf 88' lang='lat' dir='ltr'><strong>reposuisse,</strong></span> <span class='ocrx_word' id='word_1_282' title='bbox 1453 2419 1694 2488; x_wconf 86' lang='lat' dir='ltr'><strong>adeoque</strong></span> 
     </span>
    </p>
   </div>
   <div class='ocr_carea' id='block_1_42' title="bbox 91 2509 1692 2580">
    <p class='ocr_par' dir='ltr' id='par_1_42' title="bbox 91 2509 1692 2580">
     <span class='ocr_line' id='line_1_42' title="bbox 91 2509 1692 2580; baseline 0.002 -19"><span class='ocrx_word' id='word_1_283' title='bbox 91 2509 253 2562; x_wconf 90' lang='lat' dir='ltr'><strong>initio</strong></span> <span class='ocrx_word' id='word_1_284' title='bbox 299 2509 566 2564; x_wconf 72' lang='lat' dir='ltr'><strong>Ecclesia:</strong></span> <span class='ocrx_word' id='word_1_285' title='bbox 605 2525 711 2564; x_wconf 87' lang='lat' dir='ltr'><strong>non</strong></span> <span class='ocrx_word' id='word_1_286' title='bbox 757 2510 1054 2580; x_wconf 87' lang='lat' dir='ltr'><strong>simplicem</strong></span> <span class='ocrx_word' id='word_1_287' title='bbox 1102 2521 1157 2565; x_wconf 91' lang='lat' dir='ltr'><strong>et</strong></span> <span class='ocrx_word' id='word_1_288' title='bbox 1200 2513 1417 2566; x_wconf 85' lang='lat' dir='ltr'><strong>brevem</strong></span> <span class='ocrx_word' id='word_1_289' title='bbox 1461 2510 1692 2579; x_wconf 89' lang='lat' dir='ltr'><strong>aliquem</strong></span> 
     </span>
    </p>
   </div>
   <div class='ocr_carea' id='block_1_43' title="bbox 89 2600 1696 2672">
    <p class='ocr_par' dir='ltr' id='par_1_43' title="bbox 89 2600 1696 2672">
     <span class='ocr_line' id='line_1_43' title="bbox 89 2600 1696 2672; baseline 0.002 -22"><span class='ocrx_word' id='word_1_290' title='bbox 89 2600 451 2670; x_wconf 69' lang='lat' dir='ltr'><strong>Catalogum,</strong></span> <span class='ocrx_word' id='word_1_291' title='bbox 493 2600 586 2656; x_wconf 91' lang='lat' dir='ltr'><strong>sed</strong></span> <span class='ocrx_word' id='word_1_292' title='bbox 625 2602 888 2672; x_wconf 80' lang='lat' dir='ltr'><strong>integram</strong></span> <span class='ocrx_word' id='word_1_293' title='bbox 929 2601 1244 2671; x_wconf 88' lang='lat' dir='ltr'><strong>pontiﬁcum</strong></span> <span class='ocrx_word' id='word_1_294' title='bbox 1284 2609 1584 2672; x_wconf 77' lang='lat' dir='ltr'><strong>martyrum</strong></span> <span class='ocrx_word' id='word_1_295' title='bbox 1619 2601 1696 2654; x_wconf 91' lang='lat' dir='ltr'><strong>bi-</strong></span> 
     </span>
    </p>
   </div>
   <div class='ocr_carea' id='block_1_44' title="bbox 90 2691 1694 2761">
    <p class='ocr_par' dir='ltr' id='par_1_44' title="bbox 90 2691 1694 2761">
     <span class='ocr_line' id='line_1_44' title="bbox 90 2691 1694 2761; baseline 0.002 -18"><span class='ocrx_word' id='word_1_296' title='bbox 90 2693 319 2745; x_wconf 88' lang='lat' dir='ltr'><strong>storiam</strong></span> <span class='ocrx_word' id='word_1_297' title='bbox 347 2701 629 2746; x_wconf 72' lang='lat' dir='ltr'><strong>exaratam</strong></span> <span class='ocrx_word' id='word_1_298' title='bbox 660 2691 842 2756; x_wconf 85' lang='lat' dir='ltr'><strong>fuisse,</strong></span> <span class='ocrx_word' id='word_1_299' title='bbox 867 2708 988 2761; x_wconf 65' lang='lat' dir='ltr'><strong>quae</strong></span> <span class='ocrx_word' id='word_1_300' title='bbox 1017 2693 1116 2747; x_wconf 91' lang='lat' dir='ltr'><strong>sub</strong></span> <span class='ocrx_word' id='word_1_301' title='bbox 1147 2692 1482 2747; x_wconf 89' lang='lat' dir='ltr'><strong>Diocletiano</strong></span> <span class='ocrx_word' id='word_1_302' title='bbox 1510 2691 1694 2748; x_wconf 79' lang='lat' dir='ltr'><strong>forsan</strong></span> 
     </span>
    </p>
   </div>
   <div class='ocr_carea' id='block_1_45' title="bbox 91 2785 1696 2858">
    <p class='ocr_par' dir='ltr' id='par_1_45' title="bbox 91 2785 1696 2858">
     <span class='ocr_line' id='line_1_45' title="bbox 91 2785 1696 2858; baseline 0.002 -20"><span class='ocrx_word' id='word_1_303' title='bbox 91 2785 378 2855; x_wconf 85' lang='lat' dir='ltr'><strong>deperdita</strong></span> <span class='ocrx_word' id='word_1_304' title='bbox 403 2786 528 2850; x_wconf 90' lang='lat' dir='ltr'><strong>fuit,</strong></span> <span class='ocrx_word' id='word_1_305' title='bbox 552 2786 638 2840; x_wconf 76' lang='lat' dir='ltr'><strong>vix</strong></span> <span class='ocrx_word' id='word_1_306' title='bbox 666 2787 809 2841; x_wconf 91' lang='lat' dir='ltr'><strong>enim</strong></span> <span class='ocrx_word' id='word_1_307' title='bbox 843 2785 959 2855; x_wconf 85' lang='lat' dir='ltr'><strong>ejus</strong></span> <span class='ocrx_word' id='word_1_308' title='bbox 985 2787 1246 2842; x_wconf 87' lang='lat' dir='ltr'><strong>memoria</strong></span> <span class='ocrx_word' id='word_1_309' title='bbox 1278 2788 1417 2857; x_wconf 90' lang='lat' dir='ltr'><strong>apud</strong></span> <span class='ocrx_word' id='word_1_310' title='bbox 1448 2795 1696 2858; x_wconf 88' lang='lat' dir='ltr'><strong>posteros</strong></span> 
     </span>
    </p>
   </div>
   <div class='ocr_carea' id='block_1_46' title="bbox 93 2877 1694 2949">
    <p class='ocr_par' dir='ltr' id='par_1_46' title="bbox 93 2877 1694 2949">
     <span class='ocr_line' id='line_1_46' title="bbox 93 2877 1694 2949; baseline 0.004 -22"><span class='ocrx_word' id='word_1_311' title='bbox 93 2877 283 2931; x_wconf 87' lang='lat' dir='ltr'><strong>relicta</strong></span> <span class='ocrx_word' id='word_1_312' title='bbox 311 2885 422 2942; x_wconf 89' lang='lat' dir='ltr'><strong>est,</strong></span> <span class='ocrx_word' id='word_1_313' title='bbox 450 2878 591 2946; x_wconf 87' lang='lat' dir='ltr'><strong>apud</strong></span> <span class='ocrx_word' id='word_1_314' title='bbox 615 2893 750 2946; x_wconf 90' lang='lat' dir='ltr'><strong>quos</strong></span> <span class='ocrx_word' id='word_1_315' title='bbox 779 2888 952 2932; x_wconf 87' lang='lat' dir='ltr'><strong>tamen</strong></span> <span class='ocrx_word' id='word_1_316' title='bbox 981 2879 1244 2934; x_wconf 89' lang='lat' dir='ltr'><strong>remansit</strong></span> <span class='ocrx_word' id='word_1_317' title='bbox 1269 2879 1451 2934; x_wconf 86' lang='lat' dir='ltr'><strong>brevis</strong></span> <span class='ocrx_word' id='word_1_318' title='bbox 1475 2879 1694 2949; x_wconf 91' lang='lat' dir='ltr'><strong>quidam</strong></span> 
     </span>
    </p>
   </div>
   <div class='ocr_carea' id='block_1_47' title="bbox 92 2967 1696 3041">
    <p class='ocr_par' dir='ltr' id='par_1_47' title="bbox 92 2967 1696 3041">
     <span class='ocr_line' id='line_1_47' title="bbox 92 2967 1696 3041; baseline 0.002 -21"><span class='ocrx_word' id='word_1_319' title='bbox 92 2968 395 3039; x_wconf 82' lang='lat' dir='ltr'><strong>Catalogns</strong></span> <span class='ocrx_word' id='word_1_320' title='bbox 435 2967 802 3024; x_wconf 80' lang='lat' dir='ltr'><strong>Romanorum</strong></span> <span class='ocrx_word' id='word_1_321' title='bbox 844 2971 1194 3040; x_wconf 90' lang='lat' dir='ltr'><strong>pontilicum,</strong></span> <span class='ocrx_word' id='word_1_322' title='bbox 1236 2971 1328 3041; x_wconf 92' lang='lat' dir='ltr'><strong>qui</strong></span> <span class='ocrx_word' id='word_1_323' title='bbox 1376 2986 1480 3025; x_wconf 90' lang='lat' dir='ltr'><strong>non</strong></span> <span class='ocrx_word' id='word_1_324' title='bbox 1523 2986 1553 3024; x_wconf 93' lang='lat' dir='ltr'><strong>a</strong></span> <span class='ocrx_word' id='word_1_325' title='bbox 1595 2971 1696 3025; x_wconf 58' lang='lat' dir='ltr'><strong>Da-</strong></span> 
     </span>
    </p>
   </div>
   <div class='ocr_carea' id='block_1_48' title="bbox 91 3059 1694 3133">
    <p class='ocr_par' dir='ltr' id='par_1_48' title="bbox 91 3059 1694 3133">
     <span class='ocr_line' id='line_1_48' title="bbox 91 3059 1694 3133; baseline 0.004 -23"><span class='ocrx_word' id='word_1_326' title='bbox 91 3074 273 3122; x_wconf 88' lang='lat' dir='ltr'><strong>maso,</strong></span> <span class='ocrx_word' id='word_1_327' title='bbox 315 3059 416 3113; x_wconf 88' lang='lat' dir='ltr'><strong>sed</strong></span> <span class='ocrx_word' id='word_1_328' title='bbox 444 3061 514 3113; x_wconf 87' lang='lat' dir='ltr'><strong>ab</strong></span> <span class='ocrx_word' id='word_1_329' title='bbox 543 3060 758 3114; x_wconf 86' lang='lat' dir='ltr'><strong>homine</strong></span> <span class='ocrx_word' id='word_1_330' title='bbox 788 3061 1000 3129; x_wconf 89' lang='lat' dir='ltr'><strong>privato</strong></span> <span class='ocrx_word' id='word_1_331' title='bbox 1034 3070 1275 3132; x_wconf 90' lang='lat' dir='ltr'><strong>tempore</strong></span> <span class='ocrx_word' id='word_1_332' title='bbox 1316 3061 1513 3116; x_wconf 89' lang='lat' dir='ltr'><strong>Liberii</strong></span> <span class='ocrx_word' id='word_1_333' title='bbox 1543 3077 1694 3133; x_wconf 68' lang='lat' dir='ltr'><strong>papte</strong></span> 
     </span>
    </p>
   </div>
   <div class='ocr_carea' id='block_1_49' title="bbox 94 3150 1695 3223">
    <p class='ocr_par' dir='ltr' id='par_1_49' title="bbox 94 3150 1695 3223">
     <span class='ocr_line' id='line_1_49' title="bbox 94 3150 1695 3223; baseline 0.004 -21"><span class='ocrx_word' id='word_1_334' title='bbox 94 3150 318 3204; x_wconf 84' lang='lat' dir='ltr'><strong>Damasi</strong></span> <span class='ocrx_word' id='word_1_335' title='bbox 375 3151 789 3218; x_wconf 72' lang='lat' dir='ltr'><strong>prmdecessoris</strong></span> <span class='ocrx_word' id='word_1_336' title='bbox 841 3155 1181 3223; x_wconf 89' lang='lat' dir='ltr'><strong>conscriptus</strong></span> <span class='ocrx_word' id='word_1_337' title='bbox 1226 3153 1357 3218; x_wconf 74' lang='lat' dir='ltr'><strong>fuit,</strong></span> <span class='ocrx_word' id='word_1_338' title='bbox 1407 3165 1467 3207; x_wconf 90' lang='lat' dir='ltr'><strong>ut</strong></span> <span class='ocrx_word' id='word_1_339' title='bbox 1519 3165 1695 3222; x_wconf 83' lang='lat' dir='ltr'><strong>capite</strong></span> 
     </span>
    </p>
   </div>
   <div class='ocr_carea' id='block_1_50' title="bbox 89 3241 1695 3312">
    <p class='ocr_par' dir='ltr' id='par_1_50' title="bbox 89 3241 1695 3312">
     <span class='ocr_line' id='line_1_50' title="bbox 89 3241 1695 3312; baseline 0.002 -19"><span class='ocrx_word' id='word_1_340' title='bbox 89 3242 428 3310; x_wconf 76' lang='lat' dir='ltr'><strong>praecedenti</strong></span> <span class='ocrx_word' id='word_1_341' title='bbox 465 3241 751 3312; x_wconf 88' lang='lat' dir='ltr'><strong>perspicue</strong></span> <span class='ocrx_word' id='word_1_342' title='bbox 787 3243 1146 3298; x_wconf 86' lang='lat' dir='ltr'><strong>ostendimus.</strong></span> <span class='ocrx_word' id='word_1_343' title='bbox 1197 3243 1287 3298; x_wconf 91' lang='lat' dir='ltr'><strong>Ille</strong></span> <span class='ocrx_word' id='word_1_344' title='bbox 1321 3251 1503 3297; x_wconf 90' lang='lat' dir='ltr'><strong>autem</strong></span> <span class='ocrx_word' id='word_1_345' title='bbox 1534 3242 1695 3297; x_wconf 83' lang='lat' dir='ltr'><strong>Cata-</strong></span> 
     </span>
    </p>
   </div>
   <div class='ocr_carea' id='block_1_51' title="bbox 92 3330 1694 3403">
    <p class='ocr_par' dir='ltr' id='par_1_51' title="bbox 92 3330 1694 3403">
     <span class='ocr_line' id='line_1_51' title="bbox 92 3330 1694 3403; baseline 0.004 -21"><span class='ocrx_word' id='word_1_346' title='bbox 92 3330 251 3402; x_wconf 79' lang='lat' dir='ltr'><strong>logus</strong></span> <span class='ocrx_word' id='word_1_347' title='bbox 282 3341 401 3394; x_wconf 88' lang='lat' dir='ltr'><strong>est,</strong></span> <span class='ocrx_word' id='word_1_348' title='bbox 433 3340 490 3386; x_wconf 92' lang='lat' dir='ltr'><strong>et</strong></span> <span class='ocrx_word' id='word_1_349' title='bbox 528 3348 636 3388; x_wconf 91' lang='lat' dir='ltr'><strong>non</strong></span> <span class='ocrx_word' id='word_1_350' title='bbox 671 3332 826 3398; x_wconf 92' lang='lat' dir='ltr'><strong>alius,</strong></span> <span class='ocrx_word' id='word_1_351' title='bbox 855 3334 944 3403; x_wconf 90' lang='lat' dir='ltr'><strong>qui</strong></span> <span class='ocrx_word' id='word_1_352' title='bbox 979 3349 1232 3388; x_wconf 91' lang='lat' dir='ltr'><strong>successu</strong></span> <span class='ocrx_word' id='word_1_353' title='bbox 1264 3345 1566 3402; x_wconf 83' lang='lat' dir='ltr'><strong>temporum</strong></span> <span class='ocrx_word' id='word_1_354' title='bbox 1604 3351 1694 3388; x_wconf 86' lang='lat' dir='ltr'><strong>va-</strong></span> 
     </span>
    </p>
   </div>
   <div class='ocr_carea' id='block_1_52' title="bbox 92 3421 1695 3495">
    <p class='ocr_par' dir='ltr' id='par_1_52' title="bbox 92 3421 1695 3495">
     <span class='ocr_line' id='line_1_52' title="bbox 92 3421 1695 3495; baseline 0.004 -23"><span class='ocrx_word' id='word_1_355' title='bbox 92 3423 192 3475; x_wconf 88' lang='lat' dir='ltr'><strong>riis</strong></span> <span class='ocrx_word' id='word_1_356' title='bbox 237 3421 455 3476; x_wconf 88' lang='lat' dir='ltr'><strong>notitiis</strong></span> <span class='ocrx_word' id='word_1_357' title='bbox 495 3432 687 3495; x_wconf 78' lang='lat' dir='ltr'><strong>auctus</strong></span> <span class='ocrx_word' id='word_1_358' title='bbox 717 3423 834 3484; x_wconf 88' lang='lat' dir='ltr'><strong>fuit,</strong></span> <span class='ocrx_word' id='word_1_359' title='bbox 868 3432 923 3477; x_wconf 89' lang='lat' dir='ltr'><strong>et</strong></span> <span class='ocrx_word' id='word_1_360' title='bbox 968 3432 1208 3493; x_wconf 87' lang='lat' dir='ltr'><strong>tempore</strong></span> <span class='ocrx_word' id='word_1_361' title='bbox 1253 3423 1542 3478; x_wconf 84' lang='lat' dir='ltr'><strong>Justiniani</strong></span> <span class='ocrx_word' id='word_1_362' title='bbox 1595 3425 1695 3478; x_wconf 90' lang='lat' dir='ltr'><strong>im-</strong></span> 
     </span>
    </p>
   </div>
   <div class='ocr_carea' id='block_1_53' title="bbox 90 3512 1695 3583">
    <p class='ocr_par' dir='ltr' id='par_1_53' title="bbox 90 3512 1695 3583">
     <span class='ocr_line' id='line_1_53' title="bbox 90 3512 1695 3583; baseline 0.004 -18"><span class='ocrx_word' id='word_1_363' title='bbox 90 3512 374 3580; x_wconf 82' lang='lat' dir='ltr'><strong>peratoris</strong></span> <span class='ocrx_word' id='word_1_364' title='bbox 419 3513 474 3566; x_wconf 92' lang='lat' dir='ltr'><strong>in</strong></span> <span class='ocrx_word' id='word_1_365' title='bbox 515 3512 646 3575; x_wconf 88' lang='lat' dir='ltr'><strong>illud</strong></span> <span class='ocrx_word' id='word_1_366' title='bbox 683 3513 999 3582; x_wconf 86' lang='lat' dir='ltr'><strong>opusculum</strong></span> <span class='ocrx_word' id='word_1_367' title='bbox 1042 3515 1316 3579; x_wconf 75' lang='lat' dir='ltr'><strong>excrevit,</strong></span> <span class='ocrx_word' id='word_1_368' title='bbox 1356 3516 1424 3569; x_wconf 91' lang='lat' dir='ltr'><strong>de</strong></span> <span class='ocrx_word' id='word_1_369' title='bbox 1451 3530 1559 3583; x_wconf 90' lang='lat' dir='ltr'><strong>quo</strong></span> <span class='ocrx_word' id='word_1_370' title='bbox 1595 3515 1695 3571; x_wconf 88' lang='lat' dir='ltr'><strong>sub</strong></span> 
     </span>
    </p>
   </div>
   <div class='ocr_carea' id='block_1_54' title="bbox 90 3602 1690 3676">
    <p class='ocr_par' dir='ltr' id='par_1_54' title="bbox 90 3602 1690 3676">
     <span class='ocr_line' id='line_1_54' title="bbox 90 3602 1690 3676; baseline 0.004 -22"><span class='ocrx_word' id='word_1_371' title='bbox 90 3604 321 3656; x_wconf 84' lang='lat' dir='ltr'><strong>secundi</strong></span> <span class='ocrx_word' id='word_1_372' title='bbox 355 3602 599 3674; x_wconf 80' lang='lat' dir='ltr'><strong>Catalogi</strong></span> <span class='ocrx_word' id='word_1_373' title='bbox 635 3605 788 3660; x_wconf 85' lang='lat' dir='ltr'><strong>titulo</strong></span> <span class='ocrx_word' id='word_1_374' title='bbox 827 3606 1056 3676; x_wconf 84' lang='lat' dir='ltr'><strong>egimus.</strong></span> <span class='ocrx_word' id='word_1_375' title='bbox 1101 3606 1340 3661; x_wconf 88' lang='lat' dir='ltr'><strong>Probare</strong></span> <span class='ocrx_word' id='word_1_376' title='bbox 1373 3607 1554 3676; x_wconf 87' lang='lat' dir='ltr'><strong>itaque</strong></span> <span class='ocrx_word' id='word_1_377' title='bbox 1586 3621 1690 3662; x_wconf 90' lang='lat' dir='ltr'><strong>non</strong></span> 
     </span>
    </p>
   </div>
   <div class='ocr_carea' id='block_1_55' title="bbox 91 3695 1694 3764">
    <p class='ocr_par' dir='ltr' id='par_1_55' title="bbox 91 3695 1694 3764">
     <span class='ocr_line' id='line_1_55' title="bbox 91 3695 1694 3764; baseline 0.004 -19"><span class='ocrx_word' id='word_1_378' title='bbox 91 3710 344 3764; x_wconf 80' lang='lat' dir='ltr'><strong>possum,</strong></span> <span class='ocrx_word' id='word_1_379' title='bbox 389 3695 532 3764; x_wconf 87' lang='lat' dir='ltr'><strong>quod</strong></span> <span class='ocrx_word' id='word_1_380' title='bbox 563 3697 691 3750; x_wconf 91' lang='lat' dir='ltr'><strong>dicit</strong></span> <span class='ocrx_word' id='word_1_381' title='bbox 732 3696 1071 3758; x_wconf 88' lang='lat' dir='ltr'><strong>Lambecius,</strong></span> <span class='ocrx_word' id='word_1_382' title='bbox 1103 3696 1439 3750; x_wconf 87' lang='lat' dir='ltr'><strong>notariorum</strong></span> <span class='ocrx_word' id='word_1_383' title='bbox 1480 3696 1694 3751; x_wconf 79' lang='lat' dir='ltr'><strong>Catale-</strong></span> 
     </span>
    </p>
   </div>
   <div class='ocr_carea' id='block_1_56' title="bbox 90 3783 1695 3854">
    <p class='ocr_par' dir='ltr' id='par_1_56' title="bbox 90 3783 1695 3854">
     <span class='ocr_line' id='line_1_56' title="bbox 90 3783 1695 3854; baseline 0.001 -17"><span class='ocrx_word' id='word_1_384' title='bbox 90 3801 218 3853; x_wconf 81' lang='lat' dir='ltr'><strong>gum</strong></span> <span class='ocrx_word' id='word_1_385' title='bbox 248 3795 499 3852; x_wconf 84' lang='lat' dir='ltr'><strong>tempore</strong></span> <span class='ocrx_word' id='word_1_386' title='bbox 522 3783 864 3840; x_wconf 88' lang='lat' dir='ltr'><strong>Constantini</strong></span> <span class='ocrx_word' id='word_1_387' title='bbox 891 3785 1070 3854; x_wconf 81' lang='lat' dir='ltr'><strong>magni</strong></span> <span class='ocrx_word' id='word_1_388' title='bbox 1097 3785 1262 3839; x_wconf 88' lang='lat' dir='ltr'><strong>variis</strong></span> <span class='ocrx_word' id='word_1_389' title='bbox 1292 3784 1430 3840; x_wconf 90' lang='lat' dir='ltr'><strong>actis</strong></span> <span class='ocrx_word' id='word_1_390' title='bbox 1451 3793 1504 3837; x_wconf 91' lang='lat' dir='ltr'><strong>et</strong></span> <span class='ocrx_word' id='word_1_391' title='bbox 1526 3785 1695 3853; x_wconf 88' lang='lat' dir='ltr'><strong>gestis</strong></span> 
     </span>
    </p>
   </div>
   <div class='ocr_carea' id='block_1_57' title="bbox 90 3874 1693 3945">
    <p class='ocr_par' dir='ltr' id='par_1_57' title="bbox 90 3874 1693 3945">
     <span class='ocr_line' id='line_1_57' title="bbox 90 3874 1693 3945; baseline 0.001 -18"><span class='ocrx_word' id='word_1_392' title='bbox 90 3875 282 3945; x_wconf 80' lang='lat' dir='ltr'><strong>augeri</strong></span> <span class='ocrx_word' id='word_1_393' title='bbox 339 3875 613 3944; x_wconf 67' lang='lat' dir='ltr'><strong>coepisse,</strong></span> <span class='ocrx_word' id='word_1_394' title='bbox 661 3883 717 3930; x_wconf 89' lang='lat' dir='ltr'><strong>et</strong></span> <span class='ocrx_word' id='word_1_395' title='bbox 771 3876 822 3929; x_wconf 91' lang='lat' dir='ltr'><strong>in</strong></span> <span class='ocrx_word' id='word_1_396' title='bbox 875 3875 1096 3931; x_wconf 90' lang='lat' dir='ltr'><strong>archivo</strong></span> <span class='ocrx_word' id='word_1_397' title='bbox 1147 3874 1382 3929; x_wconf 79' lang='lat' dir='ltr'><strong>basilica:</strong></span> <span class='ocrx_word' id='word_1_398' title='bbox 1432 3875 1693 3944; x_wconf 85' lang='lat' dir='ltr'><strong>principis</strong></span> 
     </span>
    </p>
   </div>
   <div class='ocr_carea' id='block_1_58' title="bbox 89 3965 1690 4036">
    <p class='ocr_par' dir='ltr' id='par_1_58' title="bbox 89 3965 1690 4036">
     <span class='ocr_line' id='line_1_58' title="bbox 89 3965 1690 4036; baseline 0.001 -18"><span class='ocrx_word' id='word_1_399' title='bbox 89 3967 472 4035; x_wconf 84' lang='lat' dir='ltr'><strong>apostolorum</strong></span> <span class='ocrx_word' id='word_1_400' title='bbox 508 3967 576 4020; x_wconf 91' lang='lat' dir='ltr'><strong>dc</strong></span> <span class='ocrx_word' id='word_1_401' title='bbox 607 3965 749 4022; x_wconf 86' lang='lat' dir='ltr'><strong>Urbe</strong></span> <span class='ocrx_word' id='word_1_402' title='bbox 776 3967 1070 4036; x_wconf 87' lang='lat' dir='ltr'><strong>repositum</strong></span> <span class='ocrx_word' id='word_1_403' title='bbox 1115 3965 1303 4031; x_wconf 79' lang='lat' dir='ltr'><strong>fuisse,</strong></span> <span class='ocrx_word' id='word_1_404' title='bbox 1337 3979 1403 4020; x_wconf 83' lang='lat' dir='ltr'><strong>cx</strong></span> <span class='ocrx_word' id='word_1_405' title='bbox 1434 3982 1540 4036; x_wconf 89' lang='lat' dir='ltr'><strong>quo</strong></span> <span class='ocrx_word' id='word_1_406' title='bbox 1568 3981 1690 4022; x_wconf 90' lang='lat' dir='ltr'><strong>eum</strong></span> 
     </span>
    </p>
   </div>
   <div class='ocr_carea' id='block_1_59' title="bbox 91 4040 1693 4126">
    <p class='ocr_par' dir='ltr' id='par_1_59' title="bbox 91 4040 1693 4126">
     <span class='ocr_line' id='line_1_59' title="bbox 91 4040 1693 4126; baseline 0 -18"><span class='ocrx_word' id='word_1_407' title='bbox 91 4040 267 4126; x_wconf 79' lang='lat' dir='ltr'><strong>usque</strong></span> <span class='ocrx_word' id='word_1_408' title='bbox 311 4056 384 4109; x_wconf 90' lang='lat' dir='ltr'><strong>ad</strong></span> <span class='ocrx_word' id='word_1_409' title='bbox 427 4055 634 4111; x_wconf 85' lang='lat' dir='ltr'><strong>Liberii</strong></span> <span class='ocrx_word' id='word_1_410' title='bbox 684 4056 1050 4126; x_wconf 87' lang='lat' dir='ltr'><strong>pontiﬁcatum</strong></span> <span class='ocrx_word' id='word_1_411' title='bbox 1094 4072 1124 4110; x_wconf 90' lang='lat' dir='ltr'><strong>a</strong></span> <span class='ocrx_word' id='word_1_412' title='bbox 1164 4057 1332 4110; x_wconf 86' lang='lat' dir='ltr'><strong>variis</strong></span> <span class='ocrx_word' id='word_1_413' title='bbox 1377 4055 1693 4110; x_wconf 88' lang='lat' dir='ltr'><strong>auctoribus</strong></span> 
     </span>
    </p>
   </div>
   <div class='ocr_carea' id='block_1_60' title="bbox 91 4146 1691 4218">
    <p class='ocr_par' dir='ltr' id='par_1_60' title="bbox 91 4146 1691 4218">
     <span class='ocr_line' id='line_1_60' title="bbox 91 4146 1691 4218; baseline -0.002 -18"><span class='ocrx_word' id='word_1_414' title='bbox 91 4149 389 4202; x_wconf 87' lang='lat' dir='ltr'><strong>deductum</strong></span> <span class='ocrx_word' id='word_1_415' title='bbox 433 4147 698 4202; x_wconf 88' lang='lat' dir='ltr'><strong>Damasus</strong></span> <span class='ocrx_word' id='word_1_416' title='bbox 736 4163 868 4218; x_wconf 86' lang='lat' dir='ltr'><strong>papa</strong></span> <span class='ocrx_word' id='word_1_417' title='bbox 919 4147 1219 4218; x_wconf 88' lang='lat' dir='ltr'><strong>desumpsit</strong></span> <span class='ocrx_word' id='word_1_418' title='bbox 1262 4156 1317 4200; x_wconf 88' lang='lat' dir='ltr'><strong>et</strong></span> <span class='ocrx_word' id='word_1_419' title='bbox 1359 4146 1691 4214; x_wconf 78' lang='lat' dir='ltr'><strong>descriptum</strong></span> 
     </span>
    </p>
   </div>
   <div class='ocr_carea' id='block_1_61' title="bbox 93 4237 1450 4310">
    <p class='ocr_par' dir='ltr' id='par_1_61' title="bbox 93 4237 1450 4310">
     <span class='ocr_line' id='line_1_61' title="bbox 93 4237 1450 4310; baseline 0.001 -20"><span class='ocrx_word' id='word_1_420' title='bbox 93 4237 262 4291; x_wconf 79' lang='lat' dir='ltr'><strong>Itonia</strong></span> <span class='ocrx_word' id='word_1_421' title='bbox 302 4237 739 4310; x_wconf 86' lang='lat' dir='ltr'><strong>Hierosolymam</strong></span> <span class='ocrx_word' id='word_1_422' title='bbox 769 4239 835 4293; x_wconf 88' lang='lat' dir='ltr'><strong>ad</strong></span> <span class='ocrx_word' id='word_1_423' title='bbox 867 4238 1252 4310; x_wconf 85' lang='lat' dir='ltr'><strong>Hieronymum</strong></span> <span class='ocrx_word' id='word_1_424' title='bbox 1283 4239 1450 4294; x_wconf 91' lang='lat' dir='ltr'><strong>misit.</strong></span> 
     </span>
    </p>
   </div>
   <div class='ocr_carea' id='block_1_62' title="bbox 161 4326 1692 4400">
    <p class='ocr_par' dir='ltr' id='par_1_62' title="bbox 161 4326 1692 4400">
     <span class='ocr_line' id='line_1_62' title="bbox 161 4326 1692 4400; baseline 0.003 -18"><span class='ocrx_word' id='word_1_425' title='bbox 161 4329 213 4382; x_wconf 86' lang='grc'><strong>’1.</strong></span> <span class='ocrx_word' id='word_1_426' title='bbox 260 4326 414 4383; x_wconf 87' lang='lat' dir='ltr'><strong>Sane</strong></span> <span class='ocrx_word' id='word_1_427' title='bbox 442 4329 589 4382; x_wconf 88' lang='lat' dir='ltr'><strong>inter</strong></span> <span class='ocrx_word' id='word_1_428' title='bbox 618 4329 849 4385; x_wconf 85' lang='lat' dir='ltr'><strong>rationes</strong></span> <span class='ocrx_word' id='word_1_429' title='bbox 869 4331 1145 4386; x_wconf 86' lang='lat' dir='ltr'><strong>evidentes</strong></span> <span class='ocrx_word' id='word_1_430' title='bbox 1174 4345 1310 4400; x_wconf 89' lang='lat' dir='ltr'><strong>quas</strong></span> <span class='ocrx_word' id='word_1_431' title='bbox 1340 4331 1440 4385; x_wconf 88' lang='lat' dir='ltr'><strong>sibi</strong></span> <span class='ocrx_word' id='word_1_432' title='bbox 1471 4330 1692 4386; x_wconf 87' lang='lat' dir='ltr'><strong>obstare</strong></span> 
     </span>
    </p>
   </div>
   <div class='ocr_carea' id='block_1_63' title="bbox 91 4421 1692 4494">
    <p class='ocr_par' dir='ltr' id='par_1_63' title="bbox 91 4421 1692 4494">
     <span class='ocr_line' id='line_1_63' title="bbox 91 4421 1692 4494; baseline 0.001 -19"><span class='ocrx_word' id='word_1_433' title='bbox 91 4423 204 4492; x_wconf 87' lang='lat' dir='ltr'><strong>ipse</strong></span> <span class='ocrx_word' id='word_1_434' title='bbox 229 4421 572 4476; x_wconf 87' lang='lat' dir='ltr'><strong>Lambecius</strong></span> <span class='ocrx_word' id='word_1_435' title='bbox 616 4435 954 4492; x_wconf 81' lang='lat' dir='ltr'><strong>cognoverat,</strong></span> <span class='ocrx_word' id='word_1_436' title='bbox 1001 4425 1174 4494; x_wconf 90' lang='lat' dir='ltr'><strong>prima</strong></span> <span class='ocrx_word' id='word_1_437' title='bbox 1207 4425 1425 4493; x_wconf 89' lang='lat' dir='ltr'><strong>quidem</strong></span> <span class='ocrx_word' id='word_1_438' title='bbox 1474 4424 1561 4477; x_wconf 80' lang='lat' dir='ltr'><strong>illa</strong></span> <span class='ocrx_word' id='word_1_439' title='bbox 1607 4433 1692 4477; x_wconf 88' lang='lat' dir='ltr'><strong>est</strong></span> 
     </span>
    </p>
   </div>
   <div class='ocr_carea' id='block_1_64' title="bbox 89 4490 1771 4589">
    <p class='ocr_par' dir='ltr' id='par_1_64' title="bbox 89 4490 1771 4589">
     <span class='ocr_line' id='line_1_64' title="bbox 89 4490 1771 4589; baseline 0.003 -25"><span class='ocrx_word' id='word_1_440' title='bbox 89 4490 230 4582; x_wconf 74' lang='lat' dir='ltr'><strong>quod</strong></span> <span class='ocrx_word' id='word_1_441' title='bbox 282 4513 524 4566; x_wconf 80' lang='lat' dir='ltr'><strong>historia</strong></span> <span class='ocrx_word' id='word_1_442' title='bbox 577 4490 896 4581; x_wconf 34' lang='lat' dir='ltr'><strong>ipsa&#39;multis</strong></span> <span class='ocrx_word' id='word_1_443' title='bbox 923 4490 1369 4589; x_wconf 75' lang='lat' dir='ltr'><strong>chronographite</strong></span> <span class='ocrx_word' id='word_1_444' title='bbox 1412 4514 1689 4569; x_wconf 84' lang='lat' dir='ltr'><strong>erroribus</strong></span> <span class='ocrx_word' id='word_1_445' title='bbox 1718 4490 1771 4548; x_wconf 79' lang='lat' dir='ltr'><strong>D</strong></span> 
     </span>
    </p>
   </div>
   <div class='ocr_carea' id='block_1_65' title="bbox 89 4595 1694 4672">
    <p class='ocr_par' dir='ltr' id='par_1_65' title="bbox 89 4595 1694 4672">
     <span class='ocr_line' id='line_1_65' title="bbox 89 4595 1694 4672; baseline 0.004 -18"><span class='ocrx_word' id='word_1_446' title='bbox 89 4613 139 4655; x_wconf 87' lang='lat' dir='ltr'><strong>et</strong></span> <span class='ocrx_word' id='word_1_447' title='bbox 170 4602 464 4656; x_wconf 89' lang='lat' dir='ltr'><strong>nonnullis</strong></span> <span class='ocrx_word' id='word_1_448' title='bbox 493 4602 722 4657; x_wconf 89' lang='lat' dir='ltr'><strong>incertis</strong></span> <span class='ocrx_word' id='word_1_449' title='bbox 746 4607 1128 4663; x_wconf 88' lang='lat' dir='ltr'><strong>assertionibus</strong></span> <span class='ocrx_word' id='word_1_450' title='bbox 1161 4609 1358 4663; x_wconf 87' lang='lat' dir='ltr'><strong>referta</strong></span> <span class='ocrx_word' id='word_1_451' title='bbox 1386 4595 1489 4670; x_wconf 82' lang='lat' dir='ltr'><strong>sit,</strong></span> <span class='ocrx_word' id='word_1_452' title='bbox 1521 4616 1580 4660; x_wconf 90' lang='lat' dir='ltr'><strong>ut</strong></span> <span class='ocrx_word' id='word_1_453' title='bbox 1609 4606 1694 4672; x_wconf 70' lang='grc' dir='ltr'><strong>Ιὶι-Δ</strong></span> 
     </span>
    </p>
   </div>
   <div class='ocr_carea' id='block_1_66' title="bbox 88 4692 1689 4769">
    <p class='ocr_par' dir='ltr' id='par_1_66' title="bbox 88 4692 1689 4769">
     <span class='ocr_line' id='line_1_66' title="bbox 88 4692 1689 4769; baseline 0.006 -25"><span class='ocrx_word' id='word_1_454' title='bbox 88 4692 188 4745; x_wconf 85' lang='lat' dir='ltr'><strong>cile</strong></span> <span class='ocrx_word' id='word_1_455' title='bbox 216 4693 452 4760; x_wconf 88' lang='lat' dir='ltr'><strong>probari</strong></span> <span class='ocrx_word' id='word_1_456' title='bbox 492 4702 680 4760; x_wconf 89' lang='lat' dir='ltr'><strong>potest</strong></span> <span class='ocrx_word' id='word_1_457' title='bbox 706 4709 765 4747; x_wconf 79' lang='lat' dir='ltr'><strong>ex</strong></span> <span class='ocrx_word' id='word_1_458' title='bbox 798 4695 860 4750; x_wconf 89' lang='lat' dir='ltr'><strong>iis</strong></span> <span class='ocrx_word' id='word_1_459' title='bbox 886 4713 1002 4766; x_wconf 68' lang='lat' dir='ltr'><strong>qua:</strong></span> <span class='ocrx_word' id='word_1_460' title='bbox 1045 4700 1365 4769; x_wconf 69' lang='lat' dir='ltr'><strong>prmeedenti</strong></span> <span class='ocrx_word' id='word_1_461' title='bbox 1411 4699 1586 4769; x_wconf 90' lang='lat' dir='ltr'><strong>capite</strong></span> <span class='ocrx_word' id='word_1_462' title='bbox 1621 4699 1689 4753; x_wconf 89' lang='lat' dir='ltr'><strong>de</strong></span> 
     </span>
    </p>
   </div>
   <div class='ocr_carea' id='block_1_67' title="bbox 87 4782 1684 4861">
    <p class='ocr_par' dir='ltr' id='par_1_67' title="bbox 87 4782 1684 4861">
     <span class='ocr_line' id='line_1_67' title="bbox 87 4782 1684 4861; baseline 0.006 -28"><span class='ocrx_word' id='word_1_463' title='bbox 87 4782 501 4850; x_wconf 84' lang='lat' dir='ltr'><strong>antiquioribus</strong></span> <span class='ocrx_word' id='word_1_464' title='bbox 533 4782 802 4854; x_wconf 80' lang='lat' dir='ltr'><strong>Catalogis</strong></span> <span class='ocrx_word' id='word_1_465' title='bbox 828 4788 1074 4855; x_wconf 78' lang='lat' dir='ltr'><strong>diximus,</strong></span> <span class='ocrx_word' id='word_1_466' title='bbox 1104 4806 1240 4861; x_wconf 90' lang='lat' dir='ltr'><strong>quos</strong></span> <span class='ocrx_word' id='word_1_467' title='bbox 1278 4799 1468 4844; x_wconf 89' lang='lat' dir='ltr'><strong>auctor</strong></span> <span class='ocrx_word' id='word_1_468' title='bbox 1497 4790 1684 4844; x_wconf 86' lang='lat' dir='ltr'><strong>Ponti-</strong></span> 
     </span>
    </p>
   </div>
   <div class='ocr_carea' id='block_1_68' title="bbox 89 4873 1692 4954">
    <p class='ocr_par' dir='ltr' id='par_1_68' title="bbox 89 4873 1692 4954">
     <span class='ocr_line' id='line_1_68' title="bbox 89 4873 1692 4954; baseline 0.009 -29"><span class='ocrx_word' id='word_1_469' title='bbox 89 4874 250 4927; x_wconf 84' lang='lat' dir='ltr'><strong>ﬁcalis</strong></span> <span class='ocrx_word' id='word_1_470' title='bbox 275 4873 428 4928; x_wconf 83' lang='lat' dir='ltr'><strong>adeo</strong></span> <span class='ocrx_word' id='word_1_471' title='bbox 459 4873 756 4930; x_wconf 86' lang='lat' dir='ltr'><strong>manifeste</strong></span> <span class='ocrx_word' id='word_1_472' title='bbox 783 4891 989 4937; x_wconf 88' lang='lat' dir='ltr'><strong>secutus</strong></span> <span class='ocrx_word' id='word_1_473' title='bbox 1011 4895 1114 4950; x_wconf 90' lang='lat' dir='ltr'><strong>est,</strong></span> <span class='ocrx_word' id='word_1_474' title='bbox 1139 4893 1195 4938; x_wconf 91' lang='lat' dir='ltr'><strong>ut</strong></span> <span class='ocrx_word' id='word_1_475' title='bbox 1219 4900 1312 4939; x_wconf 85' lang='lat' dir='ltr'><strong>eos</strong></span> <span class='ocrx_word' id='word_1_476' title='bbox 1339 4885 1692 4954; x_wconf 81' lang='lat' dir='ltr'><strong>descripsisse</strong></span> 
     </span>
    </p>
   </div>
   <div class='ocr_carea' id='block_1_69' title="bbox 86 4964 1689 5043">
    <p class='ocr_par' dir='ltr' id='par_1_69' title="bbox 86 4964 1689 5043">
     <span class='ocr_line' id='line_1_69' title="bbox 86 4964 1689 5043; baseline 0.007 -28"><span class='ocrx_word' id='word_1_477' title='bbox 86 4973 134 5015; x_wconf 88' lang='lat' dir='ltr'><strong>et</strong></span> <span class='ocrx_word' id='word_1_478' title='bbox 173 4964 224 5015; x_wconf 89' lang='lat' dir='ltr'><strong>in</strong></span> <span class='ocrx_word' id='word_1_479' title='bbox 276 4978 451 5015; x_wconf 87' lang='lat' dir='ltr'><strong>usum</strong></span> <span class='ocrx_word' id='word_1_480' title='bbox 505 4977 675 5015; x_wconf 90' lang='lat' dir='ltr'><strong>suum</strong></span> <span class='ocrx_word' id='word_1_481' title='bbox 720 4971 1062 5038; x_wconf 87' lang='lat' dir='ltr'><strong>assumpsisse</strong></span> <span class='ocrx_word' id='word_1_482' title='bbox 1107 4984 1483 5043; x_wconf 75' lang='lat' dir='ltr'><strong>cognosmtnr.</strong></span> <span class='ocrx_word' id='word_1_483' title='bbox 1538 4973 1689 5028; x_wconf 87' lang='lat' dir='ltr'><strong>Unde</strong></span> 
     </span>
    </p>
   </div>
   <div class='ocr_carea' id='block_1_70' title="bbox 88 5050 1690 5134">
    <p class='ocr_par' dir='ltr' id='par_1_70' title="bbox 88 5050 1690 5134">
     <span class='ocr_line' id='line_1_70' title="bbox 88 5050 1690 5134; baseline 0.007 -29"><span class='ocrx_word' id='word_1_484' title='bbox 88 5053 264 5106; x_wconf 86' lang='lat' dir='ltr'><strong>eadem</strong></span> <span class='ocrx_word' id='word_1_485' title='bbox 307 5050 490 5114; x_wconf 91' lang='lat' dir='ltr'><strong>ratio,</strong></span> <span class='ocrx_word' id='word_1_486' title='bbox 531 5053 608 5104; x_wconf 90' lang='lat' dir='ltr'><strong>ob</strong></span> <span class='ocrx_word' id='word_1_487' title='bbox 637 5069 792 5119; x_wconf 90' lang='lat' dir='ltr'><strong>quam</strong></span> <span class='ocrx_word' id='word_1_488' title='bbox 821 5057 1054 5117; x_wconf 86' lang='lat' dir='ltr'><strong>Anthero</strong></span> <span class='ocrx_word' id='word_1_489' title='bbox 1080 5066 1316 5134; x_wconf 90' lang='lat' dir='ltr'><strong>priorem</strong></span> <span class='ocrx_word' id='word_1_490' title='bbox 1349 5073 1558 5133; x_wconf 91' lang='lat' dir='ltr'><strong>partem</strong></span> <span class='ocrx_word' id='word_1_491' title='bbox 1591 5079 1690 5116; x_wconf 90' lang='lat' dir='ltr'><strong>an-</strong></span> 
     </span>
    </p>
   </div>
   <div class='ocr_carea' id='block_1_71' title="bbox 89 5141 1684 5223">
    <p class='ocr_par' dir='ltr' id='par_1_71' title="bbox 89 5141 1684 5223">
     <span class='ocr_line' id='line_1_71' title="bbox 89 5141 1684 5223; baseline 0.007 -29"><span class='ocrx_word' id='word_1_492' title='bbox 89 5143 205 5211; x_wconf 90' lang='lat' dir='ltr'><strong>tiqui</strong></span> <span class='ocrx_word' id='word_1_493' title='bbox 255 5141 530 5209; x_wconf 84' lang='lat' dir='ltr'><strong>Catalogi</strong></span> <span class='ocrx_word' id='word_1_494' title='bbox 583 5150 641 5194; x_wconf 90' lang='lat' dir='ltr'><strong>et</strong></span> <span class='ocrx_word' id='word_1_495' title='bbox 692 5143 910 5201; x_wconf 73' lang='lat' dir='ltr'><strong>Damaso</strong></span> <span class='ocrx_word' id='word_1_496' title='bbox 956 5158 1310 5222; x_wconf 86' lang='lat' dir='ltr'><strong>posteriorem</strong></span> <span class='ocrx_word' id='word_1_497' title='bbox 1360 5155 1684 5223; x_wconf 77' lang='lat' dir='ltr'><strong>adjttdicavi-</strong></span> 
     </span>
    </p>
   </div>
   <div class='ocr_carea' id='block_1_72' title="bbox 86 5233 1688 5317">
    <p class='ocr_par' dir='ltr' id='par_1_72' title="bbox 86 5233 1688 5317">
     <span class='ocr_line' id='line_1_72' title="bbox 86 5233 1688 5317; baseline 0.009 -29"><span class='ocrx_word' id='word_1_498' title='bbox 86 5252 210 5296; x_wconf 85' lang='lat' dir='ltr'><strong>nius,</strong></span> <span class='ocrx_word' id='word_1_499' title='bbox 235 5235 617 5288; x_wconf 86' lang='lat' dir='ltr'><strong>demonstrat</strong></span> <span class='ocrx_word' id='word_1_500' title='bbox 649 5233 859 5290; x_wconf 87' lang='lat' dir='ltr'><strong>Librum</strong></span> <span class='ocrx_word' id='word_1_501' title='bbox 886 5241 1253 5303; x_wconf 78' lang='lat' dir='ltr'><strong>Pontiﬁcalcm</strong></span> <span class='ocrx_word' id='word_1_502' title='bbox 1283 5247 1512 5302; x_wconf 88' lang='lat' dir='ltr'><strong>Damaso</strong></span> <span class='ocrx_word' id='word_1_503' title='bbox 1537 5262 1688 5317; x_wconf 73' lang='lat' dir='ltr'><strong>papte</strong></span> 
     </span>
    </p>
   </div>
   <div class='ocr_carea' id='block_1_73' title="bbox 87 5323 1683 5382">
    <p class='ocr_par' dir='ltr' id='par_1_73' title="bbox 87 5323 1683 5382">
     <span class='ocr_line' id='line_1_73' title="bbox 87 5323 1683 5382; baseline 0.002 -3"><span class='ocrx_word' id='word_1_504' title='bbox 87 5334 330 5382; x_wconf 75' lang='lat' dir='ltr'><strong>tanquam</strong></span> <span class='ocrx_word' id='word_1_505' title='bbox 359 5323 601 5376; x_wconf 87' lang='lat' dir='ltr'><strong>auctori</strong></span> <span class='ocrx_word' id='word_1_506' title='bbox 635 5323 716 5377; x_wconf 89' lang='lat' dir='ltr'><strong>vel</strong></span> <span class='ocrx_word' id='word_1_507' title='bbox 741 5332 1070 5382; x_wconf 77' lang='lat' dir='ltr'><strong>approbatm-i</strong></span> <span class='ocrx_word' id='word_1_508' title='bbox 1096 5338 1512 5382; x_wconf 69' lang='grc' dir='ltr'>ςυιίιιιιίυειιπιιηη</span> <span class='ocrx_word' id='word_1_509' title='bbox 1543 5353 1683 5382; x_wconf 64' lang='lat' dir='ltr'><strong>esse-</strong></span> 
     </span>
    </p>
   </div>
   <div class='ocr_carea' id='block_1_74' title="bbox 1799 1887 3380 1960">
    <p class='ocr_par' dir='ltr' id='par_1_74' title="bbox 1799 1887 3380 1960">
     <span class='ocr_line' id='line_1_74' title="bbox 1799 1887 3380 1960; baseline 0.004 -21"><span class='ocrx_word' id='word_1_510' title='bbox 1799 1888 1925 1940; x_wconf 92' lang='lat' dir='ltr'><strong>uiuo</strong></span> <span class='ocrx_word' id='word_1_511' title='bbox 1972 1887 2142 1955; x_wconf 81' lang='lat' dir='ltr'><strong>stylus</strong></span> <span class='ocrx_word' id='word_1_512' title='bbox 2186 1889 2392 1942; x_wconf 87' lang='lat' dir='ltr'><strong>servari</strong></span> <span class='ocrx_word' id='word_1_513' title='bbox 2437 1889 2604 1958; x_wconf 85' lang='lat' dir='ltr'><strong>possit</strong></span> <span class='ocrx_word' id='word_1_514' title='bbox 2649 1891 2698 1942; x_wconf 91' lang='lat' dir='ltr'><strong>in</strong></span> <span class='ocrx_word' id='word_1_515' title='bbox 2752 1890 2856 1944; x_wconf 87' lang='lat' dir='ltr'><strong>illis</strong></span> <span class='ocrx_word' id='word_1_516' title='bbox 2901 1891 3114 1954; x_wconf 87' lang='lat' dir='ltr'><strong>tabulis,</strong></span> <span class='ocrx_word' id='word_1_517' title='bbox 3144 1908 3263 1960; x_wconf 65' lang='lat' dir='ltr'><strong>quae</strong></span> <span class='ocrx_word' id='word_1_518' title='bbox 3295 1892 3380 1945; x_wconf 70' lang='lat' dir='ltr'><strong>vix</strong></span> 
     </span>
    </p>
   </div>
   <div class='ocr_carea' id='block_1_75' title="bbox 1795 1979 3386 2045">
    <p class='ocr_par' dir='ltr' id='par_1_75' title="bbox 1795 1979 3386 2045">
     <span class='ocr_line' id='line_1_75' title="bbox 1795 1979 3386 2045; baseline 0.004 -15"><span class='ocrx_word' id='word_1_519' title='bbox 1795 1993 1957 2030; x_wconf 79' lang='lat' dir='ltr'><strong>unum</strong></span> <span class='ocrx_word' id='word_1_520' title='bbox 1980 2019 1993 2040; x_wconf 88' lang='lat'><strong>,</strong></span> <span class='ocrx_word' id='word_1_521' title='bbox 2025 1987 2115 2031; x_wconf 88' lang='lat' dir='ltr'><strong>aut</strong></span> <span class='ocrx_word' id='word_1_522' title='bbox 2144 1979 2286 2032; x_wconf 87' lang='lat' dir='ltr'><strong>aliud</strong></span> <span class='ocrx_word' id='word_1_523' title='bbox 2318 1981 2538 2033; x_wconf 84' lang='lat' dir='ltr'><strong>verbum</strong></span> <span class='ocrx_word' id='word_1_524' title='bbox 2581 1982 2854 2045; x_wconf 83' lang='lat' dir='ltr'><strong>continet,</strong></span> <span class='ocrx_word' id='word_1_525' title='bbox 2888 1994 2943 2033; x_wconf 86' lang='lat' dir='ltr'><strong>ut</strong></span> <span class='ocrx_word' id='word_1_526' title='bbox 2986 1983 3036 2035; x_wconf 93' lang='lat' dir='ltr'><strong>in</strong></span> <span class='ocrx_word' id='word_1_527' title='bbox 3070 1981 3225 2036; x_wconf 77' lang='lat' dir='ltr'><strong>fastis</strong></span> <span class='ocrx_word' id='word_1_528' title='bbox 3256 1999 3386 2036; x_wconf 89' lang='lat' dir='ltr'><strong>con-</strong></span> 
     </span>
    </p>
   </div>
   <div class='ocr_carea' id='block_1_76' title="bbox 1796 2067 3389 2139">
    <p class='ocr_par' dir='ltr' id='par_1_76' title="bbox 1796 2067 3389 2139">
     <span class='ocr_line' id='line_1_76' title="bbox 1796 2067 3389 2139; baseline 0.003 -19"><span class='ocrx_word' id='word_1_529' title='bbox 1796 2067 2088 2130; x_wconf 87' lang='lat' dir='ltr'><strong>sularibus,</strong></span> <span class='ocrx_word' id='word_1_530' title='bbox 2133 2071 2183 2121; x_wconf 90' lang='lat' dir='ltr'><strong>in</strong></span> <span class='ocrx_word' id='word_1_531' title='bbox 2226 2069 2433 2124; x_wconf 89' lang='lat' dir='ltr'><strong>sediutn</strong></span> <span class='ocrx_word' id='word_1_532' title='bbox 2463 2071 2904 2139; x_wconf 85' lang='lat' dir='ltr'><strong>patriarchaliutn</strong></span> <span class='ocrx_word' id='word_1_533' title='bbox 2938 2071 3157 2134; x_wconf 89' lang='lat' dir='ltr'><strong>tabulis,</strong></span> <span class='ocrx_word' id='word_1_534' title='bbox 3185 2071 3389 2124; x_wconf 83' lang='lat' dir='ltr'><strong>Roma-</strong></span> 
     </span>
    </p>
   </div>
   <div class='ocr_carea' id='block_1_77' title="bbox 1796 2160 3385 2234">
    <p class='ocr_par' dir='ltr' id='par_1_77' title="bbox 1796 2160 3385 2234">
     <span class='ocr_line' id='line_1_77' title="bbox 1796 2160 3385 2234; baseline 0.003 -22"><span class='ocrx_word' id='word_1_535' title='bbox 1796 2174 1986 2213; x_wconf 87' lang='lat' dir='ltr'><strong>norum</strong></span> <span class='ocrx_word' id='word_1_536' title='bbox 2022 2160 2407 2229; x_wconf 84' lang='lat' dir='ltr'><strong>imperatorum</strong></span> <span class='ocrx_word' id='word_1_537' title='bbox 2435 2161 2726 2233; x_wconf 79' lang='lat' dir='ltr'><strong>Catalogis,</strong></span> <span class='ocrx_word' id='word_1_538' title='bbox 2757 2173 3090 2216; x_wconf 79' lang='lat' dir='ltr'><strong>mortuorum</strong></span> <span class='ocrx_word' id='word_1_539' title='bbox 3117 2163 3385 2234; x_wconf 87' lang='lat' dir='ltr'><strong>diptycbis</strong></span> 
     </span>
    </p>
   </div>
   <div class='ocr_carea' id='block_1_78' title="bbox 1795 2248 3386 2322">
    <p class='ocr_par' dir='ltr' id='par_1_78' title="bbox 1795 2248 3386 2322">
     <span class='ocr_line' id='line_1_78' title="bbox 1795 2248 3386 2322; baseline 0.003 -19"><span class='ocrx_word' id='word_1_540' title='bbox 1795 2257 1848 2304; x_wconf 90' lang='lat' dir='ltr'><strong>ct</strong></span> <span class='ocrx_word' id='word_1_541' title='bbox 1895 2248 2163 2303; x_wconf 87' lang='lat' dir='ltr'><strong>similibus</strong></span> <span class='ocrx_word' id='word_1_542' title='bbox 2208 2252 2406 2319; x_wconf 87' lang='lat' dir='ltr'><strong>quibus</strong></span> <span class='ocrx_word' id='word_1_543' title='bbox 2449 2252 2535 2305; x_wconf 72' lang='lat' dir='ltr'><strong>vix</strong></span> <span class='ocrx_word' id='word_1_544' title='bbox 2586 2253 2878 2322; x_wconf 86' lang='lat' dir='ltr'><strong>quidquam</strong></span> <span class='ocrx_word' id='word_1_545' title='bbox 2931 2263 3127 2322; x_wconf 68' lang='lat' dir='ltr'><strong>prarler</strong></span> <span class='ocrx_word' id='word_1_546' title='bbox 3167 2253 3386 2307; x_wconf 88' lang='lat' dir='ltr'><strong>nomina</strong></span> 
     </span>
    </p>
   </div>
   <div class='ocr_carea' id='block_1_79' title="bbox 1797 2340 3386 2411">
    <p class='ocr_par' dir='ltr' id='par_1_79' title="bbox 1797 2340 3386 2411">
     <span class='ocr_line' id='line_1_79' title="bbox 1797 2340 3386 2411; baseline 0.001 -15"><span class='ocrx_word' id='word_1_547' title='bbox 1797 2340 2149 2405; x_wconf 74' lang='lat' dir='ltr'><strong>exhbieutur,</strong></span> <span class='ocrx_word' id='word_1_548' title='bbox 2177 2343 2228 2395; x_wconf 91' lang='lat' dir='ltr'><strong>in</strong></span> <span class='ocrx_word' id='word_1_549' title='bbox 2255 2343 2358 2396; x_wconf 90' lang='lat' dir='ltr'><strong>illis</strong></span> <span class='ocrx_word' id='word_1_550' title='bbox 2390 2352 2570 2397; x_wconf 88' lang='lat' dir='ltr'><strong>tamen</strong></span> <span class='ocrx_word' id='word_1_551' title='bbox 2602 2344 2815 2405; x_wconf 80' lang='lat' dir='ltr'><strong>tabulis,</strong></span> <span class='ocrx_word' id='word_1_552' title='bbox 2845 2358 2963 2411; x_wconf 69' lang='lat' dir='ltr'><strong>qtae</strong></span> <span class='ocrx_word' id='word_1_553' title='bbox 2995 2343 3132 2396; x_wconf 89' lang='lat' dir='ltr'><strong>ultra</strong></span> <span class='ocrx_word' id='word_1_554' title='bbox 3165 2344 3386 2398; x_wconf 86' lang='lat' dir='ltr'><strong>nomina</strong></span> 
     </span>
    </p>
   </div>
   <div class='ocr_carea' id='block_1_80' title="bbox 1795 2429 3386 2506">
    <p class='ocr_par' dir='ltr' id='par_1_80' title="bbox 1795 2429 3386 2506">
     <span class='ocr_line' id='line_1_80' title="bbox 1795 2429 3386 2506; baseline 0.003 -18"><span class='ocrx_word' id='word_1_555' title='bbox 1795 2436 2112 2506; x_wconf 89' lang='lat' dir='ltr'><strong>pontiﬁcum</strong></span> <span class='ocrx_word' id='word_1_556' title='bbox 2143 2435 2278 2489; x_wconf 81' lang='lat' dir='ltr'><strong>Acta</strong></span> <span class='ocrx_word' id='word_1_557' title='bbox 2314 2436 2544 2504; x_wconf 89' lang='lat' dir='ltr'><strong>plurima</strong></span> <span class='ocrx_word' id='word_1_558' title='bbox 2574 2436 2849 2498; x_wconf 75' lang='lat' dir='ltr'><strong>exhibent,</strong></span> <span class='ocrx_word' id='word_1_559' title='bbox 2885 2444 2941 2488; x_wconf 83' lang='grc' dir='ltr'><strong>ιιι</strong></span> <span class='ocrx_word' id='word_1_560' title='bbox 2969 2435 3021 2488; x_wconf 90' lang='lat' dir='ltr'><strong>in</strong></span> <span class='ocrx_word' id='word_1_561' title='bbox 3053 2433 3216 2490; x_wconf 89' lang='lat' dir='ltr'><strong>Libro</strong></span> <span class='ocrx_word' id='word_1_562' title='bbox 3243 2429 3386 2492; x_wconf 77' lang='lat' dir='ltr'><strong>Pon-</strong></span> 
     </span>
    </p>
   </div>
   <div class='ocr_carea' id='block_1_81' title="bbox 1798 2526 3391 2596">
    <p class='ocr_par' dir='ltr' id='par_1_81' title="bbox 1798 2526 3391 2596">
     <span class='ocr_line' id='line_1_81' title="bbox 1798 2526 3391 2596; baseline 0 -16"><span class='ocrx_word' id='word_1_563' title='bbox 1798 2526 1979 2580; x_wconf 86' lang='lat' dir='ltr'><strong>tilicali</strong></span> <span class='ocrx_word' id='word_1_564' title='bbox 2001 2567 2014 2589; x_wconf 93' lang='lat'><strong>,</strong></span> <span class='ocrx_word' id='word_1_565' title='bbox 2055 2527 2137 2580; x_wconf 68' lang='lat' dir='ltr'><strong>vix</strong></span> <span class='ocrx_word' id='word_1_566' title='bbox 2175 2543 2207 2596; x_wconf 95' lang='lat' dir='ltr'><strong>p</strong></span> <span class='ocrx_word' id='word_1_567' title='bbox 2232 2527 2429 2580; x_wconf 51' lang='lat' dir='ltr'><strong>vssibile</strong></span> <span class='ocrx_word' id='word_1_568' title='bbox 2459 2536 2541 2580; x_wconf 47' lang='lat' dir='ltr'><strong>est</strong></span> <span class='ocrx_word' id='word_1_569' title='bbox 2574 2541 2605 2579; x_wconf 91' lang='lat' dir='ltr'><strong>a</strong></span> <span class='ocrx_word' id='word_1_570' title='bbox 2631 2527 2858 2580; x_wconf 88' lang='lat' dir='ltr'><strong>diversis</strong></span> <span class='ocrx_word' id='word_1_571' title='bbox 2888 2528 3199 2582; x_wconf 88' lang='lat' dir='ltr'><strong>auctoribus</strong></span> <span class='ocrx_word' id='word_1_572' title='bbox 3233 2543 3391 2581; x_wconf 91' lang='lat' dir='ltr'><strong>eum-</strong></span> 
     </span>
    </p>
   </div>
   <div class='ocr_carea' id='block_1_82' title="bbox 1795 2618 3384 2692">
    <p class='ocr_par' dir='ltr' id='par_1_82' title="bbox 1795 2618 3384 2692">
     <span class='ocr_line' id='line_1_82' title="bbox 1795 2618 3384 2692; baseline 0.001 -20"><span class='ocrx_word' id='word_1_573' title='bbox 1795 2618 1916 2673; x_wconf 90' lang='lat' dir='ltr'><strong>dem</strong></span> <span class='ocrx_word' id='word_1_574' title='bbox 1950 2619 2144 2692; x_wconf 86' lang='lat' dir='ltr'><strong>stylum</strong></span> <span class='ocrx_word' id='word_1_575' title='bbox 2194 2621 2434 2682; x_wconf 89' lang='lat' dir='ltr'><strong>servari,</strong></span> <span class='ocrx_word' id='word_1_576' title='bbox 2483 2629 2540 2672; x_wconf 88' lang='grc' dir='ltr'><strong>ιιι</strong></span> <span class='ocrx_word' id='word_1_577' title='bbox 2593 2620 2786 2689; x_wconf 90' lang='lat' dir='ltr'><strong>cuique</strong></span> <span class='ocrx_word' id='word_1_578' title='bbox 2827 2619 3000 2688; x_wconf 90' lang='lat' dir='ltr'><strong>perito</strong></span> <span class='ocrx_word' id='word_1_579' title='bbox 3045 2618 3384 2674; x_wconf 84' lang='lat' dir='ltr'><strong>manifestius</strong></span> 
     </span>
    </p>
   </div>
   <div class='ocr_carea' id='block_1_83' title="bbox 1797 2711 3390 2781">
    <p class='ocr_par' dir='ltr' id='par_1_83' title="bbox 1797 2711 3390 2781">
     <span class='ocr_line' id='line_1_83' title="bbox 1797 2711 3390 2781; baseline -0.001 -17"><span class='ocrx_word' id='word_1_580' title='bbox 1797 2721 1981 2781; x_wconf 90' lang='lat' dir='ltr'><strong>patere</strong></span> <span class='ocrx_word' id='word_1_581' title='bbox 2025 2711 2298 2776; x_wconf 79' lang='lat' dir='ltr'><strong>existimo,</strong></span> <span class='ocrx_word' id='word_1_582' title='bbox 2329 2726 2491 2779; x_wconf 92' lang='lat' dir='ltr'><strong>quam</strong></span> <span class='ocrx_word' id='word_1_583' title='bbox 2528 2711 2670 2780; x_wconf 88' lang='lat' dir='ltr'><strong>quod</strong></span> <span class='ocrx_word' id='word_1_584' title='bbox 2719 2711 2771 2764; x_wconf 93' lang='lat' dir='ltr'><strong>in</strong></span> <span class='ocrx_word' id='word_1_585' title='bbox 2818 2711 2918 2764; x_wconf 89' lang='lat' dir='ltr'><strong>hac</strong></span> <span class='ocrx_word' id='word_1_586' title='bbox 2963 2711 3190 2764; x_wconf 87' lang='lat' dir='ltr'><strong>veritate</strong></span> <span class='ocrx_word' id='word_1_587' title='bbox 3234 2725 3390 2764; x_wconf 89' lang='lat' dir='ltr'><strong>com-</strong></span> 
     </span>
    </p>
   </div>
   <div class='ocr_carea' id='block_1_84' title="bbox 1799 2799 3384 2871">
    <p class='ocr_par' dir='ltr' id='par_1_84' title="bbox 1799 2799 3384 2871">
     <span class='ocr_line' id='line_1_84' title="bbox 1799 2799 3384 2871; baseline 0 -15"><span class='ocrx_word' id='word_1_588' title='bbox 1799 2803 2072 2871; x_wconf 89' lang='lat' dir='ltr'><strong>probanda</strong></span> <span class='ocrx_word' id='word_1_589' title='bbox 2134 2812 2343 2871; x_wconf 88' lang='lat' dir='ltr'><strong>tempus</strong></span> <span class='ocrx_word' id='word_1_590' title='bbox 2399 2813 2570 2854; x_wconf 91' lang='lat' dir='ltr'><strong>teram</strong></span> <span class='ocrx_word' id='word_1_591' title='bbox 2627 2809 2684 2856; x_wconf 89' lang='lat' dir='ltr'><strong>et</strong></span> <span class='ocrx_word' id='word_1_592' title='bbox 2733 2801 3024 2856; x_wconf 89' lang='lat' dir='ltr'><strong>lectoribus</strong></span> <span class='ocrx_word' id='word_1_593' title='bbox 3074 2799 3384 2870; x_wconf 71' lang='lat' dir='ltr'><strong>prolixitate</strong></span> 
     </span>
    </p>
   </div>
   <div class='ocr_carea' id='block_1_85' title="bbox 1798 2889 2584 2946">
    <p class='ocr_par' dir='ltr' id='par_1_85' title="bbox 1798 2889 2584 2946">
     <span class='ocr_line' id='line_1_85' title="bbox 1798 2889 2584 2946; baseline -0.004 0"><span class='ocrx_word' id='word_1_594' title='bbox 1798 2893 2064 2946; x_wconf 79' lang='lat' dir='ltr'><strong>sermonis</strong></span> <span class='ocrx_word' id='word_1_595' title='bbox 2097 2893 2310 2946; x_wconf 69' lang='lat' dir='ltr'><strong>ttedinm</strong></span> <span class='ocrx_word' id='word_1_596' title='bbox 2342 2889 2584 2945; x_wconf 77' lang='lat' dir='ltr'><strong>aﬁ&#39;eratu.</strong></span> 
     </span>
    </p>
   </div>
   <div class='ocr_carea' id='block_1_86' title="bbox 2402 3023 2784 3080">
    <p class='ocr_par' dir='ltr' id='par_1_86' title="bbox 2402 3023 2784 3080">
     <span class='ocr_line' id='line_1_86' title="bbox 2402 3023 2784 3080; baseline -0.005 -1"><span class='ocrx_word' id='word_1_597' title='bbox 2402 3023 2629 3080; x_wconf 78' lang='lat' dir='ltr'><strong>CAPUT</strong></span> <span class='ocrx_word' id='word_1_598' title='bbox 2676 3024 2784 3078; x_wconf 70' lang='lat' dir='ltr'><strong>Vll.</strong></span> 
     </span>
    </p>
   </div>
   <div class='ocr_carea' id='block_1_87' title="bbox 1723 3119 3383 3203">
    <p class='ocr_par' dir='ltr' id='par_1_87' title="bbox 1723 3119 3383 3203">
     <span class='ocr_line' id='line_1_87' title="bbox 1723 3119 3383 3203; baseline -0.001 -15"><span class='ocrx_word' id='word_1_599' title='bbox 1723 3119 1767 3181; x_wconf 83' lang='lat' dir='ltr'>C</span> <span class='ocrx_word' id='word_1_600' title='bbox 1801 3135 1878 3188; x_wconf 80' lang='lat' dir='ltr'><strong>An</strong></span> <span class='ocrx_word' id='word_1_601' title='bbox 1930 3135 2086 3188; x_wconf 82' lang='lat' dir='ltr'><strong>Liber</strong></span> <span class='ocrx_word' id='word_1_602' title='bbox 2134 3134 2467 3203; x_wconf 76' lang='lat' dir='ltr'><strong>Pontiﬁcalis</strong></span> <span class='ocrx_word' id='word_1_603' title='bbox 2515 3134 2792 3188; x_wconf 76' lang='lat' dir='ltr'><strong>Anastasio</strong></span> <span class='ocrx_word' id='word_1_604' title='bbox 2836 3132 3242 3188; x_wconf 80' lang='lat' dir='ltr'><strong>Bibliothecart&#39;o</strong></span> <span class='ocrx_word' id='word_1_605' title='bbox 3284 3133 3383 3186; x_wconf 85' lang='lat' dir='ltr'><strong>tri-</strong></span> 
     </span>
    </p>
   </div>
   <div class='ocr_carea' id='block_1_88' title="bbox 2411 3205 2780 3259">
    <p class='ocr_par' dir='ltr' id='par_1_88' title="bbox 2411 3205 2780 3259">
     <span class='ocr_line' id='line_1_88' title="bbox 2411 3205 2780 3259; baseline 0.005 -3"><span class='ocrx_word' id='word_1_606' title='bbox 2411 3206 2647 3259; x_wconf 77' lang='lat' dir='ltr'><strong>buendus</strong></span> <span class='ocrx_word' id='word_1_607' title='bbox 2670 3206 2734 3258; x_wconf 82' lang='lat' dir='ltr'><strong>ait</strong></span> <span class='ocrx_word' id='word_1_608' title='bbox 2755 3205 2780 3257; x_wconf 69' lang='lat'><strong>.9</strong></span> 
     </span>
    </p>
   </div>
   <div class='ocr_carea' id='block_1_89' title="bbox 1801 3317 3382 3378">
    <p class='ocr_par' dir='ltr' id='par_1_89' title="bbox 1801 3317 3382 3378">
     <span class='ocr_line' id='line_1_89' title="bbox 1801 3317 3382 3378; baseline -0.001 -14"><span class='ocrx_word' id='word_1_609' title='bbox 1801 3320 1836 3370; x_wconf 87' lang='lat' dir='ltr'><strong>l.</strong></span> <span class='ocrx_word' id='word_1_610' title='bbox 1877 3319 2064 3366; x_wconf 73' lang='lat' dir='ltr'><strong>Velseti</strong></span> <span class='ocrx_word' id='word_1_611' title='bbox 2089 3357 2102 3375; x_wconf 93' lang='lat'><strong>,</strong></span> <span class='ocrx_word' id='word_1_612' title='bbox 2153 3317 2432 3368; x_wconf 83' lang='lat' dir='ltr'><strong>Bellarmini</strong></span> <span class='ocrx_word' id='word_1_613' title='bbox 2473 3326 2525 3366; x_wconf 90' lang='lat' dir='ltr'><strong>et</strong></span> <span class='ocrx_word' id='word_1_614' title='bbox 2565 3317 2804 3378; x_wconf 86' lang='lat' dir='ltr'><strong>Ouuphrli</strong></span> <span class='ocrx_word' id='word_1_615' title='bbox 2851 3317 3068 3366; x_wconf 79' lang='lat' dir='ltr'><strong>Panvinii</strong></span> <span class='ocrx_word' id='word_1_616' title='bbox 3114 3320 3382 3378; x_wconf 84' lang='lat' dir='ltr'><strong>sententia,</strong></span> 
     </span>
    </p>
   </div>
   <div class='ocr_carea' id='block_1_90' title="bbox 1859 3377 3382 3442">
    <p class='ocr_par' dir='ltr' id='par_1_90' title="bbox 1859 3377 3382 3442">
     <span class='ocr_line' id='line_1_90' title="bbox 1859 3377 3382 3442; baseline 0.001 -19"><span class='ocrx_word' id='word_1_617' title='bbox 1859 3379 1986 3442; x_wconf 86' lang='lat' dir='ltr'><strong>quod</strong></span> <span class='ocrx_word' id='word_1_618' title='bbox 2017 3380 2160 3428; x_wconf 88' lang='lat' dir='ltr'><strong>Liber</strong></span> <span class='ocrx_word' id='word_1_619' title='bbox 2190 3379 2478 3442; x_wconf 75' lang='lat' dir='ltr'><strong>l‘ontilicalis</strong></span> <span class='ocrx_word' id='word_1_620' title='bbox 2503 3377 2791 3428; x_wconf 76' lang='lat' dir='ltr'><strong>tribuent-lus</strong></span> <span class='ocrx_word' id='word_1_621' title='bbox 2814 3381 2876 3428; x_wconf 91' lang='lat' dir='ltr'><strong>sil</strong></span> <span class='ocrx_word' id='word_1_622' title='bbox 2903 3379 3154 3427; x_wconf 75' lang='lat' dir='ltr'><strong>Anastasio</strong></span> <span class='ocrx_word' id='word_1_623' title='bbox 3196 3377 3382 3442; x_wconf 55' lang='lat' dir='ltr'><strong>BiblioJ-</strong></span> 
     </span>
    </p>
   </div>
   <div class='ocr_carea' id='block_1_91' title="bbox 1858 3439 3381 3501">
    <p class='ocr_par' dir='ltr' id='par_1_91' title="bbox 1858 3439 3381 3501">
     <span class='ocr_line' id='line_1_91' title="bbox 1858 3439 3381 3501; baseline -0.001 -12"><span class='ocrx_word' id='word_1_624' title='bbox 1858 3439 2093 3490; x_wconf 83' lang='lat' dir='ltr'><strong>tbecario.</strong></span> <span class='ocrx_word' id='word_1_625' title='bbox 2114 3467 2172 3476; x_wconf 89' lang='lat'>—</span> <span class='ocrx_word' id='word_1_626' title='bbox 2192 3440 2252 3488; x_wconf 94' lang='lat' dir='ltr'><strong>ll.</strong></span> <span class='ocrx_word' id='word_1_627' title='bbox 2279 3441 2470 3490; x_wconf 81' lang='lat' dir='ltr'><strong>Barouii</strong></span> <span class='ocrx_word' id='word_1_628' title='bbox 2496 3449 2546 3490; x_wconf 89' lang='lat' dir='ltr'><strong>et</strong></span> <span class='ocrx_word' id='word_1_629' title='bbox 2564 3441 2803 3490; x_wconf 85' lang='lat' dir='ltr'><strong>Ho&#39;steuii</strong></span> <span class='ocrx_word' id='word_1_630' title='bbox 2827 3444 3095 3496; x_wconf 76' lang='lat' dir='ltr'><strong>sententia,</strong></span> <span class='ocrx_word' id='word_1_631' title='bbox 3115 3453 3210 3501; x_wconf 91' lang='lat' dir='ltr'><strong>qua</strong></span> <span class='ocrx_word' id='word_1_632' title='bbox 3231 3439 3381 3488; x_wconf 83' lang='lat' dir='ltr'><strong>Liber</strong></span> 
     </span>
    </p>
   </div>
   <div class='ocr_carea' id='block_1_92' title="bbox 1864 3502 3380 3563">
    <p class='ocr_par' dir='ltr' id='par_1_92' title="bbox 1864 3502 3380 3563">
     <span class='ocr_line' id='line_1_92' title="bbox 1864 3502 3380 3563; baseline -0.002 -12"><span class='ocrx_word' id='word_1_633' title='bbox 1864 3502 2153 3552; x_wconf 76' lang='lat' dir='ltr'><strong>l&#39;ontiticalis</strong></span> <span class='ocrx_word' id='word_1_634' title='bbox 2193 3504 2443 3553; x_wconf 81' lang='lat' dir='ltr'><strong>Anastasio</strong></span> <span class='ocrx_word' id='word_1_635' title='bbox 2477 3510 2705 3563; x_wconf 75' lang='lat' dir='ltr'><strong>tanquam</strong></span> <span class='ocrx_word' id='word_1_636' title='bbox 2733 3504 2915 3550; x_wconf 79' lang='lat' dir='ltr'><strong>auctori</strong></span> <span class='ocrx_word' id='word_1_637' title='bbox 2943 3504 3263 3562; x_wconf 74' lang='lat' dir='ltr'><strong>adjudicatur,</strong></span> <span class='ocrx_word' id='word_1_638' title='bbox 3291 3503 3380 3548; x_wconf 89' lang='lat' dir='ltr'><strong>tri-</strong></span> 
     </span>
    </p>
   </div>
   <div class='ocr_carea' id='block_1_93' title="bbox 1857 3563 3376 3626">
    <p class='ocr_par' dir='ltr' id='par_1_93' title="bbox 1857 3563 3376 3626">
     <span class='ocr_line' id='line_1_93' title="bbox 1857 3563 3376 3626; baseline -0.001 -15"><span class='ocrx_word' id='word_1_639' title='bbox 1857 3566 1948 3611; x_wconf 82' lang='lat' dir='ltr'><strong>bus</strong></span> <span class='ocrx_word' id='word_1_640' title='bbox 1974 3568 2124 3614; x_wconf 82' lang='lat' dir='ltr'><strong>modis</strong></span> <span class='ocrx_word' id='word_1_641' title='bbox 2150 3564 2338 3626; x_wconf 89' lang='lat' dir='ltr'><strong>probari</strong></span> <span class='ocrx_word' id='word_1_642' title='bbox 2365 3578 2506 3625; x_wconf 85' lang='lat' dir='ltr'><strong>posse</strong></span> <span class='ocrx_word' id='word_1_643' title='bbox 2529 3567 2798 3612; x_wconf 64' lang='lat' dir='ltr'><strong>videtuc—</strong></span> <span class='ocrx_word' id='word_1_644' title='bbox 2825 3563 2910 3626; x_wconf 87' lang='lat' dir='ltr'><strong>Ill.</strong></span> <span class='ocrx_word' id='word_1_645' title='bbox 2935 3565 3094 3612; x_wconf 79' lang='lat' dir='ltr'><strong>l’rituo</strong></span> <span class='ocrx_word' id='word_1_646' title='bbox 3119 3578 3181 3613; x_wconf 76' lang='lat' dir='ltr'><strong>ex</strong></span> <span class='ocrx_word' id='word_1_647' title='bbox 3208 3575 3376 3610; x_wconf 69' lang='lat' dir='ltr'><strong>eoium</strong></span> 
     </span>
    </p>
   </div>
   <div class='ocr_carea' id='block_1_94' title="bbox 1859 3625 3378 3688">
    <p class='ocr_par' dir='ltr' id='par_1_94' title="bbox 1859 3625 3378 3688">
     <span class='ocr_line' id='line_1_94' title="bbox 1859 3625 3378 3688; baseline -0.001 -14"><span class='ocrx_word' id='word_1_648' title='bbox 1859 3625 2168 3687; x_wconf 84' lang='lat' dir='ltr'><strong>testimoniis,</strong></span> <span class='ocrx_word' id='word_1_649' title='bbox 2181 3628 2261 3688; x_wconf 91' lang='lat' dir='ltr'><strong>qui</strong></span> <span class='ocrx_word' id='word_1_650' title='bbox 2287 3628 2362 3675; x_wconf 89' lang='lat' dir='ltr'><strong>vel</strong></span> <span class='ocrx_word' id='word_1_651' title='bbox 2389 3639 2496 3675; x_wconf 87' lang='lat' dir='ltr'><strong>cum</strong></span> <span class='ocrx_word' id='word_1_652' title='bbox 2524 3627 2774 3676; x_wconf 76' lang='lat' dir='ltr'><strong>Anastasio</strong></span> <span class='ocrx_word' id='word_1_653' title='bbox 2793 3625 2871 3673; x_wconf 88' lang='lat' dir='ltr'><strong>vel</strong></span> <span class='ocrx_word' id='word_1_654' title='bbox 2897 3634 3009 3676; x_wconf 87' lang='lat' dir='ltr'><strong>ante</strong></span> <span class='ocrx_word' id='word_1_655' title='bbox 3034 3640 3146 3674; x_wconf 86' lang='lat' dir='ltr'><strong>eum</strong></span> <span class='ocrx_word' id='word_1_656' title='bbox 3170 3629 3378 3688; x_wconf 76' lang='lat' dir='ltr'><strong>scripse-</strong></span> 
     </span>
    </p>
   </div>
   <div class='ocr_carea' id='block_1_95' title="bbox 1861 3687 3384 3749">
    <p class='ocr_par' dir='ltr' id='par_1_95' title="bbox 1861 3687 3384 3749">
     <span class='ocr_line' id='line_1_95' title="bbox 1861 3687 3384 3749; baseline -0.001 -14"><span class='ocrx_word' id='word_1_657' title='bbox 1861 3697 1990 3749; x_wconf 84' lang='lat' dir='ltr'><strong>runt,</strong></span> <span class='ocrx_word' id='word_1_658' title='bbox 2019 3697 2072 3737; x_wconf 88' lang='lat' dir='ltr'><strong>et</strong></span> <span class='ocrx_word' id='word_1_659' title='bbox 2095 3687 2256 3738; x_wconf 68' lang='lat' dir='ltr'><strong>tamen</strong></span> <span class='ocrx_word' id='word_1_660' title='bbox 2282 3692 2390 3737; x_wconf 82' lang='lat' dir='ltr'><strong>sine</strong></span> <span class='ocrx_word' id='word_1_661' title='bbox 2421 3689 2656 3737; x_wconf 80' lang='lat' dir='ltr'><strong>Anastasii</strong></span> <span class='ocrx_word' id='word_1_662' title='bbox 2693 3691 2888 3738; x_wconf 85' lang='lat' dir='ltr'><strong>nomine</strong></span> <span class='ocrx_word' id='word_1_663' title='bbox 2915 3688 3045 3738; x_wconf 78' lang='lat' dir='ltr'><strong>Lit-ri</strong></span> <span class='ocrx_word' id='word_1_664' title='bbox 3089 3687 3384 3736; x_wconf 75' lang='lat' dir='ltr'><strong>Pontiﬁcalis</strong></span> 
     </span>
    </p>
   </div>
   <div class='ocr_carea' id='block_1_96' title="bbox 1858 3750 3381 3812">
    <p class='ocr_par' dir='ltr' id='par_1_96' title="bbox 1858 3750 3381 3812">
     <span class='ocr_line' id='line_1_96' title="bbox 1858 3750 3381 3812; baseline -0.004 -13"><span class='ocrx_word' id='word_1_665' title='bbox 1858 3752 2156 3799; x_wconf 83' lang='lat' dir='ltr'><strong>mentionem</strong></span> <span class='ocrx_word' id='word_1_666' title='bbox 2185 3753 2452 3812; x_wconf 13' lang='lat' dir='ltr'><strong>la~-iuttt,rut</strong></span> <span class='ocrx_word' id='word_1_667' title='bbox 2481 3750 3381 3812; x_wconf 66' lang='lat' dir='ltr'><strong>llodulpbuspresbyter..Hitictnarus</strong></span> 
     </span>
    </p>
   </div>
   <div class='ocr_carea' id='block_1_97' title="bbox 1861 3811 3374 3873">
    <p class='ocr_par' dir='ltr' id='par_1_97' title="bbox 1861 3811 3374 3873">
     <span class='ocr_line' id='line_1_97' title="bbox 1861 3811 3374 3873; baseline -0.003 -13"><span class='ocrx_word' id='word_1_668' title='bbox 1861 3812 2172 3873; x_wconf 78' lang='lat' dir='ltr'><strong>ltheutensis,</strong></span> <span class='ocrx_word' id='word_1_669' title='bbox 2198 3820 2364 3859; x_wconf 83' lang='lat' dir='ltr'><strong>auctor</strong></span> <span class='ocrx_word' id='word_1_670' title='bbox 2389 3811 2438 3860; x_wconf 90' lang='lat' dir='ltr'><strong>lil</strong></span> <span class='ocrx_word' id='word_1_671' title='bbox 2458 3817 2496 3860; x_wconf 86' lang='lat' dir='ltr'><strong>ri</strong></span> <span class='ocrx_word' id='word_1_672' title='bbox 2527 3813 2725 3860; x_wconf 80' lang='lat' dir='ltr'><strong>llitoalis</strong></span> <span class='ocrx_word' id='word_1_673' title='bbox 2742 3811 2912 3861; x_wconf 73' lang='lat' dir='ltr'><strong>Carolo</strong></span> <span class='ocrx_word' id='word_1_674' title='bbox 2937 3811 3124 3872; x_wconf 73' lang='lat' dir='ltr'><strong>Magno</strong></span> <span class='ocrx_word' id='word_1_675' title='bbox 3149 3819 3178 3857; x_wconf 80' lang='lat' dir='ltr'><strong>tt</strong></span> <span class='ocrx_word' id='word_1_676' title='bbox 3195 3812 3374 3869; x_wconf 72' lang='grc' dir='ltr'>ιιιιιιυε,</span> 
     </span>
    </p>
   </div>
   <div class='ocr_carea' id='block_1_98' title="bbox 1859 3873 3382 3924">
    <p class='ocr_par' dir='ltr' id='par_1_98' title="bbox 1859 3873 3382 3924">
     <span class='ocr_line' id='line_1_98' title="bbox 1859 3873 3382 3924; baseline -0.002 -2"><span class='ocrx_word' id='word_1_677' title='bbox 1859 3885 1910 3922; x_wconf 86' lang='grc' dir='ltr'><strong>ει</strong></span> <span class='ocrx_word' id='word_1_678' title='bbox 1938 3875 2244 3923; x_wconf 66' lang='lat' dir='ltr'><strong>Venerabilis</strong></span> <span class='ocrx_word' id='word_1_679' title='bbox 2264 3874 2410 3922; x_wconf 77' lang='lat' dir='ltr'><strong>Beda.</strong></span> <span class='ocrx_word' id='word_1_680' title='bbox 2430 3899 2494 3914; x_wconf 81' lang='lat'><strong>--</strong></span> <span class='ocrx_word' id='word_1_681' title='bbox 2519 3873 2598 3922; x_wconf 86' lang='lat' dir='ltr'><strong>IV.</strong></span> <span class='ocrx_word' id='word_1_682' title='bbox 2627 3873 2759 3922; x_wconf 83' lang='lat' dir='ltr'><strong>Idem</strong></span> <span class='ocrx_word' id='word_1_683' title='bbox 2783 3875 3089 3922; x_wconf 81' lang='lat' dir='ltr'><strong>continuatur</strong></span> <span class='ocrx_word' id='word_1_684' title='bbox 3107 3885 3276 3924; x_wconf 66' lang='lat' dir='ltr'><strong>eo&#39;tuu</strong></span> <span class='ocrx_word' id='word_1_685' title='bbox 3305 3878 3382 3919; x_wconf 77' lang='lat' dir='ltr'><strong>te-</strong></span> 
     </span>
    </p>
   </div>
   <div class='ocr_carea' id='block_1_99' title="bbox 1856 3932 3374 3996">
    <p class='ocr_par' dir='ltr' id='par_1_99' title="bbox 1856 3932 3374 3996">
     <span class='ocr_line' id='line_1_99' title="bbox 1856 3932 3374 3996; baseline -0.003 -12"><span class='ocrx_word' id='word_1_686' title='bbox 1856 3937 2116 3987; x_wconf 79' lang='lat' dir='ltr'><strong>stimoutis,</strong></span> <span class='ocrx_word' id='word_1_687' title='bbox 2142 3937 2223 3992; x_wconf 85' lang='lat' dir='ltr'><strong>qui</strong></span> <span class='ocrx_word' id='word_1_688' title='bbox 2265 3943 2371 3996; x_wconf 87' lang='lat' dir='ltr'><strong>post</strong></span> <span class='ocrx_word' id='word_1_689' title='bbox 2410 3936 2714 3983; x_wconf 69' lang='lat' dir='ltr'><strong>Anastasium</strong></span> <span class='ocrx_word' id='word_1_690' title='bbox 2756 3939 3071 3994; x_wconf 72' lang='lat' dir='ltr'><strong>scripserunt,</strong></span> <span class='ocrx_word' id='word_1_691' title='bbox 3101 3943 3151 3982; x_wconf 91' lang='lat' dir='ltr'><strong>et</strong></span> <span class='ocrx_word' id='word_1_692' title='bbox 3179 3932 3374 3996; x_wconf 77' lang='lat' dir='ltr'><strong>Librum</strong></span> 
     </span>
    </p>
   </div>
   <div class='ocr_carea' id='block_1_100' title="bbox 1861 3993 3378 4056">
    <p class='ocr_par' dir='ltr' id='par_1_100' title="bbox 1861 3993 3378 4056">
     <span class='ocr_line' id='line_1_100' title="bbox 1861 3993 3378 4056; baseline -0.004 -10"><span class='ocrx_word' id='word_1_693' title='bbox 1861 3995 2191 4046; x_wconf 75' lang='lat' dir='ltr'><strong>l&#39;ontillculem</strong></span> <span class='ocrx_word' id='word_1_694' title='bbox 2216 3993 2400 4056; x_wconf 69' lang='lat' dir='ltr'><strong>alisque</strong></span> <span class='ocrx_word' id='word_1_695' title='bbox 2422 3998 2658 4044; x_wconf 70' lang='lat' dir='ltr'><strong>Anastasii</strong></span> <span class='ocrx_word' id='word_1_696' title='bbox 2685 3993 2933 4043; x_wconf 66' lang='lat' dir='ltr'><strong>int-ntiOne</strong></span> <span class='ocrx_word' id='word_1_697' title='bbox 2956 3999 3185 4053; x_wconf 77' lang='lat' dir='ltr'><strong>eilarttnt,</strong></span> <span class='ocrx_word' id='word_1_698' title='bbox 3204 4000 3255 4040; x_wconf 90' lang='lat' dir='ltr'><strong>nt</strong></span> <span class='ocrx_word' id='word_1_699' title='bbox 3277 3993 3378 4040; x_wconf 79' lang='grc' dir='ltr'>Λιι-</span> 
     </span>
    </p>
   </div>
   <div class='ocr_carea' id='block_1_101' title="bbox 1857 4057 3376 4114">
    <p class='ocr_par' dir='ltr' id='par_1_101' title="bbox 1857 4057 3376 4114">
     <span class='ocr_line' id='line_1_101' title="bbox 1857 4057 3376 4114; baseline -0.006 -7"><span class='ocrx_word' id='word_1_700' title='bbox 1857 4057 2037 4107; x_wconf 82' lang='lat' dir='ltr'><strong>seltuus</strong></span> <span class='ocrx_word' id='word_1_701' title='bbox 2060 4057 2312 4114; x_wconf 82' lang='lat' dir='ltr'><strong>Lucensis,</strong></span> <span class='ocrx_word' id='word_1_702' title='bbox 2340 4058 2595 4105; x_wconf 88' lang='lat' dir='ltr'><strong>ca—rdinalis</strong></span> <span class='ocrx_word' id='word_1_703' title='bbox 2623 4057 2906 4112; x_wconf 84' lang='lat' dir='ltr'><strong>Deusdedit,</strong></span> <span class='ocrx_word' id='word_1_704' title='bbox 2931 4066 2974 4104; x_wconf 91' lang='lat' dir='ltr'><strong>et</strong></span> <span class='ocrx_word' id='word_1_705' title='bbox 3009 4058 3088 4103; x_wconf 70' lang='lat' dir='ltr'><strong>Iro</strong></span> <span class='ocrx_word' id='word_1_706' title='bbox 3107 4059 3376 4103; x_wconf 72' lang='lat' dir='ltr'><strong>tau-noten-</strong></span> 
     </span>
    </p>
   </div>
   <div class='ocr_carea' id='block_1_102' title="bbox 1857 4115 3376 4179">
    <p class='ocr_par' dir='ltr' id='par_1_102' title="bbox 1857 4115 3376 4179">
     <span class='ocr_line' id='line_1_102' title="bbox 1857 4115 3376 4179; baseline -0.008 -9"><span class='ocrx_word' id='word_1_707' title='bbox 1857 4122 1945 4178; x_wconf 75' lang='lat' dir='ltr'><strong>si~,</strong></span> <span class='ocrx_word' id='word_1_708' title='bbox 1970 4118 2288 4179; x_wconf 78' lang='lat' dir='ltr'><strong>Rntnttaldus,</strong></span> <span class='ocrx_word' id='word_1_709' title='bbox 2319 4119 2560 4168; x_wconf 79' lang='lat' dir='ltr'><strong>Laborans</strong></span> <span class='ocrx_word' id='word_1_710' title='bbox 2587 4116 2871 4174; x_wconf 75' lang='lat' dir='ltr'><strong>eartlittalzs,</strong></span> <span class='ocrx_word' id='word_1_711' title='bbox 2902 4126 2953 4165; x_wconf 86' lang='lat' dir='ltr'><strong>et</strong></span> <span class='ocrx_word' id='word_1_712' title='bbox 2978 4116 3256 4179; x_wconf 70' lang='lat' dir='ltr'><strong>Bernartltts</strong></span> <span class='ocrx_word' id='word_1_713' title='bbox 3283 4115 3376 4179; x_wconf 49' lang='grc' dir='ltr'>ινξι-</span> 
     </span>
    </p>
   </div>
   <div class='ocr_carea' id='block_1_103' title="bbox 1860 4175 3378 4246">
    <p class='ocr_par' dir='ltr' id='par_1_103' title="bbox 1860 4175 3378 4246">
     <span class='ocr_line' id='line_1_103' title="bbox 1860 4175 3378 4246; baseline -0.005 -16"><span class='ocrx_word' id='word_1_714' title='bbox 1860 4175 2044 4246; x_wconf 73' lang='lat' dir='ltr'><strong>piensis</strong></span> <span class='ocrx_word' id='word_1_715' title='bbox 2067 4175 2365 4240; x_wconf 61' lang='lat' dir='ltr'><strong>PNBpOﬂlllS.</strong></span> <span class='ocrx_word' id='word_1_716' title='bbox 2393 4206 2452 4246; x_wconf 62' lang='grc' dir='ltr'><strong>τ-</strong></span> <span class='ocrx_word' id='word_1_717' title='bbox 2478 4181 2533 4227; x_wconf 82' lang='grc' dir='ltr'><strong>ν.</strong></span> <span class='ocrx_word' id='word_1_718' title='bbox 2563 4180 2768 4228; x_wconf 89' lang='lat' dir='ltr'><strong>Demnm</strong></span> <span class='ocrx_word' id='word_1_719' title='bbox 2794 4191 2853 4225; x_wconf 78' lang='lat' dir='ltr'><strong>ex</strong></span> <span class='ocrx_word' id='word_1_720' title='bbox 2885 4192 2944 4226; x_wconf 83' lang='lat' dir='ltr'><strong>eo</strong></span> <span class='ocrx_word' id='word_1_721' title='bbox 2966 4178 3092 4238; x_wconf 88' lang='lat' dir='ltr'><strong>quod</strong></span> <span class='ocrx_word' id='word_1_722' title='bbox 3133 4178 3243 4246; x_wconf 82' lang='lat' dir='ltr'><strong>licet</strong></span> <span class='ocrx_word' id='word_1_723' title='bbox 3272 4175 3378 4246; x_wconf 84' lang='lat' dir='ltr'><strong>_all-</strong></span> 
     </span>
    </p>
   </div>
   <div class='ocr_carea' id='block_1_104' title="bbox 1855 4238 3378 4306">
    <p class='ocr_par' dir='ltr' id='par_1_104' title="bbox 1855 4238 3378 4306">
     <span class='ocr_line' id='line_1_104' title="bbox 1855 4238 3378 4306; baseline -0.004 -16"><span class='ocrx_word' id='word_1_724' title='bbox 1855 4238 1935 4306; x_wconf 78' lang='lat' dir='ltr'><strong>qui</strong></span> <span class='ocrx_word' id='word_1_725' title='bbox 1958 4238 2378 4304; x_wconf 55' lang='lat' dir='ltr'><strong>priorem&#39;partem</strong></span> <span class='ocrx_word' id='word_1_726' title='bbox 2399 4243 2598 4291; x_wconf 85' lang='lat' dir='ltr'><strong>Damaso</strong></span> <span class='ocrx_word' id='word_1_727' title='bbox 2623 4253 2774 4306; x_wconf 63' lang='lat' dir='ltr'><strong>papae.</strong></span> <span class='ocrx_word' id='word_1_728' title='bbox 2796 4253 2941 4288; x_wconf 85' lang='lat' dir='ltr'><strong>nemo</strong></span> <span class='ocrx_word' id='word_1_729' title='bbox 2959 4247 3119 4288; x_wconf 85' lang='lat' dir='ltr'><strong>tamen</strong></span> <span class='ocrx_word' id='word_1_730' title='bbox 3139 4238 3378 4306; x_wconf 58' lang='lat' dir='ltr'><strong>antehac</strong></span> 
     </span>
    </p>
   </div>
   <div class='ocr_carea' id='block_1_105' title="bbox 1857 4301 3387 4365">
    <p class='ocr_par' dir='ltr' id='par_1_105' title="bbox 1857 4301 3387 4365">
     <span class='ocr_line' id='line_1_105' title="bbox 1857 4301 3387 4365; baseline -0.006 -9"><span class='ocrx_word' id='word_1_731' title='bbox 1857 4301 2024 4356; x_wconf 77' lang='lat' dir='ltr'><strong>ultima</strong></span> <span class='ocrx_word' id='word_1_732' title='bbox 2049 4305 2224 4352; x_wconf 69' lang='lat' dir='ltr'><strong>saecula</strong></span> <span class='ocrx_word' id='word_1_733' title='bbox 2249 4315 2476 4365; x_wconf 85' lang='lat' dir='ltr'><strong>repertus</strong></span> <span class='ocrx_word' id='word_1_734' title='bbox 2493 4307 2577 4364; x_wconf 82' lang='lat' dir='ltr'><strong>sit,</strong></span> <span class='ocrx_word' id='word_1_735' title='bbox 2599 4305 2681 4364; x_wconf 90' lang='lat' dir='ltr'><strong>qui</strong></span> <span class='ocrx_word' id='word_1_736' title='bbox 2705 4301 3387 4365; x_wconf 43' lang='lat' dir='ltr'><strong>P&quot;sterioretupar-tentata:</strong></span> 
     </span>
    </p>
   </div>
   <div class='ocr_carea' id='block_1_106' title="bbox 1856 4361 3373 4426">
    <p class='ocr_par' dir='ltr' id='par_1_106' title="bbox 1856 4361 3373 4426">
     <span class='ocr_line' id='line_1_106' title="bbox 1856 4361 3373 4426; baseline -0.005 -7"><span class='ocrx_word' id='word_1_737' title='bbox 1856 4371 2003 4419; x_wconf 87' lang='lat' dir='ltr'><strong>stasio</strong></span> <span class='ocrx_word' id='word_1_738' title='bbox 2030 4368 2274 4426; x_wconf 79' lang='lat' dir='ltr'><strong>tribuerit,</strong></span> <span class='ocrx_word' id='word_1_739' title='bbox 2303 4361 2354 4413; x_wconf 76' lang='lat' dir='ltr'><strong>ut</strong></span> <span class='ocrx_word' id='word_1_740' title='bbox 2381 4361 2937 4425; x_wconf 54' lang='lat' dir='ltr'><strong>probatur-testimoniis</strong></span> <span class='ocrx_word' id='word_1_741' title='bbox 2977 4363 3166 4426; x_wconf 72' lang='lat' dir='ltr'><strong>Martini</strong></span> <span class='ocrx_word' id='word_1_742' title='bbox 3207 4361 3373 4426; x_wconf 65' lang='lat' dir='ltr'><strong>Peleu!</strong></span> 
     </span>
    </p>
   </div>
   <div class='ocr_carea' id='block_1_107' title="bbox 1859 4423 3375 4490">
    <p class='ocr_par' dir='ltr' id='par_1_107' title="bbox 1859 4423 3375 4490">
     <span class='ocr_line' id='line_1_107' title="bbox 1859 4423 3375 4490; baseline -0.004 -10"><span class='ocrx_word' id='word_1_743' title='bbox 1859 4439 1912 4480; x_wconf 88' lang='lat' dir='ltr'><strong>et</strong></span> <span class='ocrx_word' id='word_1_744' title='bbox 1928 4431 2138 4478; x_wconf 82' lang='lat' dir='ltr'><strong>Zenonis</strong></span> <span class='ocrx_word' id='word_1_745' title='bbox 2165 4423 2390 4480; x_wconf 20' lang='lat' dir='ltr'><strong>Patavini.</strong></span> <span class='ocrx_word' id='word_1_746' title='bbox 2407 4429 2635 4490; x_wconf 59' lang='lat' dir='ltr'><strong>episcopi.</strong></span> <span class='ocrx_word' id='word_1_747' title='bbox 2663 4452 2722 4463; x_wconf 91' lang='lat'><strong>—</strong></span> <span class='ocrx_word' id='word_1_748' title='bbox 2770 4426 2850 4472; x_wconf 77' lang='lat' dir='ltr'><strong>lii.</strong></span> <span class='ocrx_word' id='word_1_749' title='bbox 2894 4425 3120 4475; x_wconf 80' lang='lat' dir='ltr'><strong>Secundo</strong></span> <span class='ocrx_word' id='word_1_750' title='bbox 3144 4423 3375 4490; x_wconf 73' lang='lat' dir='ltr'><strong>probatur</strong></span> 
     </span>
    </p>
   </div>
   <div class='ocr_carea' id='block_1_108' title="bbox 1856 4488 3374 4552">
    <p class='ocr_par' dir='ltr' id='par_1_108' title="bbox 1856 4488 3374 4552">
     <span class='ocr_line' id='line_1_108' title="bbox 1856 4488 3374 4552; baseline -0.004 -11"><span class='ocrx_word' id='word_1_751' title='bbox 1856 4498 2147 4542; x_wconf 79' lang='lat' dir='ltr'><strong>auctoritate</strong></span> <span class='ocrx_word' id='word_1_752' title='bbox 2174 4504 2286 4540; x_wconf 86' lang='lat' dir='ltr'><strong>mss.</strong></span> <span class='ocrx_word' id='word_1_753' title='bbox 2314 4488 2552 4551; x_wconf 82' lang='lat' dir='ltr'><strong>codicum,</strong></span> <span class='ocrx_word' id='word_1_754' title='bbox 2578 4488 2665 4552; x_wconf 77' lang='lat' dir='ltr'><strong>qui</strong></span> <span class='ocrx_word' id='word_1_755' title='bbox 2689 4492 2992 4552; x_wconf 81' lang='lat' dir='ltr'><strong>antiquitate</strong></span> <span class='ocrx_word' id='word_1_756' title='bbox 3025 4498 3110 4552; x_wconf 70' lang='lat' dir='ltr'><strong>sua</strong></span> <span class='ocrx_word' id='word_1_757' title='bbox 3135 4488 3374 4552; x_wconf 79' lang='lat' dir='ltr'><strong>Anastasii</strong></span> 
     </span>
    </p>
   </div>
   <div class='ocr_carea' id='block_1_109' title="bbox 1859 4549 3373 4614">
    <p class='ocr_par' dir='ltr' id='par_1_109' title="bbox 1859 4549 3373 4614">
     <span class='ocr_line' id='line_1_109' title="bbox 1859 4549 3373 4614; baseline -0.004 -11"><span class='ocrx_word' id='word_1_758' title='bbox 1859 4564 2061 4603; x_wconf 69' lang='lat' dir='ltr'><strong>aetaiem&#39;</strong></span> <span class='ocrx_word' id='word_1_759' title='bbox 2084 4562 2338 4614; x_wconf 69' lang='lat' dir='ltr'><strong>superant,</strong></span> <span class='ocrx_word' id='word_1_760' title='bbox 2366 4562 2415 4602; x_wconf 89' lang='lat' dir='ltr'><strong>et</strong></span> <span class='ocrx_word' id='word_1_761' title='bbox 2441 4549 2613 4601; x_wconf 71' lang='lat' dir='ltr'><strong>tamen</strong></span> <span class='ocrx_word' id='word_1_762' title='bbox 2631 4551 2825 4598; x_wconf 78' lang='lat' dir='ltr'><strong>Librum</strong></span> <span class='ocrx_word' id='word_1_763' title='bbox 2868 4549 3192 4614; x_wconf 56' lang='lat' dir='ltr'><strong>llorrtilical_etri</strong></span> <span class='ocrx_word' id='word_1_764' title='bbox 3215 4550 3373 4597; x_wconf 79' lang='lat' dir='ltr'><strong>comi-</strong></span> 
     </span>
    </p>
   </div>
   <div class='ocr_carea' id='block_1_110' title="bbox 1861 4609 3372 4675">
    <p class='ocr_par' dir='ltr' id='par_1_110' title="bbox 1861 4609 3372 4675">
     <span class='ocr_line' id='line_1_110' title="bbox 1861 4609 3372 4675; baseline -0.005 -11"><span class='ocrx_word' id='word_1_765' title='bbox 1861 4609 2170 4664; x_wconf 55' lang='lat' dir='ltr'><strong>ncnt.-—Vll&#39;.</strong></span> <span class='ocrx_word' id='word_1_766' title='bbox 2197 4609 2364 4662; x_wconf 69' lang='lat' dir='ltr'><strong>Tertio</strong></span> <span class='ocrx_word' id='word_1_767' title='bbox 2388 4617 2615 4675; x_wconf 85' lang='lat' dir='ltr'><strong>probatur</strong></span> <span class='ocrx_word' id='word_1_768' title='bbox 2640 4625 2701 4661; x_wconf 77' lang='lat' dir='ltr'><strong>ex</strong></span> <span class='ocrx_word' id='word_1_769' title='bbox 2726 4612 3017 4675; x_wconf 68' lang='lat' dir='ltr'><strong>diversitate</strong></span> <span class='ocrx_word' id='word_1_770' title='bbox 3033 4609 3248 4675; x_wconf 70' lang='lat' dir='ltr'><strong>styl_i,_ex</strong></span> <span class='ocrx_word' id='word_1_771' title='bbox 3275 4622 3372 4675; x_wconf 80' lang='lat' dir='ltr'><strong>qua</strong></span> 
     </span>
    </p>
   </div>
   <div class='ocr_carea' id='block_1_111' title="bbox 1859 4670 3374 4739">
    <p class='ocr_par' dir='ltr' id='par_1_111' title="bbox 1859 4670 3374 4739">
     <span class='ocr_line' id='line_1_111' title="bbox 1859 4670 3374 4739; baseline -0.009 -12"><span class='ocrx_word' id='word_1_772' title='bbox 1859 4678 2015 4727; x_wconf 84' lang='lat' dir='ltr'><strong>Lucas</strong></span> <span class='ocrx_word' id='word_1_773' title='bbox 2036 4677 2317 4725; x_wconf 75' lang='lat' dir='ltr'><strong>Holsteuius</strong></span> <span class='ocrx_word' id='word_1_774' title='bbox 2342 4670 2476 4725; x_wconf 75' lang='lat' dir='ltr'><strong>recte</strong></span> <span class='ocrx_word' id='word_1_775' title='bbox 2502 4676 2717 4739; x_wconf 49' lang='lat' dir='ltr'><strong>collegit,</strong></span> <span class='ocrx_word' id='word_1_776' title='bbox 2743 4673 2957 4720; x_wconf 83' lang='lat' dir='ltr'><strong>ultimam</strong></span> <span class='ocrx_word' id='word_1_777' title='bbox 3005 4671 3130 4739; x_wconf 75' lang='lat' dir='ltr'><strong>l_.ibri</strong></span> <span class='ocrx_word' id='word_1_778' title='bbox 3174 4670 3374 4739; x_wconf 39' lang='lat' dir='ltr'><strong>l’noutiti-</strong></span> 
     </span>
    </p>
   </div>
   <div class='ocr_carea' id='block_1_112' title="bbox 1857 4729 3372 4803">
    <p class='ocr_par' dir='ltr' id='par_1_112' title="bbox 1857 4729 3372 4803">
     <span class='ocr_line' id='line_1_112' title="bbox 1857 4729 3372 4803; baseline -0.007 -13"><span class='ocrx_word' id='word_1_779' title='bbox 1857 4741 1972 4790; x_wconf 84' lang='lat' dir='ltr'><strong>calis</strong></span> <span class='ocrx_word' id='word_1_780' title='bbox 2012 4747 2194 4801; x_wconf 73' lang='lat' dir='ltr'><strong>partem</strong></span> <span class='ocrx_word' id='word_1_781' title='bbox 2218 4751 2246 4803; x_wconf 1' lang='lat' dir='ltr'><strong>pa</strong></span> <span class='ocrx_word' id='word_1_782' title='bbox 2279 4741 2483 4803; x_wconf 60' lang='lat' dir='ltr'><strong>diversis</strong></span> <span class='ocrx_word' id='word_1_783' title='bbox 2521 4729 2798 4803; x_wconf 74' lang='lat' dir='ltr'><strong>auctoribus</strong></span> <span class='ocrx_word' id='word_1_784' title='bbox 2839 4729 3372 4803; x_wconf 48' lang='lat' dir='ltr'><strong>t-onscriptainﬁiisse,</strong></span> 
     </span>
    </p>
   </div>
   <div class='ocr_carea' id='block_1_113' title="bbox 1857 4790 3376 4859">
    <p class='ocr_par' dir='ltr' id='par_1_113' title="bbox 1857 4790 3376 4859">
     <span class='ocr_line' id='line_1_113' title="bbox 1857 4790 3376 4859; baseline -0.008 -7"><span class='ocrx_word' id='word_1_785' title='bbox 1857 4790 2081 4859; x_wconf 71' lang='lat' dir='ltr'><strong>adeoque</strong></span> <span class='ocrx_word' id='word_1_786' title='bbox 2101 4803 2182 4849; x_wconf 90' lang='lat' dir='ltr'><strong>uni</strong></span> <span class='ocrx_word' id='word_1_787' title='bbox 2201 4801 2453 4848; x_wconf 79' lang='lat' dir='ltr'><strong>Anastasio</strong></span> <span class='ocrx_word' id='word_1_788' title='bbox 2473 4800 2618 4846; x_wconf 88' lang='lat' dir='ltr'><strong>tribui</strong></span> <span class='ocrx_word' id='word_1_789' title='bbox 2640 4809 2731 4843; x_wconf 91' lang='lat' dir='ltr'><strong>non</strong></span> <span class='ocrx_word' id='word_1_790' title='bbox 2757 4806 2918 4855; x_wconf 85' lang='lat' dir='ltr'><strong>posse,</strong></span> <span class='ocrx_word' id='word_1_791' title='bbox 2938 4790 3155 4855; x_wconf 77' lang='lat' dir='ltr'><strong>quamvis</strong></span> <span class='ocrx_word' id='word_1_792' title='bbox 3180 4790 3224 4839; x_wconf 91' lang='lat' dir='ltr'><strong>id</strong></span> <span class='ocrx_word' id='word_1_793' title='bbox 3247 4803 3346 4840; x_wconf 85' lang='lat' dir='ltr'><strong>non</strong></span> <span class='ocrx_word' id='word_1_794' title='bbox 3361 4817 3376 4827; x_wconf 89' lang='lat'><strong>-</strong></span> 
     </span>
    </p>
   </div>
   <div class='ocr_carea' id='block_1_114' title="bbox 1857 4865 2676 4914">
    <p class='ocr_par' dir='ltr' id='par_1_114' title="bbox 1857 4865 2676 4914">
     <span class='ocr_line' id='line_1_114' title="bbox 1857 4865 2676 4914; baseline -0.011 -1"><span class='ocrx_word' id='word_1_795' title='bbox 1857 4867 1976 4914; x_wconf 87' lang='lat' dir='ltr'><strong>nulli</strong></span> <span class='ocrx_word' id='word_1_796' title='bbox 2001 4865 2308 4913; x_wconf 78' lang='lat' dir='ltr'><strong>recentiores</strong></span> <span class='ocrx_word' id='word_1_797' title='bbox 2331 4865 2676 4910; x_wconf 76' lang='lat' dir='ltr'><strong>existimarint.</strong></span> 
     </span>
    </p>
   </div>
   <div class='ocr_carea' id='block_1_115' title="bbox 1864 4959 3378 5040">
    <p class='ocr_par' dir='ltr' id='par_1_115' title="bbox 1864 4959 3378 5040">
     <span class='ocr_line' id='line_1_115' title="bbox 1864 4959 3378 5040; baseline -0.006 -15"><span class='ocrx_word' id='word_1_798' title='bbox 1864 4973 1916 5025; x_wconf 83' lang='lat' dir='ltr'><strong>l.</strong></span> <span class='ocrx_word' id='word_1_799' title='bbox 1957 4971 2090 5026; x_wconf 85' lang='lat' dir='ltr'><strong>Cum</strong></span> <span class='ocrx_word' id='word_1_800' title='bbox 2139 4978 2323 5040; x_wconf 85' lang='lat' dir='ltr'><strong>pateat</strong></span> <span class='ocrx_word' id='word_1_801' title='bbox 2367 4982 2433 5021; x_wconf 78' lang='lat' dir='ltr'><strong>ex</strong></span> <span class='ocrx_word' id='word_1_802' title='bbox 2467 4967 2535 5020; x_wconf 90' lang='lat' dir='ltr'><strong>iis</strong></span> <span class='ocrx_word' id='word_1_803' title='bbox 2557 4979 2678 5036; x_wconf 81' lang='lat' dir='ltr'><strong>quae</strong></span> <span class='ocrx_word' id='word_1_804' title='bbox 2701 4961 2966 5029; x_wconf 88' lang='lat' dir='ltr'><strong>superiori</strong></span> <span class='ocrx_word' id='word_1_805' title='bbox 3017 4960 3191 5030; x_wconf 85' lang='lat' dir='ltr'><strong>capite</strong></span> <span class='ocrx_word' id='word_1_806' title='bbox 3234 4959 3378 5016; x_wconf 73' lang='lat' dir='ltr'><strong>dixi-</strong></span> 
     </span>
    </p>
   </div>
   <div class='ocr_carea' id='block_1_116' title="bbox 1792 5051 3378 5124">
    <p class='ocr_par' dir='ltr' id='par_1_116' title="bbox 1792 5051 3378 5124">
     <span class='ocr_line' id='line_1_116' title="bbox 1792 5051 3378 5124; baseline -0.008 -7"><span class='ocrx_word' id='word_1_807' title='bbox 1792 5078 1932 5124; x_wconf 91' lang='lat' dir='ltr'><strong>mus,</strong></span> <span class='ocrx_word' id='word_1_808' title='bbox 1964 5060 2185 5115; x_wconf 82' lang='lat' dir='ltr'><strong>l.ibrum</strong></span> <span class='ocrx_word' id='word_1_809' title='bbox 2215 5054 2588 5113; x_wconf 83' lang='lat' dir='ltr'><strong>Pontiﬁcalem</strong></span> <span class='ocrx_word' id='word_1_810' title='bbox 2607 5064 2948 5119; x_wconf 84' lang='lat' dir='ltr'><strong>nequaquam</strong></span> <span class='ocrx_word' id='word_1_811' title='bbox 2970 5051 3201 5106; x_wconf 89' lang='lat' dir='ltr'><strong>Damaso</strong></span> <span class='ocrx_word' id='word_1_812' title='bbox 3222 5063 3378 5120; x_wconf 71' lang='lat' dir='ltr'><strong>papa:</strong></span> 
     </span>
    </p>
   </div>
   <div class='ocr_carea' id='block_1_117' title="bbox 1793 5141 3392 5220">
    <p class='ocr_par' dir='ltr' id='par_1_117' title="bbox 1793 5141 3392 5220">
     <span class='ocr_line' id='line_1_117' title="bbox 1793 5141 3392 5220; baseline -0.008 -12"><span class='ocrx_word' id='word_1_813' title='bbox 1793 5155 1956 5208; x_wconf 90' lang='lat' dir='ltr'><strong>tribui</strong></span> <span class='ocrx_word' id='word_1_814' title='bbox 1987 5167 2163 5220; x_wconf 91' lang='lat' dir='ltr'><strong>posse,</strong></span> <span class='ocrx_word' id='word_1_815' title='bbox 2194 5151 2298 5204; x_wconf 88' lang='lat' dir='ltr'><strong>hoc</strong></span> <span class='ocrx_word' id='word_1_816' title='bbox 2325 5146 2506 5214; x_wconf 79' lang='lat' dir='ltr'><strong>capite</strong></span> <span class='ocrx_word' id='word_1_817' title='bbox 2540 5141 2914 5214; x_wconf 87' lang='lat' dir='ltr'><strong>inquirendum</strong></span> <span class='ocrx_word' id='word_1_818' title='bbox 2950 5154 3034 5200; x_wconf 90' lang='lat' dir='ltr'><strong>est</strong></span> <span class='ocrx_word' id='word_1_819' title='bbox 3079 5157 3206 5198; x_wconf 90' lang='lat' dir='ltr'><strong>num</strong></span> <span class='ocrx_word' id='word_1_820' title='bbox 3232 5141 3392 5196; x_wconf 82' lang='lat' dir='ltr'><strong>Ana-.</strong></span> 
     </span>
    </p>
   </div>
   <div class='ocr_carea' id='block_1_118' title="bbox 1791 5231 3381 5300">
    <p class='ocr_par' dir='ltr' id='par_1_118' title="bbox 1791 5231 3381 5300">
     <span class='ocr_line' id='line_1_118' title="bbox 1791 5231 3381 5300; baseline -0.008 -2"><span class='ocrx_word' id='word_1_821' title='bbox 1791 5243 1960 5300; x_wconf 88' lang='lat' dir='ltr'><strong>stasio</strong></span> <span class='ocrx_word' id='word_1_822' title='bbox 1991 5235 2409 5296; x_wconf 85' lang='lat' dir='ltr'><strong>Bibliothecario</strong></span> <span class='ocrx_word' id='word_1_823' title='bbox 2456 5234 2776 5290; x_wconf 86' lang='lat' dir='ltr'><strong>tribuendus</strong></span> <span class='ocrx_word' id='word_1_824' title='bbox 2805 5231 2897 5286; x_wconf 87' lang='lat' dir='ltr'><strong>sit.</strong></span> <span class='ocrx_word' id='word_1_825' title='bbox 2933 5232 3028 5291; x_wconf 91' lang='lat' dir='ltr'><strong>Sic</strong></span> <span class='ocrx_word' id='word_1_826' title='bbox 3049 5234 3193 5291; x_wconf 90' lang='lat' dir='ltr'><strong>enim</strong></span> <span class='ocrx_word' id='word_1_827' title='bbox 3214 5231 3381 5286; x_wconf 84' lang='lat' dir='ltr'><strong>habet</strong></span> 
     </span>
    </p>
   </div>
   <div class='ocr_carea' id='block_1_119' title="bbox 1792 5322 3380 5382">
    <p class='ocr_par' dir='ltr' id='par_1_119' title="bbox 1792 5322 3380 5382">
     <span class='ocr_line' id='line_1_119' title="bbox 1792 5322 3380 5382; baseline -0.004 0"><span class='ocrx_word' id='word_1_828' title='bbox 1792 5333 2007 5382; x_wconf 78' lang='lat' dir='ltr'><strong>Marcus</strong></span> <span class='ocrx_word' id='word_1_829' title='bbox 2048 5330 2296 5382; x_wconf 81' lang='lat' dir='ltr'><strong>Velserus</strong></span> <span class='ocrx_word' id='word_1_830' title='bbox 2323 5328 2374 5378; x_wconf 91' lang='lat' dir='ltr'><strong>in</strong></span> <span class='ocrx_word' id='word_1_831' title='bbox 2417 5328 2740 5382; x_wconf 72' lang='lat' dir='ltr'><strong>nrtefatione</strong></span> <span class='ocrx_word' id='word_1_832' title='bbox 2781 5323 2846 5378; x_wconf 86' lang='lat' dir='ltr'><strong>ad</strong></span> <span class='ocrx_word' id='word_1_833' title='bbox 2878 5322 3103 5382; x_wconf 87' lang='lat' dir='ltr'><strong>Librum</strong></span> <span class='ocrx_word' id='word_1_834' title='bbox 3153 5323 3380 5378; x_wconf 88' lang='lat' dir='ltr'><strong>Pontili-</strong></span> 
     </span>
    </p>
   </div>
  </div>
