3924 5382
527 195 634 260 ω)

1236 195 1327 250 AD
1365 191 1805 248 ANASTASIUM
1845 191 2354 247 PBOLEGOM‘ENA
2398 190 2573 246 EDIT.
2617 191 3039 247 ROM.-\'.\TIC.

3691 190 3804 247 290

541 311 759 370 odorari
789 317 844 365 et
877 308 1156 363 advertere
1188 307 1406 377 poterit)
1451 322 1676 376 prorsus
1727 306 1781 361 in
1831 320 1950 360 eam
1987 320 2109 360 sen-
2140 321 2183 368 Α
2214 283 2430 376 egregio
2451 322 2515 361 ac
2546 307 2991 375 praestantissimo
3020 299 3438 375 liiatoriographo
3467 303 3798 362 habebatur.

532 405 755 461 tentiam
786 401 1126 464 inclinamus,
1150 398 1392 452 omnium
1425 397 1657 461 illarum,
1682 396 1808 451 licet
1836 395 2108 450 nonnullis

529 498 585 554 in
639 498 772 554 locis
823 493 1124 549 adulterina
1166 492 1394 545 aliorum
1443 489 1764 559 adjectione,
1801 488 1884 542 vel
1931 488 2110 542 detra-

537 593 717 647 ctione
748 589 817 642 ob
846 601 1110 642 sunnnam
1136 584 1474 652 superiorum
1498 581 1813 636 seti-culorum
1845 580 2110 634 inscitiam

541 683 846 753 depravata:
881 678 1012 742 sint,
1040 691 1222 732 verum
1251 683 1306 728 ct
1343 688 1656 744 germanum
1684 680 1963 742 parentem
1992 683 2113 725 esse

533 770 879 826 Anastasium
913 766 970 820 S.
1008 765 1075 820 Il.
1123 765 1380 819 Ecclesia:
1411 761 1878 818 bibliothecarium
1900 801 1915 826 ,
1946 775 2112 829 quare

531 860 649 928 ejus
680 857 1084 914 nomenclatura
1134 863 1302 909 totunt
1344 869 1477 924 opus
1520 867 1715 907 ornare
1750 868 1857 906 non
1902 852 2112 906 dubita-

533 950 732 1003 vimus.
774 968 793 1000 ι
833 947 894 1001 Et
922 962 1042 1000 eum
1074 945 1293 999 Velsero
1321 941 1838 997 Bcllarminuslibro
1867 941 1933 995 de
1965 940 2114 995 Scri-

533 1041 783 1112 ptoribus
823 1041 875 1094 in
917 1038 1191 1092 Damaso:
1233 1053 1250 1085 t
1293 1035 1572 1092 Tribuitur
1598 1034 1655 1088 S.
1702 1035 1932 1088 Datnaso
1980 1032 2116 1086 liber

536 1135 602 1188 de
631 1133 766 1188 Vitis
794 1131 1127 1202 pontificum,
1159 1127 1248 1196 qui
1292 1135 1473 1181 exstat
1502 1127 1552 1180 in
1588 1125 1762 1195 primo
1793 1133 1938 1178 tomo
1975 1123 2116 1178 Con-

535 1221 816 1288 ciliorum;
859 1220 950 1275 sed
980 1218 1114 1272 liber
1143 1217 1230 1271 ille
1253 1225 1336 1270 est
1361 1213 1633 1269 Anastasii
1681 1212 2107 1277 Bibliothecarii,

534 1331 638 1370 non
671 1313 906 1374 Damasi,
933 1321 989 1366 ut
1014 1321 1198 1366 notum
1223 1321 1325 1364 est.
1369 1328 1386 1360 ι
1426 1309 1493 1362 lit
1517 1307 1569 1361 in
1604 1307 1892 1361 Anastasio
1920 1307 2118 1363 Biblio-

533 1405 772 1461 thecario
817 1423 830 1457 :
889 1421 908 1455 (
952 1402 1182 1472 Scripsit
1211 1401 1360 1454 Vitas
1391 1398 1713 1453 Pontificum
1750 1398 2114 1452 Romanorum

530 1513 559 1552 a
585 1495 646 1552 S.
691 1496 846 1551 Petro
878 1511 1049 1565 usque
1095 1493 1160 1548 ad
1204 1491 1485 1547 Nicolaum
1534 1491 1787 1562 primum.
1828 1509 1844 1541 ›
1879 1490 1944 1544 Ει
1991 1498 2116 1544 ante

532 1590 917 1643 Bellarminum
962 1585 1273 1656 OnUphrius
1304 1583 1594 1638 Panvinius
1627 1583 1679 1636 in
1709 1582 1850 1636 notis
1892 1581 1959 1635 ad
1990 1581 2113 1634 Pla-

2215 413 2376 466 quem
2408 398 2460 452 in
2491 399 2678 452 charta
2724 398 3030 453 donationis
3068 413 3164 466 pro
3191 396 3534 452 scholasticis
3566 395 3802 450 [θυιάδα-

2214 488 2362 542 sibus
2395 488 2613 558 egregie
2645 487 2828 542 laudat
2861 488 3166 543 Ludovicus
3197 486 3450 542 Ludovici
3479 486 3563 541 Pii
3605 486 3800 552 frater,

2213 597 2310 636 rex
2341 581 2642 636 Germaniae
2669 591 2723 635 et
2755 581 3116 636 Orientalium
3145 581 3502 636 Francorum.
3534 581 3637 636 llic
3669 598 3802 639 vero

2215 675 2530 744 Rudolphus
2562 676 2613 729 in
2644 676 2761 729 Vita
2786 675 2994 729 Rabani
3029 675 3268 740 abbatis,
3302 676 3446 730 edita
3475 692 3505 729 a
3539 674 3805 731 Browero

2217 765 2310 819 lib.
2363 780 2424 819 nt
2473 765 2617 820 inter
2667 766 3034 835 Antiquitates
3079 765 3377 821 Fuldenses
3404 807 3419 830 ,
3457 768 3529 821 ita
3564 769 3802 822 scribit:

2220 853 2533 908 Theodorus
2586 873 2604 904 ι
2655 855 2837 910 attulit
2883 870 3099 924 quoque
3129 870 3250 909 ossa
3288 855 3389 910 SS.
3441 857 3808 927 AgapitiJa-

2221 949 2418 1009 nuarii.
2441 959 2496 1002 et
2516 947 2690 1018 Magni
2714 931 3064 1004 diaconorum
3093 947 3154 1001 Β.
3184 947 3323 1002 Xisti
3351 964 3525 1019 papze.
3552 950 3649 1018 qui
3677 966 3801 1005 cum

2220 1057 2286 1097 eo
2317 1042 2417 1097 sub
2447 1042 2608 1096 Decio
2637 1040 2883 1096 decollati
2931 1050 3075 1104 sunt,
3103 1041 3240 1095 sicut
3272 1042 3323 1094 in
3353 1041 3535 1096 Gestis
3576 1041 3804 1095 Pontifi—

2218 1133 2427 1190 calibus
2455 1133 2668 1204 legitur.
2702 1152 2719 1184 ι
2753 1131 2852 1188 Ubi
2882 1147 2912 1185 a
2937 1131 3216 1202 Rudolpho
3236 1133 3557 1203 presbytero
3581 1133 3801 1195 citatur,

2219 1240 2328 1279 non
2354 1223 2571 1293 quidem
2601 1221 2872 1276 Anastasii
2913 1236 3049 1290 opus
3081 1222 3146 1276 de
3171 1222 3311 1276 Vitis
3341 1221 3685 1290 pontificum,
3715 1223 3806 1276 sed

2219 1312 2375 1368 Gesta
2404 1312 2763 1383 pontiﬁcalia;
2793 1313 3035 1382 adeoque
3081 1312 3352 1383 colligitur
3395 1314 3542 1382 quod
3595 1311 3808 1368 Rudol—

2220 1406 2376 1474 phus,
2405 1405 2495 1474 qui
2525 1404 2714 1458 eodem
2759 1413 3001 1472 tempore
3025 1419 3147 1458 cum
3173 1405 3463 1460 Anastasio
3496 1405 3656 1467 vixit,
3693 1405 3804 1475 jam

2221 1495 2442 1550 Librum
2473 1493 2841 1548 Pontificalem
2873 1509 3041 1564 penes
3067 1510 3125 1550 se
3153 1495 3425 1550 habuerit.
3465 1493 3800 1551 Hincmams

2221 1601 2438 1656 quoque
2488 1587 2808 1643 Rhemensis
2851 1588 3316 1658 archiepiscopus,
3342 1587 3572 1657 epistola
3617 1588 3692 1642 se
3741 1589 3806 1642 ad

541 1684 734 1747 tinam,
769 1684 820 1735 in
858 1681 977 1736 Vita
1018 1678 1224 1734 Nicolai
1271 1678 1431 1748 primi
1465 1694 1478 1729 :
1515 1695 1532 1727 ι
1569 1676 1890 1731 Anastasius
1934 1691 2118 1730 mona-
2151 1661 2191 1718 Β
2221 1677 2498 1733 Nicolaum
2521 1694 2731 1748 papam,
2761 1677 2901 1731 Libri
2924 1678 3230 1750 episcopalis
3259 1679 3530 1744 meminit,
3554 1679 3645 1749 qni
3670 1678 3808 1734 alius

537 1775 698 1837 chus,
728 1781 782 1826 et
815 1781 1016 1826 sanctte
1062 1769 1318 1824 Romana:
1350 1767 1604 1823 Ecclesia:
1648 1766 2115 1830 bibliothecarius,

533 1881 700 1935 usque
727 1865 793 1918 ad
821 1861 1099 1917 Nicolaum
1121 1861 1378 1929 primum,
1409 1859 1774 1913 Romanorum
1802 1857 2118 1928 pontificum

533 1957 704 2018 Vitas,
739 1969 858 2023 qum
888 1953 1063 2006 adhuc
1083 1951 1222 2020 apud
1256 1966 1341 2003 me
1365 1957 1512 2015 sunt,
1544 1949 1782 2020 scripsit,
1809 1948 1908 2003 sub
1937 1964 2045 2018 quo
2066 1956 2122 2002 et

533 2043 649 2112 ejus
675 2043 1081 2098 successoribus
1109 2040 1348 2094 Adriano
1378 2040 1419 2094 ll
1449 2049 1503 2094 et
1531 2037 1740 2094 Joanne
1771 2039 1878 2092 \‘lll
1904 2038 1955 2091 in
1983 2039 2119 2093 urbe

533 2137 737 2193 floruit.
771 2137 901 2204 Quae
941 2143 1259 2204 sequuntur,
1285 2134 1629 2188 concinnavit
1659 2131 1983 2188 Guillelmus
2003 2133 2122 2202 qui-

533 2229 656 2281 dam
713 2227 851 2282 alter
891 2224 1522 2292 bibliothecarius,qum
1575 2223 1628 2276 in
1677 2223 1832 2287 libro,
1882 2222 1972 2292 qui
2019 2222 2122 2276 sub

534 2321 749 2376 Damasi
778 2320 996 2375 nomine
1026 2315 1433 2381 circumfertur,
1464 2324 1702 2371 exstant.
1743 2335 1762 2368 ι
1795 2315 1972 2385 Atque
2005 2314 2120 2368 inec

533 2413 753 2482 quidem
784 2411 883 2466 viri
922 2410 997 2463 illi
1027 2409 1246 2473 eruditi,
1276 2421 1505 2477 quorum
1549 2404 1821 2460 sententia
1851 2420 1880 2458 a
1911 2402 2123 2458 caeteris

536 2505 759 2558 Iniuime
784 2503 1067 2574 probatur.

603 2614 661 2666 Ξ.
705 2610 1175 2665 Eminentissimns
1198 2622 1430 2676 namque
1453 2605 1746 2662 cardinalis
1765 2605 2029 2658 Baronius
2056 2603 2122 2658 ad

540 2719 742 2758 anmnn
770 2701 972 2756 Christi
1009 2700 1110 2755 8'67
1144 2714 1309 2769 agens
1344 2699 1408 2754 de
1448 2697 1736 2752 Anastasio
1766 2695 2121 2750 Bibliotheca.

549 2795 632 2847 rio
675 2794 864 2847 scribit
897 2810 910 2846 :
946 2811 963 2842 ι
1003 2790 1354 2846 Collectorem
1399 2790 1578 2860 potius
1617 2805 1774 2858 quam
1805 2788 2124 2866 scriptorem

551 2881 796 2936 Vitarum
827 2882 1222 2952 przeteritorum
1253 2880 1566 2950 pontificum
1593 2879 1957 2934 Romanorum
1984 2875 2122 2930 affir-

541 2989 775 3030 mamus.
817 2993 834 3024 ι
868 2972 937 3025 Et
964 2972 1053 3042 qtti
1105 2981 1223 3040 post
1270 2970 1560 3024 Daroninm
1611 2969 1824 3038 scripsit
1876 2968 2118 3020 eruditus

539 3065 849 3121 llolsteuius
875 3063 927 3116 in
953 3063 1041 3117 illo
1063 3061 1403 3115 Auastasiani
1428 3059 1607 3129 operis
1641 3058 1953 3126 exemplari,
1981 3058 2123 3126 quod

545 3161 613 3214 ad
662 3155 1146 3227 praestantissimos
1195 3153 1408 3208 codices
1461 3152 1799 3205 bibliotheca:
1831 3150 2122 3214 Vaticana),

541 3247 743 3318 Regia},
798 3247 1068 3309 Medicete,
1122 3243 1470 3298 Farnesiana:
1494 3249 1549 3295 et
1579 3240 1889 3296 Casincnsis
1935 3255 2125 3293 rt-cen-

542 3341 670 3403 suit,
701 3353 866 3408 agens
896 3337 960 3390 de
985 3337 1087 3390 hoc
1116 3335 1330 3388 Baronii
1364 3334 1502 3397 loco,
1538 3333 1609 3386 ita
1642 3333 1694 3385 in
1743 3330 2126 3398 manusoriptis

541 3431 655 3488 suis
704 3431 847 3485 notis
878 3431 1136 3484 observat
1170 3446 1182 3481 :
1236 3446 1253 3477 ι
1292 3427 1556 3482 Baronius
1586 3425 1929 3479 Anastasium
1963 3424 2125 3479 colle-

541 3532 748 3578 ctorem
777 3522 955 3592 potius
986 3536 1148 3590 quam
1177 3519 1499 3587 scriptorem
1531 3518 1776 3572 Vitaruut
1810 3516 2125 3585 pontificum

545 3626 716 3680 usque
739 3612 806 3665 ad
835 3609 1112 3664 Nicolaum
1141 3609 1376 3677 primum
1408 3605 1637 3659 aflirmat
1661 3605 1726 3657 ad
1752 3620 1950 3657 annum
1979 3603 2129 3658 Chri-

545 3705 612 3758 sti
637 3703 764 3769 867,
791 3703 938 3758 num.
978 3703 1112 3766 1'59;
1145 3709 1458 3770 sequentem
1490 3710 1670 3752 autem
1701 3697 1925 3751 Adriani
1952 3695 2126 3749 Vitam

545 3794 615 3848 ab
662 3809 727 3847 eo
777 3793 1032 3861 scriptam
1077 3790 1458 3853 existimat,et
1507 3803 1626 3842 meo
1659 3787 1875 3856 quidem
1924 3785 2130 3855 judicio

547 3881 872 3937 rectissime.
913 3901 930 3933 ι
970 3880 1092 3934 ll.t,-c
1143 3879 1330 3949 paucis
1382 3877 1555 3931 Lucas
1604 3875 1946 3940 llolstenius,
1978 3873 2132 3942 cujus

548 3977 856 4047 opinionem
903 3974 1119 4028 firmare
1165 3973 1292 4026 licet
1323 3971 1496 4025 tribus
1541 3969 1878 4039 potissiunnu
1913 3966 2132 4021 rationi-

550 4067 652 4122 bus
677 4108 692 4132 ,
724 4082 952 4138 quarum
988 4067 1162 4136 prima
1217 4064 1406 4118 nititur
1456 4062 1765 4116 testimonio
1809 4059 2131 4128 scriptorum

547 4159 640 4228 qui
670 4158 903 4212 velante
942 4155 1214 4209 Anastasii
1245 4164 1488 4222 tempora
1517 4151 1738 4206 Librutn
1766 4148 2134 4204 Pontilicalem

546 4250 802 4310 eitarunt,
829 4247 909 4300 vel
939 4255 1058 4314 post
1082 4244 1352 4298 Anastasii
1379 4251 1606 4297 mortem
1632 4256 1755 4294 eum
1789 4254 2133 4310 nequaquam

2219 1784 2340 1824 esse
2401 1785 2508 1824 non
2553 1778 2735 1840 potest
2787 1784 2952 1839 quam
2982 1768 3423 1832 Pontificahs,ex
3477 1787 3588 1840 quo
3641 1769 3809 1825 refert

2221 1871 2368 1916 tomo
2393 1861 2457 1926 II,
2488 1877 2612 1932 pag.
2644 1861 2768 1928 305,
2800 1862 2866 1916 de
2907 1862 3125 1917 Ehbone
3151 1877 3181 1915 a
3208 1862 3397 1932 Sergio
3430 1863 3500 1916 ad
3530 1864 3800 1934 synodum

2220 1960 2468 2018 evocato,
2500 1973 2516 2004 ι
2557 1953 2700 2022 quod
2749 1954 2816 2007 ad
2868 1969 2989 2008 eam
3036 1970 3143 2008 non
3179 1955 3525 2015 convenerit,
3557 1955 3807 2010 videlicet

2222 2043 2364 2099 sicut
2392 2043 2639 2113 superius
2664 2051 2975 2097 memorata:
3027 2043 3222 2098 litterae
3249 2045 3592 2099 auctoritatis
3620 2053 3809 2098 vestra:

2223 2137 2616 2190 demonstrant.
2651 2134 2804 2190 Talis
2823 2150 2851 2189 a
2879 2135 3006 2191 sede
3037 2137 3351 2206 apostolica,
3374 2147 3425 2190 et
3451 2152 3592 2207 papa
3615 2137 3806 2207 Sergio

2225 2227 2471 2289 habitus,
2507 2243 2614 2296 quo
2667 2227 2732 2282 lis
2762 2228 2830 2280 ab
2873 2227 2994 2282 aliis
3035 2243 3138 2282 non
3189 2227 3548 2298 ignorabatur
3595 2227 3804 2290 haberi.

2225 2318 2276 2373 id
2299 2327 2402 2384 est,
2433 2329 2492 2372 ut
2517 2317 2696 2374 Codex
2725 2318 3053 2389 Episcopalis
3081 2319 3335 2383 ostendit,
3362 2335 3462 2390 pro
3490 2321 3809 2376 criminibus

2225 2411 2338 2465 suis
2386 2411 2590 2466 honore
2639 2410 2878 2480 privatus
2925 2419 2980 2465 et
3027 2412 3095 2466 ab
3145 2411 3388 2466 Ecclesia
3439 2412 3656 2482 pulsus.
3694 2431 3711 2463 ι
3745 2412 3807 2467 Ει

2225 2503 2386 2573 paulo
2416 2503 2554 2556 infra
2590 2519 2602 2556 :
2643 2522 2661 2554 ‹
2706 2501 2858 2557 Sicut
2881 2497 3102 2558 sanctus
3125 2502 3374 2558 Gelasius
3394 2504 3460 2558 de
3496 2505 3704 2560 Acacio
3738 2505 3812 2561 di-

2225 2598 2320 2662 cit,
2357 2596 2448 2666 qui
2481 2610 2511 2650 a
2543 2595 2671 2650 sede
2703 2595 2997 2664 apostolica
3045 2595 3349 2661 damnatus,
3375 2606 3428 2651 et
3459 2613 3568 2652 non
3601 2597 3815 2652 restitu-

2231 2696 2336 2751 tus,
2363 2687 2487 2741 licet
2507 2685 2828 2741 Anastasius
2861 2701 3022 2756 papa,
3053 2687 3193 2742 sicut
3219 2687 3269 2741 in
3300 2688 3466 2743 Libro
3502 2689 3812 2760 Episcopali

2229 2777 2475 2845 legimus,
2501 2791 2624 2830 eum
2651 2777 2895 2846 recipere
2923 2777 3172 2842 voluerit,
3199 2777 3363 2832 vitam
3397 2777 3601 2831 finivit.
3643 2799 3662 2832 ι
3693 2779 3815 2846 Qua:

2229 2868 2413 2922 ultima
2436 2869 2503 2922 de
2533 2869 2819 2923 Anastasio
2834 2868 3072 2932 secundo
3097 2870 3364 2924 habentur
3391 2870 3445 2925 in
3480 2870 3654 2926 Libro
3685 2873 3816 2924 Pon-

2155 3015 2194 3068 (Ἴ
2232 2961 2434 3026 tificali,
2466 2962 2536 3014 ita
2569 2969 2628 3016 ut
2658 2961 2862 3017 nullum
2892 2962 3111 3016 dubium
3140 2977 3260 3017 esse
3287 2965 3461 3032 possit
3500 2965 3638 3033 quin
3693 2965 3817 3019 lliu-

2230 3068 2446 3108 cmarus
2492 3053 2812 3108 llhemensis
2859 3067 2954 3122 per
2983 3053 3203 3108 Librum
3234 3053 3624 3124 episcopalem,
3655 3055 3816 3110 Gesta

2228 3143 2558 3214 pontificalia
2597 3144 2946 3199 intellexerit.
2979 3144 3076 3198 llis
3115 3143 3331 3215 adiungi
3355 3154 3534 3214 potest
3567 3146 3715 3202 liber
3744 3148 3818 3200 ri-

2232 3237 2413 3300 tualis,
2441 3251 2602 3306 quem
2634 3237 2948 3306 Onuphrius
2997 3236 3290 3292 Panvinius
3337 3239 3412 3308 (η)
3450 3238 3501 3292 in
3537 3239 3691 3293 uotis
3722 3255 3818 3293 tus.

2229 3325 2300 3379 ad
2347 3325 2605 3380 Cencium
2655 3325 3027 3380 Camerarium
3075 3326 3268 3383 Carolo
3296 3327 3486 3396 Magno
3541 3330 3817 3393 attribuit,

2231 3415 2283 3469 in
2313 3431 2420 3484 quo
2463 3415 2530 3470 de
2557 3415 2939 3470 Puriticatione
2962 3417 3020 3470 S.
3056 3415 3236 3470 Maria
3285 3431 3299 3470 :
3335 3437 3351 3468 ι
3382 3415 3456 3472 De
3482 3418 3587 3472 hac
3613 3419 3824 3473 festivi-

2233 3516 2361 3571 tate,
2393 3516 2448 3562 et
2471 3507 2592 3562 aliis
2639 3507 3023 3563 festivitatibus
3048 3507 3105 3563 S.
3138 3507 3320 3562 Maria:
3347 3509 3400 3564 iu
3429 3509 3612 3566 Gestis
3647 3513 3823 3581 ponti-

2231 3599 2479 3653 ficalibus
2507 3599 2701 3669 legitur
2721 3600 2862 3668 quod
2888 3599 3112 3670 Sergius
3142 3615 3277 3670 papa
3306 3603 3628 3670 prarceperit
3662 3603 3819 3657 Leta-

2233 3692 2352 3746 nias
2390 3691 2508 3745 fieri
2556 3692 2610 3745 in
2661 3691 2746 3746 die
2776 3691 3219 3746 Pricsentationis
3266 3693 3474 3746 Domini
3507 3693 3560 3746 in
3598 3694 3819 3765 templo.

2233 3783 2308 3838 Ita
2338 3785 2483 3838 enim
2533 3784 2794 3854 scriptum
2838 3792 2940 3849 est,
2973 3793 3032 3837 ιιι
3061 3783 3114 3838 iu
3145 3783 3334 3839 diebus
3376 3785 3822 3840 Annuntiationis

2235 3876 2473 3941 Domini,
2513 3878 2944 3943 Dormitationis,
2980 3893 3043 3932 ac
3075 3876 3390 3932 Nativitatis
3433 3878 3490 3932 S.
3531 3877 3624 3932 Dei
3673 3879 3822 3948 geni-

2236 3971 2386 4025 tricis
2429 3969 2633 4035 Mariac,
2660 3978 2716 4026 et
2760 3970 2818 4025 S.
2866 3970 3162 4035 Simeonis,
3195 3972 3337 4042 quod
3371 3969 3694 4042 llypapante
3745 3971 3819 4026 di-

2239 4065 2384 4119 citur
2411 4063 2599 4118 Grtcce
2620 4105 2635 4130 ,
2662 4080 2784 4120 cum
2829 4064 3047 4120 letaniis
3081 4074 3276 4120 exeant
3305 4080 3333 4118 a
3363 4064 3421 4120 S.
3472 4066 3737 4132 Adriano,
3773 4077 3824 4120 et

2236 4157 2302 4210 ad
2331 4155 2387 4210 S.
2419 4156 2641 4210 Mariam
2671 4155 2900 4226 populus
2923 4166 3196 4213 occurrat.
3234 4177 3252 4209 ›
3283 4157 3406 4211 llaec
3435 4155 3532 4222 ibi,
3563 4173 3688 4228 qua:
3717 4173 3817 4211 non

2237 4250 2338 4305 sub
2363 4248 2540 4304 Caroli
2571 4249 2773 4320 Magni,
2808 4251 2900 4306 sed
2932 4251 3121 4306 incerti
3151 4251 3392 4306 auctoris
3425 4251 3648 4306 nomine
3676 4254 3818 4308 edita

551 4336 845 4392 Anastasio
892 4335 1196 4387 tribuerunt
1225 4351 1238 4385 :
1269 4332 1506 4386 secunda
1536 4345 1602 4382 ex
1644 4330 2132 4397 manuscriptorum
2167 4379 2214 4440 υ
2241 4354 2365 4400 sum
2392 4354 2516 4414 post
2563 4344 2863 4414 fragmenta
2895 4343 3075 4399 Caroli
3115 4343 3313 4414 Magni.
3350 4343 3456 4399 Sed
3481 4344 3612 4415 quid
3648 4345 3821 4402 Imm.

551 4427 796 4483 codicum
813 4424 1135 4493 antiquitate
1151 4425 1471 4487 desumitur,
1493 4431 1675 4492 utpote
1696 4437 1760 4476 ex
1780 4437 1884 4490 qua
1908 4420 2129 4476 Librum

551 4517 923 4576 Pontificalcm
957 4525 1082 4570 ante
1108 4515 1375 4569 Anastasii
1407 4522 1645 4583 tempora
1686 4513 1957 4567 exstitisse
1981 4528 2132 4566 tuon-

554 4617 777 4665 stratur.
810 4606 990 4662 Tertia
1025 4607 1240 4659 demum
1263 4619 1326 4658 ex
1351 4603 1474 4674 styli
1503 4602 1815 4657 diversitate
1846 4602 2130 4672 repetitur,

556 4717 680 4758 nam
707 4717 774 4757 ex
802 4715 864 4756 ea
897 4707 1111 4755 constat
1129 4697 1310 4767 plures
1337 4697 1487 4751 Vitas
1518 4710 1548 4748 a
1575 4695 1802 4749 diversis
1823 4694 2135 4748 auctoribus

555 4794 720 4850 Libro
757 4790 1055 4848 Pontilicali
1089 4789 1329 4858 adjectus
1347 4803 1493 4851 esse,
1516 4787 1758 4854 adeoque
1789 4785 2134 4840 Anastasium

555 4885 902 4941 collectorem
933 4883 1111 4952 potius
1135 4895 1297 4950 quam
1327 4888 1606 4934 auctorem
1641 4877 1756 4947 ejus
1781 4875 1968 4932 fuisse.

626 4994 681 5050 5.
720 4993 792 5049 Ut
821 5002 999 5046 autem
1030 5007 1059 5044 a
1098 4992 1270 5060 prima
1319 4990 1529 5044 ratione
1573 4989 1893 5059 incipiamus
1921 5029 1936 5053 ,
1966 4986 2141 5058 profe-

557 5087 726 5143 renda
776 5092 904 5138 sunt
963 5081 1339 5136 nonrmllorum
1391 5079 1699 5135 testimonia
1752 5079 1842 5149 qui
1889 5079 1971 5131 vel
2017 5093 2138 5131 cum

557 5176 846 5234 Anastasio
867 5173 1286 5228 Bibliothecario
1309 5172 1576 5237 vixerunt,
1604 5171 1682 5226 vel
1710 5172 1822 5237 diu,
1851 5179 2139 5239 antequam

561 5270 664 5325 fuit
707 5276 868 5323 natus
902 5262 1245 5325 Anastasius,
1274 5263 1627 5332 scripserunt.
1666 5263 1858 5316 Exstat
1907 5275 2037 5317 sane
2089 5260 2140 5312 in

1475 5369 1534 5382 Λν
1582 5353 1904 5382 ιιῖίιηηιιιιιηη
1958 5351 1999 5382 D
2129 5380 2140 5382 _

572 5362 592 5382 Δ
614 5357 860 5382 ---ΑΙέΙς-.ιι
903 5354 1232 5382 vnn-snnrulm
1286 5353 1440 5382 nn':l:o

2244 4453 2363 4494 mus
2405 4440 2458 4493 in
2506 4437 2663 4505 hujus
2714 4439 2942 4493 Ilitualis
2991 4440 3322 4505 testimonio,
3352 4455 3474 4493 cum
3529 4439 3824 4495 habeamus

2239 4531 2416 4588 locum
2441 4530 2796 4585 clarissimum
2822 4531 3159 4586 Venerabilis
3191 4531 3365 4596 Bedae,
3390 4530 3480 4601 qui
3516 4529 3639 4600 plus
3661 4544 3817 4600 quam

2241 4635 2456 4681 centum
2486 4625 2642 4679 annis
2665 4631 2789 4679 ante
2819 4623 3087 4678 Anastasii
3119 4631 3357 4692 tempora
3380 4622 3536 4684 obiit,
3562 4631 3618 4676 et
3642 4631 3818 4678 tamen

2243 4718 2403 4775 Gesta
2439 4717 2768 4789 pontificalia
2824 4716 3050 4771 citavit?
3079 4715 3134 4769 ln
3164 4713 3549 4787 Martyrologio
3580 4716 3729 4770 enim
3758 4716 3817 4770 ad

2244 4823 2341 4862 vut
2387 4807 2510 4862 ldus
2534 4805 2758 4877 Augusti
2793 4824 2806 4861 :
2843 4825 2862 4858 ι
2893 4806 3078 4860 Roma:
3125 4804 3182 4860 S.
3213 4805 3349 4860 Sixti
3391 4805 3658 4875 episcopi,
3687 4804 3819 4861 Feli-

2245 4897 2468 4963 cissimi,
2498 4906 2552 4951 et
2596 4896 2808 4968 Agapiti
2839 4896 3074 4961 diaconi,
3111 4895 3200 4966 qui
3253 4895 3507 4951 decollati
3559 4905 3690 4953 sunt
3730 4897 3821 4954 sub

2246 4990 2409 5046 Decio
2442 5007 2455 5044 :
2494 4989 2743 5045 decollati
2775 4997 2903 5045 sunt
2944 5005 3065 5044 cum
3097 5004 3163 5045 eo
3191 4998 3245 5043 et
3282 4988 3371 5043 alii
3417 4998 3661 5060 quatuor
3699 4992 3818 5046 sub-

2247 5082 2459 5139 diaconi
2486 5081 2795 5147 Ianuarius,
2826 5082 3072 5153 Magnus,
3102 5083 3374 5138 Vicentius
3404 5089 3459 5137 et
3490 5082 3815 5154 Stephanus,

2247 5183 2306 5229 ut
2355 5175 2406 5227 in
2458 5173 2639 5229 Gestis
2691 5175 3094 5244 pontificalibus
3139 5175 3356 5244 legitur.
3391 5195 3409 5227 ι
3447 5172 3524 5228 Ita
3585 5175 3728 5231 Beda
3771 5177 3814 5229 in

2249 5264 2649 5334 Martyrologio,
2667 5267 2807 5334 quod
2831 5265 3204 5318 l-leuschenius
3227 5280 3292 5318 ex
3317 5263 3567 5335 pluribus
3591 5265 3817 5335 antiquis

2249 5371 2356 5382 ...ι-.-
2415 5356 2689 5382 Ληιιζηξιι..-
2737 5357 3028 5382 ,ιη-..ιιηαιηη
3056 5355 3214 5382 ...κλει
3272 5365 3316 5382 ,ςι
3347 5355 3487 5382 ,ιν-,ΛΑ
3522 5355 3575 5382 2..
3623 5356 3815 5382 ,1...ιι1ηηι

2737 5367 2937 5382 ηΑ--Αιιί
