3976 6312
158 274 301 330 201

824 269 1248 330 SCHELESTR.
1288 266 1600 324 DlSSERT.
1641 267 1729 323 DE
1766 267 1997 337 ANTIQ.
2041 264 2207 325 ROM.
2247 266 2448 324 PON'I'.
2489 269 2829 325 CATALOG.
2920 302 2932 315 .

3353 279 3462 340 209

157 388 336 460 quod
361 396 493 443 ante
526 388 870 443 Anastasium
903 388 1063 443 Liber
1084 384 1421 442 Pontiﬁcalis
1445 383 1778 454 temporibus
1807 385 1860 448 Α
1957 382 2009 438 ὅ.
2052 381 2222 439 Porro
2251 385 2500 453 quamvis
2529 388 2822 456 scriptorcs
2867 393 3080 443 veteres
3123 393 3325 460 reperti
3354 396 3467 453 sint

156 479 347 535 Beda:
394 478 511 550 jam
541 479 882 548 conscriptus
913 477 1095 542 fuerit,
1125 485 1182 532 et
1222 474 1424 530 idcirco
1456 474 1780 531 Anastasius

157 570 334 627 illius
362 579 560 626 auctor
587 585 709 626 esse
738 585 845 625 non
885 570 1082 640 possit.

246 661 306 715 4.
349 661 503 716 Idem
549 661 904 717 confirmatur
953 678 1018 717 et
1066 661 1132 716 iis
1159 659 1469 717 auctoribus
1500 661 1612 730 qui,
1653 659 1782 716 licet

157 763 304 826 post
359 752 709 810 Anastasium
741 755 1213 810 Bibliothecarium
1247 754 1580 824 scripserint,
1610 762 1664 808 et
1691 753 1781 807 Li-

159 845 338 900 brum
373 844 748 900 Pontificalem
794 846 1012 900 citarint
1041 886 1057 910 ,
1099 861 1372 915 nunquam
1405 854 1582 900 tamen
1636 845 1782 897 Ana-

158 939 332 994 stasii
360 938 692 993 mentionem
708 937 970 991 fecerunt.
986 936 1270 991 Anselmus
1287 935 1546 991 Lucensis
1573 936 1780 1006 episco-

161 1046 276 1100 pus
293 1031 402 1086 sub
414 1029 678 1102 Gregorio
702 1029 910 1096 Vll,lib.
941 1047 999 1085 ιιι
1026 1032 1382 1100 Decreti,cap.
1409 1030 1780 1102 {20,agensde

162 1123 376 1178 exsilio
405 1123 608 1179 Liberii
633 1139 805 1194 papae,
831 1134 888 1178 ct
910 1122 1091 1179 Felice
1115 1124 1231 1194 ejus
1258 1138 1525 1179 consensu
1554 1122 1774 1176 ordina-

166 1223 258 1279 to,
284 1216 513 1279 librum,
539 1231 606 1270 ex
631 1231 739 1286 quo
763 1215 938 1270 locum
966 1216 1282 1285 desumpsit,
1304 1217 1434 1270 citat
1457 1215 1540 1269 his
1564 1215 1768 1270 verbis:

170 1304 268 1358 Ea:
289 1305 632 1374 Pontiﬁcali;
658 1314 712 1361 et
734 1307 826 1360 lib.
856 1306 894 1373 1,
919 1323 1039 1378 cap.
1059 1308 1148 1373 77,
1174 1308 1335 1362 habet
1361 1308 1502 1362 hunc
1527 1306 1736 1360 titulum
1759 1323 1771 1359 :

166 1393 256 1449 De
301 1395 626 1460 obedientia,
651 1406 699 1450 et
725 1396 1039 1460 humilitate,
1073 1414 1228 1468 quant
1266 1413 1356 1450 rea:
1388 1394 1611 1466 Pipinus
1662 1394 1776 1450 Ste-

163 1484 352 1553 phano
383 1502 536 1555 papa?
567 1485 819 1552 exhibuit,
862 1504 926 1541 ea:
951 1486 1272 1555 Pontiﬁcali.
1319 1485 1420 1540 Ubi
1471 1487 1774 1542 nullatenus

164 1573 455 1629 Anastasii
495 1575 760 1642 meminit,
788 1593 852 1630 eo
898 1578 1040 1646 quod
1071 1577 1233 1632 Liber
1280 1576 1615 1632 Pontiﬁcalis
1656 1577 1772 1632 An-

162 1667 329 1723 selmi
368 1669 703 1738 temporibus
735 1670 968 1724 nondum
1003 1669 1289 1724 Anastasio
1320 1670 1553 1724 tributus
1587 1669 1766 1724 fuerit.

1885 475 1977 545 qui
2004 475 2154 531 Vitas
2185 477 2499 544 pontiﬁcum
2530 495 2560 532 a
2604 478 2766 534 Petro
2807 481 2873 534 ad
2914 480 3187 536 Liberium
3227 483 3461 543 Damaso

1888 565 2216 630 tribuerunt,
2241 567 2510 623 neminem
2542 578 2721 625 tamen
2774 572 2950 641 reperi
2977 573 3069 643 qui
3099 575 3462 643 posteriorum

1885 655 2200 727 pontificum
2225 657 2375 711 Vitas
2402 672 2432 710 a
2462 657 2694 714 Damaso
2714 675 2849 731 papa
2881 677 3053 732 usque
3082 663 3149 718 ad
3176 662 3461 732 Nicolaum

1885 748 2144 817 primum,
2178 748 2278 802 sub
2302 764 2408 817 quo
2446 750 2765 806 Anastasius
2820 752 3274 810 Bibliothecarius
3323 756 3463 811 scri-

1882 839 2026 908 psit,
2059 839 2342 894 Anastasio
2395 841 2742 910 adjudicavit.
2801 841 3062 900 Martinus
3113 845 3350 902 Polonus
3402 847 3458 902 in

1883 927 2137 983 Chronici
2167 929 2247 984 sui
2269 932 2535 1000 prooemio
2561 932 2693 987 citat
2714 926 2917 990 omnes
2947 943 3196 991 auctores
3224 951 3292 992 ex
3338 937 3464 1008 qui-

1881 1018 1985 1072 bus
2019 1018 2299 1075 historiam
2328 1021 2717 1091 imperatorum
2748 1034 2803 1080 et
2844 1026 3159 1096 pontiﬁcum
3186 1027 3460 1084 Romano-

1882 1125 2004 1164 rum
2029 1110 2326 1180 desumpsit
2356 1130 2368 1165 :
2407 1131 2425 1163 ι
2456 1112 2774 1186 Compilavi,
2806 1117 2999 1187 inquit,
3037 1133 3276 1189 praesens
3298 1133 3460 1189 opus-

1882 1201 2062 1257 culum
2133 1218 2202 1258 ex
2251 1204 2469 1276 scriptis
2505 1207 2612 1262 Titi
2665 1209 2834 1274 Livii;
2889 1210 3015 1266 item
3071 1227 3136 1268 ex
3179 1211 3463 1268 Chronicis

1881 1289 2091 1357 Orosii;
2125 1294 2252 1349 item
2287 1310 2353 1350 ex
2399 1295 2680 1354 Chronicis
2727 1301 2942 1357 Damasi
2969 1318 3121 1372 papae
3169 1305 3234 1360 de
3283 1304 3465 1362 Gestis

1879 1380 2227 1449 pontiﬁcum;
2272 1384 2400 1440 item
2432 1385 2498 1441 de
2522 1387 2700 1444 Gestis
2727 1389 2927 1446 Dovisii
2959 1393 3194 1465 episcopi
3227 1395 3458 1462 Sutrini,

1881 1472 1946 1527 de
1989 1471 2168 1528 Gestis
2200 1476 2547 1544 pontiﬁcum;
2581 1481 2710 1534 item
2750 1495 2817 1535 ex
2849 1480 3136 1538 Chronicis
3173 1484 3323 1540 Pauli
3357 1485 3466 1540 Ro-

1878 1565 2026 1618 mani
2057 1566 2266 1621 diaconi
2310 1570 2459 1622 card.
2489 1569 2555 1624 de
2589 1570 2768 1628 Gestis
2793 1562 3203 1646 utrorumque;
3237 1577 3365 1632 item
3397 1579 3465 1634 de

1879 1653 2167 1712 Chronicis
2213 1657 2440 1714 Gilberti
2481 1661 2545 1716 de
2578 1661 2758 1718 Gestis
2811 1675 3204 1740 utrorumque;
3237 1669 3364 1726 item
3391 1686 3462 1727 ex

163 1758 487 1814 Cardinalis
517 1761 809 1816 Deusdedit
837 1761 889 1815 in
920 1760 1246 1816 Collectione
1272 1759 1572 1824 Canonum,
1604 1775 1759 1830 quam

1877 1745 2160 1802 Chronicis
2187 1748 2444 1806 Richardi
2462 1755 2711 1809 monachi
2729 1731 3122 1826 Cluniacensis,
3154 1781 3172 1814 ι
3199 1771 3302 1817 etc.
3331 1761 3460 1818 Haec

166 1849 384 1904 Victori
433 1849 500 1904 Ill
552 1852 903 1921 nuncupavit,
935 1851 1029 1906 lib.
1078 1867 1140 1913 ιι.
1171 1866 1321 1905 num.
1373 1850 1459 1913 75,
1493 1849 1646 1919 plura
1698 1851 1766 1905 de

167 1941 395 1998 Conone
424 1958 566 2012 papa
591 1944 722 1997 citat
747 1960 811 1997 ea:
838 1941 1074 1996 Romano
1098 1940 1402 2014 Pontiﬁcali
1429 1958 1447 1996 :
1478 1942 1566 1996 ubi
1610 1941 1770 1996 Liber

164 2034 511 2090 Pontiﬁcalis
537 2043 760 2104 vocatur
781 2021 786 2035 ί
806 2016 1106 2098 Romanus,
1137 2034 1263 2102 quia
1290 2033 1344 2086 in
1395 2047 1458 2088 eo
1490 2031 1768 2087 Romano-

166 2144 290 2182 rum
332 2127 660 2196 pontiﬁcum
703 2135 824 2181 acta
854 2125 1220 2189 continentur,
1249 2140 1366 2194 quae
1416 2134 1595 2178 tamen
1629 2140 1767 2195 prae-

165 2218 315 2272 fatus
343 2217 644 2273 cardinalis
673 2217 788 2272 sine
813 2216 925 2270 ullo
956 2215 1197 2271 auctoris
1225 2216 1444 2270 nomine
1482 2216 1669 2281 refert,
1700 2231 1767 2270 eo

165 2308 309 2379 quod
333 2309 477 2363 liber
515 2308 602 2363 ille
633 2307 961 2376 temporibus
989 2309 1101 2362 suis
1124 2306 1252 2361 nulli
1288 2308 1495 2362 auctori
1527 2307 1764 2361 tributus

165 2412 334 2458 esset.
388 2402 538 2457 Idem
569 2409 786 2458 constat
820 2417 884 2456 ex
933 2400 1092 2454 lvone
1139 2400 1460 2456 Carnotensi
1512 2400 1767 2470 episcopo

163 2505 306 2564 part.
340 2509 419 2560 Iv,
454 2509 580 2565 cap.
609 2493 696 2558 79,
732 2495 822 2548 ubi
874 2494 1038 2548 habet
1065 2510 1083 2544 ι
1123 2492 1370 2562 Sergium
1397 2508 1614 2563 papam,
1645 2507 1767 2562 pro-

163 2596 287 2656 pter
336 2587 592 2656 quzedam
639 2586 868 2658 capitula
919 2598 1074 2640 extra
1121 2587 1284 2641 ritum
1335 2585 1762 2642 ecclesiasticum

162 2693 403 2742 annexa,
429 2693 538 2731 non
565 2677 951 2747 subscripsisse
979 2677 1204 2748 synodo,
1238 2693 1400 2748 quam
1424 2676 1762 2734 Justinianus

162 2771 469 2840 imperator
499 2769 555 2824 in
580 2769 726 2839 regia
758 2770 892 2824 urbe
925 2769 1238 2840 collegerat.
1279 2769 1354 2823 Ex
1378 2769 1542 2824 Libro
1570 2767 1762 2824 Ponti-
1822 2829 1824 2831 _

164 2859 337 2914 ticali.
386 2879 404 2910 ι
434 2860 509 2913 Ex
538 2875 656 2930 cap.
687 2859 754 2914 94
785 2878 797 2912 :
827 2859 890 2913 de
930 2860 1072 2913 libris
1114 2857 1312 2914 Gelasii
1340 2877 1403 2913 ex
1427 2859 1582 2913 Libro
1606 2857 1758 2912 Pon-

167 2950 386 3018 ti/icali.
419 2949 498 3004 Ex
543 2966 661 3020 cap.
705 2951 826 3004 124.
881 2950 1014 3004 Item
1049 2951 1114 3004 de
1152 2950 1546 3019 conﬁrmatione
1599 2959 1763 3006 sextte

163 3043 381 3111 synodi,
409 3058 474 3096 ex
503 3040 659 3094 Libro
707 3040 1031 3110 Pontiﬁcali.
1075 3041 1219 3096 Idem
1243 3041 1399 3111 plane
1425 3040 1758 3095 Romualdus

166 3133 552 3187 Salernitanus
576 3132 1013 3202 archiepiscopus
1044 3133 1096 3186 in
1127 3131 1362 3187 Historia
1400 3149 1499 3188 ms.
1533 3133 1762 3188 Librum

166 3223 555 3279 Pontificalem
590 3224 674 3279 his
712 3225 889 3278 verbis
918 3225 1092 3278 citans
1124 3242 1136 3276 :
1173 3224 1270 3278 llic
1300 3225 1440 3278 idem
1487 3225 1620 3293 (Leo
1649 3225 1759 3296 IV),

161 3329 214 3369 ut
242 3319 298 3370 in
339 3315 656 3383 Ponti/icali
687 3316 897 3386 legitur,
929 3315 1197 3370 invidiose
1241 3331 1404 3386 super
1431 3316 1758 3385 quibusdam

164 3407 498 3462 criminibus
545 3407 792 3476 pulsatus
823 3408 1086 3476 synodum
1135 3408 1504 3475 congregavit,
1539 3416 1593 3462 et
1642 3421 1762 3462 sese

152 3500 475 3568 iuramento
501 3500 777 3553 innoxium
797 3499 1208 3553 demonstravit.
1236 3498 1433 3553 Eodem
1463 3498 1575 3552 fere
1599 3500 1759 3555 modo

167 3592 407 3646 intitulat
432 3591 636 3644 librum
667 3590 814 3644 illum
846 3573 1123 3644 Laborans
1155 3591 1464 3654 cardinalis,
1498 3592 1587 3659 qui
1617 3606 1760 3645 anno

162 3684 299 3740 “8‘2
342 3683 590 3752 scripsit,
654 3693 708 3736 ut
759 3699 821 3737 ex
877 3683 990 3752 ejus
1033 3682 1430 3752 compilatione,
1491 3700 1610 3754 qua:
1656 3700 1755 3739 ms.

160 3773 211 3828 in
228 3774 460 3828 archivo
477 3771 713 3827 basilica:
731 3772 785 3825 S.
805 3773 944 3826 Petri
962 3785 1292 3838 ass-erratur,
1315 3773 1442 3828 licet
1469 3775 1752 3844 colligere;

158 3877 308 3935 parte
337 3865 489 3919 enim
521 3880 580 3924 ιι,
612 3881 730 3932 cap.
770 3864 853 3929 10,
883 3873 936 3918 et
963 3875 1112 3934 parte
1147 3881 1220 3927 χι,
1257 3881 1376 3934 cap.
1411 3866 1464 3929 6,
1491 3865 1620 3918 citat
1648 3867 1749 3920 ab-

157 3958 329 4010 solute
352 3953 517 4009 Gesta
539 3953 882 4022 Pouti/icum,
913 3957 1222 4025 suilluinque
1243 3956 1455 4011 illorum
1479 3967 1752 4027 gestorum

158 4061 442 4105 auctorem
497 4049 718 4103 indicat.
775 4048 866 4103 His
911 4051 1121 4103 accedit
1166 4050 1474 4105 Bernardus
1515 4050 1749 4120 primum

155 4134 444 4212 Papiensis
494 4142 834 4211 praepositus,
867 4151 1053 4212 postea
1084 4142 1414 4197 Faventinus
1464 4142 1752 4212 episc0pus

155 4235 214 4290 in
237 4233 576 4288 Collectione
602 4232 976 4296 Decretalimn,
1009 4249 1170 4302 quam
1200 4232 1466 4287 Antonius
1493 4232 1752 4303 Augusti-

154 4344 260 4382 nus
309 4326 748 4380 Tarraconensis
797 4326 1255 4396 archiepiscopus,
1306 4326 1447 4380 inter
1493 4326 1748 4394 antiquas

1789 3090 1836 3155 C

1874 1837 2141 1894 Martinus
2169 1840 2428 1907 Polonus,
2461 1846 2551 1914 qui
2587 1845 2773 1902 nullibi
2803 1848 3074 1904 Anastasii
3104 1851 3464 1909 Bibliotheca-

1875 1931 1940 1985 rii
1969 1933 2236 1997 meminit,
2272 1933 2399 1989 licet
2417 1951 2607 1991 omnes
2632 1949 2916 1995 enumeret
2937 1956 3073 2011 quos
3105 1936 3171 1998 de
3197 1943 3458 2002 Romanis

1873 2025 2218 2095 pontiﬁcibus
2250 2029 2472 2100 legerat,
2497 2039 2551 2086 et
2584 2033 2726 2086 inter
2762 2033 2881 2088 illos
2911 2035 3205 2091 Damasum
3259 2053 3454 2108 papam

1872 2118 2181 2186 ponendum
2213 2115 2352 2175 esse
2380 2122 2727 2178 existimarit.
2773 2123 2976 2180 Eodem
3027 2128 3187 2182 modo
3227 2127 3461 2184 Jacobus
3553 2137 3557 2140 '

1874 2208 2053 2265 Zenus
2082 2211 2369 2281 episcopus
2399 2211 2695 2268 Patavinus
2725 2214 2779 2268 in
2820 2215 2957 2270 libro
3003 2217 3070 2272 de
3099 2217 3238 2274 Vitis
3281 2218 3460 2289 ponti—

1871 2304 2054 2369 ticum,
2088 2305 2322 2360 nondum
2361 2306 2502 2378 typis
2530 2308 2832 2378 descripto,
2868 2309 3033 2364 habet
3079 2309 3297 2379 quidem
3349 2309 3458 2363 Da-

1870 2410 2082 2450 masum
2112 2411 2307 2464 papam
2338 2413 2438 2465 pro
2462 2407 2688 2454 auctore
2717 2399 2914 2468 prioris
2942 2399 3116 2469 partis
3138 2399 3285 2454 Libri
3313 2400 3457 2456 Pon-

1871 2485 2121 2551 tiﬁcalis,
2149 2488 2246 2542 sed
2299 2505 2638 2560 nequaquam
2692 2490 3040 2546 Auastasium
3084 2491 3452 2548 Bibliotheca-

1869 2574 2010 2629 rium
2037 2577 2354 2645 posterioris
2379 2579 2552 2648 partis
2593 2589 2873 2635 auctorem
2905 2583 3191 2652 agnoscit;
3224 2591 3283 2638 ut
3307 2582 3456 2639 enim

1870 2664 2104 2720 Felicem
2127 2669 2422 2723 secundum
2439 2684 2625 2724 verum
2649 2670 2958 2740 pontiﬁcem
2984 2671 3155 2729 fuisse
3181 2673 3452 2742 ostendat,

1869 2756 2088 2813 Damasi
2145 2760 2471 2816 auctoritate
2515 2761 2569 2815 id
2618 2761 2674 2815 in
2729 2762 2922 2831 primis
2967 2763 3288 2834 comprobat
3327 2763 3454 2835 (a):

1875 2871 1892 2903 ι
1926 2852 2179 2919 Damaso,
2214 2854 2388 2924 inquit
2409 2894 2423 2918 ,
2455 2855 2520 2909 de
2551 2857 2988 2912 antecessoribus
3027 2857 3140 2912 suis
3192 2854 3455 2914 Romanis

1867 2944 2234 3012 pontificibus,
2261 2954 2316 3000 et
2347 2945 2434 3001 his
2462 2946 2802 3015 potissimum
2835 2947 2928 3018 qui
2961 2963 3027 3003 eo
3063 2957 3255 3020 agente
3284 2950 3452 3007 vitam

1868 3036 2224 3106 praefuerunt,
2251 3037 2384 3093 fides
2426 3039 2758 3108 probabilior
2787 3039 3090 3097 adhibenda
3127 3041 3360 3096 videtur.
3394 3042 3450 3096 Si

1871 3130 2015 3184 enim
2051 3128 2313 3185 Damasus
2341 3129 2454 3200 ipse
2484 3129 2642 3198 hujus
2670 3130 2918 3186 conditor
2949 3131 3128 3202 operis
3155 3129 3278 3196 fuit,
3307 3131 3451 3202 quod

1869 3222 2108 3294 epistolae
2134 3224 2286 3276 initio
2308 3223 2488 3294 operis
2512 3224 2629 3279 sitae
2653 3225 3036 3293 praeseferunt,
3063 3225 3185 3294 quis
3206 3223 3452 3279 dubitare

1869 3315 2084 3384 poterit,
2119 3315 2322 3370 certius
2355 3315 2591 3371 tenuisse
2641 3316 2814 3383 illum,
2842 3317 2934 3387 qui
2964 3317 3184 3372 maximi
3232 3319 3449 3389 pontifi-

1867 3421 1959 3460 ces
1983 3421 2080 3475 per
2106 3423 2203 3460 sua
2238 3418 2480 3477 tempora
2509 3407 2876 3479 praefuerunt?
2909 3428 2925 3460 ι
2958 3407 3026 3463 Ει
3070 3409 3184 3464 lucc
3230 3411 3448 3479 quidem

1866 3496 2045 3552 Zenus
2075 3497 2366 3553 Patavinas
2388 3499 2453 3554 de
2495 3500 2659 3570 priori
2691 3499 2838 3554 Libri
2862 3499 3197 3556 Pontilicalis
3239 3510 3394 3570 parte
3417 3515 3449 3555 a

1864 3589 2024 3644 Petro
2045 3591 2289 3660 apostolo
2315 3592 2380 3646 ad
2414 3593 2626 3648 Damasi
2656 3593 3050 3663 pontiﬁcatum,
3080 3595 3149 3651 ob
3177 3595 3310 3649 duas
3335 3595 3449 3664 epi-

1863 3680 2031 3735 stolas
2059 3696 2195 3750 quas
2222 3683 2557 3736 ostendimus
2582 3684 2950 3752 supposititias
2976 3701 3114 3740 esse.
3143 3686 3447 3741 Audiamus

1863 3787 2006 3826 nunc
2059 3773 2186 3841 quid
2218 3775 2361 3828 dicat
2387 3777 2450 3828 de
2485 3775 2616 3829 Vitis
2644 3776 2958 3844 pontiﬁcum
3009 3777 3100 3846 qui
3151 3777 3443 3832 Damasum

1859 3879 2054 3933 papam
2075 3865 2350 3918 subsecuti
2379 3874 2519 3918 sunt.
2552 3865 2626 3918 lla
2656 3866 2800 3920 enim
2833 3867 2995 3921 habet
3024 3867 3089 3922 ad
3114 3865 3274 3922 finem
3310 3867 3444 3922 Vita:

1859 3955 2054 4010 Felicis
2101 3957 2321 4010 secundi
2354 3974 2366 4008 :
2403 3975 2420 4006 ι
2458 3958 2776 4027 Quanquam
2828 3959 2973 4014 enim
3025 3968 3100 4014 tot
3148 3959 3442 4030 scriptores

1859 4046 1950 4098 alii
1980 4044 2214 4110 fuerunt,
2242 4045 2332 4116 qui
2379 4053 2500 4114 post
2528 4047 2842 4110 Damasum,
2872 4048 3212 4116 sequentium
3263 4047 3440 4117 potiti-

1858 4137 2021 4192 ﬁcum
2071 4148 2220 4208 gesta
2255 4139 2488 4208 adjicere
2537 4139 2717 4193 conati
2767 4148 2915 4202 sunt,
2949 4147 3131 4193 tamen
3184 4142 3442 4208 quoniam

1854 4231 2177 4301 scriptorum
2203 4233 2442 4302 ipsorum
2468 4233 2758 4288 obscurum
2787 4241 2871 4286 cst
2911 4246 3130 4298 nomen,
3162 4241 3440 4289 auctores-

1856 4337 1960 4391 que
1987 4323 2276 4378 admodum
2308 4323 2524 4386 incerti,
2561 4323 2796 4378 iucultus
2823 4339 2974 4390 vero,
3000 4332 3055 4378 et
3078 4324 3434 4394 perhorridus

153 4421 526 4476 Decretalium
576 4418 932 4474 Collectiones
990 4419 1166 4489 primo
1218 4417 1335 4472 loco
1366 4417 1532 4472 edidit
1564 4437 1576 4470 :
1609 4417 1747 4471 libro
1773 4453 1828 4515 Β
1855 4429 2055 4479 sermo,
2102 4413 2402 4469 barbariem
2434 4413 2703 4478 redoleas,
2730 4415 2900 4484 magis
2934 4430 3032 4469 nec
3059 4415 3228 4469 multo
3257 4415 3432 4486 profe-

153 4528 396 4581 namque
455 4511 651 4575 tertio,
685 4510 836 4565 titulo
879 4509 932 4575 4,
969 4527 1089 4580 cap.
1122 4511 1176 4575 2,
1206 4511 1365 4564 habet
1398 4529 1410 4563 :
1447 4509 1530 4562 Ea:
1576 4510 1746 4563 Gestis

157 4603 528 4658 Romanorum
568 4601 894 4672 pontiﬁcum.
923 4601 1024 4656 Leo
1059 4601 1174 4665 Ill,
1209 4601 1416 4655 natione
1456 4600 1744 4668 Romanus,

155 4696 384 4750 concilio
414 4693 655 4750 Lotlturii
697 4706 743 4748 et
788 4694 1037 4749 Ludovici
1086 4695 1482 4762 imperatorum,
1510 4705 1745 4748 sanctam

153 4795 203 4838 et
241 4785 590 4838 eerrerabilem
620 4799 801 4838 Lxxvu
829 4787 1188 4855 episcoporum
1218 4785 1270 4838 in
1303 4785 1519 4839 ecclesia
1536 4784 1601 4837 Β.
1639 4784 1744 4840 Pe-

149 4876 224 4929 tri
264 4878 531 4946 synodum
567 4880 938 4947 congregavit;
1003 4887 1059 4932 et
1087 4877 1178 4932 lib.
1215 4893 1264 4940 v,
1322 4879 1402 4931 tit.
1434 4878 1486 4938 5,
1513 4894 1630 4948 cap.
1664 4881 1738 4935 2:

154 4970 241 5023 Ea:
253 4971 416 5039 gestis
442 4969 799 5024 Romanorum
817 4972 1142 5040 pontiﬁcum.
1173 4971 1420 5042 Tempore
1442 4972 1737 5042 Zachariae,

155 5064 372 5116 natione
419 5061 612 5127 Gra'ci,
668 5065 900 5134 contigit,
945 5074 1085 5128 etc.;
1119 5075 1172 5118 et
1203 5066 1284 5118 tit.
1319 5065 1369 5128 7,
1402 5081 1516 5136 cap.
1554 5067 1604 5120 i.
1657 5065 1740 5122 Ea:

154 5155 313 5222 gestis
379 5151 739 5208 Romanorum
802 5155 1125 5224 pontiﬁcum.
1190 5155 1436 5225 Tempore
1488 5155 1739 5226 Stephani

149 5263 328 5316 papaz,
365 5246 579 5299 natione
637 5245 829 5308 Siculi,
882 5255 986 5300 etc.
1035 5246 1133 5301 L'bi
1165 5245 1326 5302 Gesta
1372 5248 1735 5302 Romanorum

147 5337 474 5409 pontificum
509 5338 766 5402 citantur,
798 5338 927 5391 nulli
955 5349 1132 5392 tamen
1163 5339 1368 5394 auctori
1399 5338 1735 5406 tribuuntur,

149 5431 302 5501 quod
330 5431 588 5485 nimirum
620 5431 725 5486 illis
760 5432 1089 5501 temporibus
1115 5432 1348 5486 nondum
1379 5431 1480 5486 sub
1515 5433 1738 5488 Anasta-

148 5527 216 5580 sii
249 5523 654 5580 Bibliothecarii
698 5527 914 5579 nomine
947 5526 1106 5580 Liber
1140 5525 1468 5581 Pontilicalis
1497 5525 1735 5583 circum-

149 5622 416 5682 ferretur,
447 5629 506 5673 ut
532 5617 646 5686 jam
676 5634 836 5688 supra
865 5619 1236 5674 indicavimus.

222 5735 309 5802 (α)
336 5733 396 5790 In
419 5735 605 5792 codice
630 5751 730 5790 ms.
765 5737 872 5791 bib.
898 5734 1192 5792 Vaticanac.

597 5831 865 5892 Pnuor.
914 5831 1226 5894 CXXVII.

1851 4513 1939 4560 cto
1965 4506 2120 4559 nobis
2152 4505 2269 4558 usui
2295 4514 2472 4570 erant,
2511 4525 2529 4556 ι
2565 4515 2671 4559 etc.
2722 4504 2797 4558 Ex
2846 4506 3040 4576 quibus
3091 4505 3437 4563 manifestum

1854 4599 1914 4652 fit
1936 4598 2140 4652 Zenum
2168 4597 2484 4652 Patavinum
2519 4598 2860 4653 existimasse
2886 4613 3073 4652 verum
3116 4614 3255 4665 esse,
3288 4600 3434 4668 quod

1851 4690 2186 4762 probandum
2230 4690 2565 4760 suscepimus
2593 4729 2607 4755 ,
2636 4704 2742 4743 non
2773 4689 2991 4758 quidem
3047 4689 3114 4744 ab
3142 4690 3432 4746 Anastasio

1849 4781 2266 4838 Bibliothecario
2292 4822 2307 4846 ,
2338 4790 2558 4836 auctore
2609 4781 2891 4836 notissimo
2914 4819 2928 4842 ,
2959 4779 3052 4834 sed
3107 4796 3135 4832 a
3186 4779 3432 4849 pluribus

1851 4877 2027 4947 iisque
2058 4877 2224 4948 ignoti
2255 4877 2486 4932 nominis
2521 4875 2853 4942 auctoribus,
2888 4873 3109 4929 Librum
3135 4871 3425 4929 Pontiﬁca-

1850 4969 1956 5025 lem
1987 4972 2340 5040 compositum
2371 4969 2551 5023 fuisse.

1921 5064 1972 5118 6.
2016 5047 2261 5119 Secunda
2299 5061 2438 5116 ratio
2483 5075 2586 5129 qua
2625 5067 2838 5115 constat
2878 5057 3098 5114 Libmm
3138 5058 3426 5115 Pontifica-

1847 5154 1951 5211 lem
1983 5155 2266 5210 Anastasio
2300 5147 2714 5206 Bibliothecario
2757 5151 3098 5206 tribuendum
3137 5166 3241 5205 non
3283 5164 3420 5214 esse,

1848 5248 2039 5302 nititur
2087 5245 2407 5301 auctoritate
2458 5243 2940 5313 manuscriptoruw
2998 5243 3265 5308 codicum,
3328 5243 3423 5312 qui

1844 5345 2164 5415 antiquitate
2207 5339 2477 5396 Anastasii
2526 5349 2740 5394 aetatem
2783 5347 3057 5410 superant.
3099 5338 3214 5406 Qua
3257 5336 3322 5392 de
3361 5349 3422 5391 re

1842 5438 2140 5496 audiendus
2175 5444 2257 5490 est
2287 5433 2564 5504 Philippus
2591 5431 2836 5489 Labbcus
2863 5431 3000 5488 libro
3028 5430 3094 5488 de
3123 5427 3417 5499 Seriptori-

1839 5531 1940 5587 bus
1967 5533 2018 5585 in
2050 5531 2304 5592 Damaso,
2334 5526 2424 5581 ubi
2454 5525 2684 5580 aflirmat
2721 5525 3069 5579 Auastasium
3108 5535 3211 5574 non
3260 5531 3418 5588 posse

1839 5641 1959 5682 esse
1981 5633 2255 5682 auctorem
2285 5621 2480 5694 prioris
2504 5619 2696 5692 partis.
2733 5637 2749 5670 ι
2777 5617 2932 5682 Cum,
2964 5614 3158 5686 inquit,
3190 5609 3415 5666 viderim

3015 5823 3056 5881 7
