3976 6312
109 319 242 379 205

783 308 1211 371 SCHELESTR.
1248 309 1565 370 DlSSERT.
1609 310 1698 368 DE
1737 306 1971 385 ANTIQ.
2015 316 2186 377 ROM.
2226 318 2432 376 PONT.
2474 319 2818 383 CATALOG.

3322 331 3429 390 206

113 410 503 486 compositum
533 406 732 474 fuisse,
761 406 1142 478 inquirendum
1169 415 1250 463 est
1278 406 1379 463 hoc
1409 406 1587 477 capite
1609 405 1732 476 qui-
1759 408 1808 469 Α
1838 407 1979 465 Vixit
2016 411 2160 468 enim
2191 411 2335 470 Beda
2364 413 2432 469 ab
2469 430 2611 471 anno
2637 417 2740 472 675
2764 403 2936 489 usque
2963 418 3032 476 ad
3060 433 3262 478 annum
3293 403 3420 491 ᾖε,

113 525 258 565 nam
304 506 380 560 illi
415 513 666 560 auctores
719 517 838 558 esse
879 503 1086 573 possint
1124 511 1176 556 et
1209 505 1550 571 quandonam
1595 502 1732 557 scri-

112 589 716 676 pserint?‘Notandum
761 605 938 650 autem
985 605 1068 651 est
1093 593 1314 650 Librum
1354 593 1734 650 Pontiﬁcalem

115 700 219 755 hic
252 706 406 753 recte
432 695 486 749 in
515 694 650 747 duas
677 701 858 763 partes
882 691 1071 756 dividi,
1093 691 1151 746 .in
1181 691 1415 762 priorem
1447 693 1732 758 nimirum,

118 805 249 859 quae
274 803 389 842 uno
417 785 560 858 stylo
592 784 660 840 ab
690 785 880 838 eodem
927 792 1146 837 auctore
1175 785 1483 855 conscripta
1523 783 1652 838 fuit:
1682 792 1737 840 et

118 881 520 952 posteriorem,
541 892 661 948 qua:
683 875 902 930 diverso
929 876 1069 947 stylo
1096 891 1122 928 a
1148 875 1395 944 pluribus
1422 875 1735 931 auctoribus

125 984 361 1029 exarata
394 972 629 1026 videtur.
667 969 742 1023 De
785 969 952 1038 priori
979 978 1152 1036 parte,
1186 983 1306 1037 qua:
1335 966 1487 1022 Vitas
1514 966 1734 1037 pontiﬁ-

122 1082 251 1120 cum
288 1077 402 1117 uno
434 1061 578 1134 style
616 1059 1011 1129 complectitur,
1054 1059 1284 1113 habetur
1322 1059 1554 1130 primum
1599 1069 1735 1114 tem-

121 1158 297 1229 poris,
351 1171 462 1226 quo
513 1153 820 1222 conscripta
870 1151 989 1212 fuit,
1040 1151 1299 1204 indicium
1346 1151 1398 1203 in
1449 1148 1570 1204 Vita
1607 1149 1738 1206 Leo-

126 1251 214 1305 nis
260 1247 324 1308 ll,
382 1245 436 1301 ir.
498 1261 599 1315 qua
653 1244 720 1298 de
776 1243 877 1297 hoc
929 1242 1184 1312 pontiﬁce
1241 1251 1531 1295 narratur:
1591 1241 1738 1296 «llic

127 1340 376 1410 suscepit
402 1347 646 1393 sanctam
672 1346 879 1390 sextam
906 1352 960 1405 Sy
973 1336 1193 1399 nodum,
1222 1350 1340 1404 qua:
1369 1351 1466 1404 per
1493 1335 1584 1390 Dei
1610 1351 1735 1406 pro-

126 1435 430 1490 videntiam
459 1447 634 1502 nuper
660 1431 712 1485 in
743 1429 888 1499 regia
917 1430 1050 1483 urbe
1088 1429 1358 1484 celebrata
1406 1439 1510 1484 est.
1541 1450 1559 1482 ι
1599 1429 1734 1485 Cum

129 1529 273 1583 enim
308 1536 506 1581 auctor
537 1532 766 1578 testetur
791 1539 962 1593 nuper
993 1522 1045 1576 in
1077 1520 1209 1577 urbe
1238 1521 1738 1594 Constantinopoli-

127 1628 258 1673 tana
297 1617 632 1672 celebratam
673 1614 860 1668 fuisset
891 1623 1098 1668 sextam
1132 1614 1415 1685 synodum,
1465 1614 1737 1669 celebrata

129 1720 316 1765 autem
364 1709 436 1762 sit
484 1717 638 1762 sexta
694 1706 932 1777 synodus
979 1707 1078 1758 sub
1122 1705 1423 1776 Agathone,
1456 1705 1652 1762 Leonis
1693 1705 1736 1761 11

125 1800 560 1871 prmdecessore,
590 1811 732 1849 anno
762 1795 887 1860 68l,
927 1806 1114 1850 auctor
1146 1796 1258 1851 haec
1281 1798 1522 1852 scribere
1549 1797 1736 1851 debuit

130 1912 234 1952 non
257 1893 456 1966 procul
487 1911 514 1945 a
547 1891 656 1947 ﬁne
683 1891 897 1962 septimi
941 1889 1116 1945 saeculi
1142 1909 1155 1956 ;
1206 1892 1339 1946 alias
1367 1892 1508 1946 enim
1546 1907 1734 1946 verum

129 2005 250 2046 esse
287 2002 399 2041 non
439 1994 618 2056 potest
644 1983 788 2055 quod
819 1983 973 2047 dixit,
1016 1999 1182 2052 nuper
1222 1983 1532 2036 celebratam
1575 1983 1736 2052 fuisse

132 2092 335 2136 sextam
383 2077 664 2148 synodum.
722 2075 1030 2130 Secundum
1081 2075 1339 2129 indicium
1395 2076 1626 2130 habetur
1683 2077 1734 2131 in

128 2171 252 2226 Vita
276 2171 522 2225 Cononis
550 2186 564 2233 ;
597 2169 669 2222 ibi
698 2168 842 2223 enim
878 2167 1075 2240 legitur
1104 2169 1168 2222 de
1208 2168 1325 2239 ejus
1364 2170 1736 2239 assumptione

131 2263 197 2318 ad
226 2261 630 2334 pontiﬁcatum,
660 2274 779 2329 qua:
806 2275 947 2312 anno
987 2259 1090 2314 686
1119 2261 1380 2330 contigit:
1418 2280 1435 2310 ‹
1463 2271 1515 2313 et
1541 2262 1738 2316 missos

131 2357 343 2428 pariter
369 2371 478 2407 una
521 2369 646 2408 cum
675 2351 888 2407 clericis
924 2362 977 2406 et
1007 2352 1204 2422 populo
1243 2353 1309 2405 ad
1349 2351 1737 2407 excellentissi-

128 2463 276 2504 mum
330 2446 683 2518 Theodorum
731 2444 1053 2509 exarchum,
1103 2453 1162 2497 ut
1216 2459 1332 2498 mos
1378 2452 1478 2510 cst,
1523 2445 1737 2499 direxe-

130 2551 277 2599 runt.
311 2561 330 2594 ι
369 2541 623 2596 Notanda
668 2549 793 2595 sunt
829 2542 942 2596 haec
990 2540 1180 2605 verba,
1220 2549 1276 2592 ut
1324 2556 1434 2592 mos
1477 2551 1583 2603 est;
1630 2555 1736 2594 non

129 2637 274 2692 enim
301 2637 444 2692 dixit
472 2645 687 2700 auctor,
716 2642 772 2689 ut
799 2634 958 2688 moris
988 2633 1111 2703 fuit,
1151 2632 1253 2697 vel,
1288 2645 1340 2686 ut
1366 2633 1481 2702 ﬁeri
1512 2633 1734 2698 solebat,

129 2731 225 2788 sed
265 2741 323 2785 ut
361 2747 477 2786 mos
522 2738 632 2794 est;
686 2726 999 2799 signiﬁcans
1040 2725 1145 2779 illis
1175 2724 1354 2780 verbis
1388 2726 1528 2780 hanc
1555 2724 1735 2780 Vitam

129 2823 509 2893 conscriptam
563 2821 732 2877 fuisse
777 2814 1174 2890 quo’tempore
1237 2817 1305 2871 ad
1358 2819 1622 2872 cxarchos
1671 2817 1737 2872 de

127 2919 414 2978 electione
454 2917 575 2972 novi
620 2913 891 2987 pontiﬁcis
928 2913 1287 2976 referebatur,
1327 2913 1567 2983 adeoque
1611 2920 1738 2966 tunc

128 3030 260 3072 cum
292 3011 518 3068 exarchi
546 3009 818 3066 Ravenna:
843 3019 1037 3070 erant:
1080 3007 1300 3062 fuerunt
1334 3017 1514 3062 autem
1537 3007 1738 3061 ducen-

1840 519 2072 576 cumque
2128 516 2250 577 post
2296 505 2540 579 Gregorii
2604 509 2824 565 secundi
2888 512 3282 581 pontiﬁcatum,
3335 520 3430 590 qui

1839 612 1980 651 anno
2033 597 2137 652 7M
2185 598 2369 670 coepit,
2419 608 2473 655 et
2521 614 2663 656 anno
2699 601 2797 656 751
2850 603 3034 672 desiit,
3086 601 3428 666 Venerabilis

1838 687 1979 745 Beda
2012 701 2288 761 superstes
2313 691 2495 757 fuerit,
2526 691 2747 748 Librum
2772 693 3141 752 Pontiﬁealem
3163 697 3351 756 videre
3369 709 3427 757 et

1839 782 2010 839 citare
2041 784 2230 856 potuit.
2265 782 2336 839 Ut
2363 784 2526 856 igitur
2554 793 2788 842 mentem
2818 801 2997 843 meam
3027 789 3093 844 de
3111 788 3261 848 Libri
3289 791 3432 850 Pon-

1841 879 2056 935 tiﬁcalis
2109 889 2372 950 tempore,
2417 895 2526 950 quo
2581 881 2817 950 primum
2875 882 2930 936 in
2973 881 3149 940 lucem
3199 886 3425 956 prodiit,
3469 883 3496 998 ἵ

1841 974 2024 998 ..-ηηξι-
2070 973 2340 998 -ὶ..-..1.......
2413 972 2728 998 Α-ΑΑΕΔΑ-ε-..
2773 981 2894 998 -..a..
2937 991 3133 998 ______.
3177 977 3281 998 "ei
3322 994 3390 998 ..μ

1839 974 2026 1042 paucis
2069 973 2366 1038 absolvam,
2410 972 2730 1028 crediderim
2773 981 2896 1029 ante
2937 991 3138 1032 annum
3177 977 3283 1034 7'52
3322 994 3426 1050 pu-

1838 1063 1966 1120 blici
2005 1065 2142 1136 juris
2192 1063 2412 1130 factum,
2453 1072 2507 1120 et
2559 1065 2687 1121 huic
2726 1066 3033 1123 collectioni
3075 1071 3429 1141 appendicem

1803 1145 2026 1227 postea
2084 1158 2150 1212 ab
2198 1157 2386 1212 eodem
2446 1164 2666 1213 auctore
2724 1159 3052 1229 adjunctam,
3109 1177 3228 1233 quae
3276 1162 3432 1221 Vitas

1839 1249 2088 1321 Gregorii
2128 1249 2172 1304 11
2221 1259 2277 1304 et
2313 1249 2555 1321 Gregorii
2607 1249 2675 1305 111
2732 1253 3216 1323 complectebatur.
3274 1255 3430 1324 Quod

1841 1343 2095 1399 ﬁrmatur
2129 1360 2196 1401 ex
2241 1346 2308 1400 iis
2350 1363 2472 1418 quae
2508 1349 2818 1403 observavit
2863 1348 3036 1406 Lucas
3081 1349 3431 1408 Holstenins:

1841 1452 1965 1492 cum
2012 1438 2155 1492 enim
2202 1454 2391 1494 omnes
2436 1441 2750 1510 pontiﬁcum
2790 1442 2943 1499 Vitas
2989 1441 3180 1501 seduiu
3223 1457 3436 1516 pervet-

1840 1531 2032 1593 visset,
2067 1532 2345 1588 adnotavit
2375 1542 2527 1604 gesta
2560 1535 2877 1605 pontiﬁcum
2919 1553 2946 1592 a
2982 1537 3145 1594 Petro
3187 1539 3433 1609 apostolo

1843 1640 2017 1695 usque
2091 1625 2158 1678 ad
2218 1624 2577 1691 Zachariam,
2619 1627 2864 1698 Gregorii
2918 1627 2981 1683 111
3042 1644 3431 1697 successorem,

1843 1714 2032 1769 eodem
2093 1715 2315 1770 omnino
2369 1717 2510 1788 stylo
2560 1717 2803 1788 adeoque
2853 1720 2920 1774 ab
2967 1722 3159 1778 eodem
3208 1732 3435 1778 auctore

1841 1808 2146 1878 conscripta
2212 1808 2399 1864 fuisse.
2489 1807 2831 1880 Superiorum
2882 1815 3188 1883 pontiﬁcum
3249 1814 3434 1884 Gesta,

1840 1901 2015 1971 inquit
2043 1901 2217 1956 Lucas
2241 1901 2552 1956 llolstenius
2583 1919 2634 1956 ιη
2664 1904 2805 1958 notis
2837 1904 2901 1957 ad
2929 1903 3107 1960 Vitam
3133 1905 3433 1976 Zachariae,

1839 1995 2078 2048 eumdem
2111 1994 2302 2064 stylum
2347 2004 2394 2048 et
2427 2005 2691 2046 auctorem
2729 1997 3093 2065 prwseferunt.
3117 1997 3281 2068 ldque
3308 2014 3432 2055 cum

1840 2105 1906 2144 ex
1961 2089 2192 2143 lectione
2247 2089 2414 2156 ipsius
2458 2087 2581 2141 libri
2642 2095 2857 2142 constet
2931 2088 3076 2144 nulla
3116 2091 3437 2161 probatione

1840 2180 1988 2251 indig
2010 2196 2080 2233 -re
2111 2180 2383 2234 existimo.

1910 2269 1963 2322 5.
2003 2269 2172 2337 Objici
2237 2281 2416 2326 tamen
2477 2281 2655 2342 potest
2711 2273 2839 2328 huic
2892 2285 3092 2330 nostra:
3155 2277 3438 2334 sententiae

1841 2364 2139 2416 auctoritas
2173 2361 2449 2418 llumberti
2485 2365 2777 2419 cardinalis
2819 2363 2995 2437 Sylvm
3024 2367 3301 2437 Candidze,
3343 2369 3438 2439 qui

1840 2455 1895 2508 in
1943 2455 2202 2524 epuseulo
2256 2466 2445 2510 contra
2493 2455 2734 2510 Nicetam
2779 2456 3324 2525 Pectoratum,-edito
3366 2460 3437 2517 ab

1841 2545 2074 2602 Henrico
2121 2547 2342 2603 Canisio
2385 2556 2530 2603 tomo
2563 2546 2629 2601 V'l
2678 2547 3036 2619 Antiquarum
3088 2549 3434 2620 Lectionum,

1840 2641 2030 2708 refert,
2084 2658 2112 2696 a
2157 2642 2346 2713 legatis
2387 2642 2685 2714 Agathonis
2729 2660 2884 2714 papae
2931 2646 2984 2698 in
3027 2655 3179 2700 sexta
3227 2647 3436 2719 synodo

1840 2731 2064 2786 citatum
2091 2730 2258 2787 fuisse
2293 2732 2470 2786 locum
2509 2747 2574 2787 ex
2609 2731 2788 2788 Gestis
2817 2734 3239 2802 pontiﬁcalibus,
3270 2738 3438 2792 adeo-

1841 2839 1945 2894 que
1994 2823 2216 2879 Librum
2262 2825 2633 2881 Pontiﬁcalem
2684 2828 3048 2898 conscriptum
3097 2829 3268 2887 fuisse
3312 2838 3439 2887 ante

1840 2923 2084 2985 tempora
2108 2914 2451 2973 Constantini
2480 2934 2653 2989 papae,
2682 2934 2805 2974 cum
2827 2920 3039 2991 Agatho
3066 2938 3164 2992 per
3192 2924 3437 2996 triginta,

1841 3010 2009 3066 ferme
2065 3026 2239 3067 annos
2292 3021 2418 3067 ante
2476 3012 2891 3068 Constantinum
2943 3014 3161 3071 obierit.
3236 3017 3438 3074 Verum

130 3107 202 3164 tis
242 3103 425 3161 ferme
449 3102 644 3167 annis;
687 3100 962 3172 Longinus
1011 3097 1155 3153 enim
1203 3099 1408 3168 primus
1445 3115 1474 3152 a
1524 3097 1738 3152 Justino
1765 3137 1810 3200 Ο
1843 3113 2132 3172 antequam
2183 3104 2310 3158 huic
2359 3102 2650 3172 objectioni
2698 3106 3078 3176 respondeam,
3131 3107 3280 3164 locus
3324 3111 3440 3181 ipse

131 3196 358 3252 leniore
387 3195 670 3250 institutus
695 3203 778 3248 est
805 3192 1076 3246 exarchus
1098 3206 1239 3245 anno
1265 3191 1392 3255 567,
1431 3198 1738 3260 postremus

133 3287 435 3359 Eutychius
467 3286 538 3340 ab
565 3283 851 3354 Aistulpho
878 3282 1362 3352 Longobardorum
1396 3296 1521 3350 rege
1552 3281 1738 3350 pulsus

133 3398 258 3438 ann.
302 3381 434 3436 752.
482 3379 635 3436 Unde
677 3395 741 3434 ex
790 3377 1048 3447 praedicto
1101 3376 1219 3430 loco
1263 3383 1412 3450 patet
1461 3383 1738 3430 auctorem

132 3478 261 3533 Vit:
291 3474 542 3531 Canonis
573 3473 816 3528 scribere
853 3470 1104 3526 debuisse
1136 3480 1262 3524 ante
1292 3469 1526 3522 medium
1561 3471 1737 3526 octavi

133 3570 338 3632 seculi,
371 3583 485 3639 quo
527 3565 754 3623 exarchi
790 3578 883 3618 seu
923 3562 1163 3634 praefecti
1216 3561 1556 3632 imperatoris
1592 3561 1734 3616 Con-

131 3658 600 3730 stantinopolitani
660 3659 712 3712 in
768 3655 915 3710 Italia
963 3669 1083 3709 esse
1131 3653 1444 3706 desierunt:
1499 3654 1736 3709 scribere

133 3765 310 3812 autem
373 3750 623 3824 potuisse
676 3750 819 3804 circa
872 3747 1049 3801 octavi
1105 3746 1283 3801 saeculi
1338 3746 1572 3812 initium,
1628 3762 1734 3816 quo

131 3849 408 3905 Ravennae
449 3843 690 3901 nondum
731 3842 918 3898 sedere
949 3840 1220 3895 desierant
1250 3840 1489 3903 exarchi,
1513 3839 1578 3893 ad
1601 3854 1736 3910 quos

134 3950 199 4005 de
223 3949 499 4004 electione
549 3945 675 4002 novi
722 3942 992 4014 pontiﬁcis
1035 3940 1227 3998 referri
1290 3941 1518 4008 solebat,
1568 3950 1629 3996 ut
1667 3957 1734 3999 ex

131 4041 294 4099 Libro
318 4042 531 4096 Diurno
560 4045 794 4093 constat.

199 4133 254 4189 2.
300 4133 540 4189 Videtur
590 4131 774 4200 itaque
826 4128 988 4184 Liber
1025 4125 1356 4183 Pontiﬁcalis
1395 4127 1734 4198 conscriptus

131 4227 298 4284 fuisse
313 4231 454 4297 post
490 4232 719 4279 mortem
751 4220 1092 4278 Constantini
1123 4234 1296 4290 papae,
1336 4219 1425 4288 qui
1456 4234 1598 4274 anno
1630 4218 1736 4273 7M

131 4319 288 4385 obiit,
316 4318 486 4388 idque
525 4317 770 4370 ﬁrmatur
795 4313 1119 4370 auctoritate
1150 4312 1506 4383 manuscripti
1534 4313 1737 4369 codicis

129 4407 385 4467 Vaticani
437 4407 602 4473 5269,
651 4407 745 4478 qui
798 4406 924 4462 licet
979 4414 1102 4460 ante
1146 4404 1250 4460 500
1297 4405 1515 4461 circiter
1562 4421 1736 4461 annos

1844 3197 2274 3260 allcrendusest,
2302 3197 2391 3267 qui
2423 3197 2493 3252 ita
2518 3197 2682 3252 habet
2714 3199 2854 3269 apud
2880 3199 3159 3256 Canisium
3186 3219 3198 3254 :
3234 3222 3253 3255 ι
3286 3201 3441 3261 Tunc

1842 3288 2120 3357 piissimus
2173 3291 2427 3360 princeps
2486 3290 2879 3348 Constantinus
2930 3293 3288 3367 interrogavit
3345 3313 3440 3355 eos

1841 3381 2073 3449 qualiter
2108 3381 2351 3435 Romana
2398 3380 2639 3436 Ecclesia
2682 3384 2747 3437 de
2788 3383 3056 3440 sacriﬁcio
3101 3388 3346 3458 corporis
3383 3398 3442 3445 et

1841 3476 2121 3545 sanguinis
2152 3474 2214 3528 D.
2259 3476 2325 3529 N.
2361 3475 2490 3532 Jesu
2541 3475 2743 3532 Christi
2790 3480 3034 3535 ordinem
3078 3488 3306 3538 teneret.
3357 3483 3439 3542 Illi

1839 3567 2270 3637 reSpondernnt:
2318 3565 2377 3620 In
2420 3567 2588 3623 calice
2638 3567 2852 3623 Domini
2902 3585 3011 3626 non
3054 3571 3214 3628 debet
3261 3573 3438 3631 solum

1837 3657 2021 3714 olferri
2087 3659 2294 3724 vinum,
2356 3660 2451 3714 sed
2527 3676 2665 3732 aqua
2728 3662 3023 3718 mixtum.)
3084 3665 3154 3720 Et
3206 3677 3434 3738 postea:

1843 3771 1860 3802 ι
1891 3751 2106 3808 Oblatio
2146 3767 2275 3808 vero
2325 3769 2446 3824 qua:
2484 3755 2540 3809 in
2586 3755 2911 3812 sacriﬁcium
2955 3757 3140 3815 altaris
3186 3759 3435 3832 oﬁ‘ertur,

1838 3845 2042 3900 nullam
2096 3847 2531 3904 commistionem
2573 3858 2666 3903 aut
2717 3852 3121 3924 corruptionem
3179 3854 3438 3916 fermenti

1840 3936 1999 3991 debet
2030 3935 2251 4004 habere,
2282 3939 2424 3994 sicut
2465 3939 2622 3995 beata
2653 3941 2818 4013 Virgo
2846 3942 3013 3999 Maria
3043 3947 3245 4016 absque
3284 3948 3438 4006 omni

1836 4030 2185 4098 corruptione
2227 4029 2502 4086 Christum
2549 4035 2793 4104 concepit
2830 4045 2883 4090 et
2930 4038 3161 4108 peperit.
3202 4038 3341 4098 Hinc
3376 4041 3434 4099 in

1836 4120 2077 4178 Ecclesia
2117 4138 2234 4178 mos
2265 4123 2517 4188 obtinuit,
2546 4133 2606 4177 ut
2644 4125 2971 4182 sacriﬁcium
3017 4129 3208 4186 altaris
3237 4147 3346 4188 non
3377 4135 3436 4190 in

1838 4213 2014 4268 serico
2041 4221 2136 4268 aut
2173 4214 2227 4268 in
2256 4229 2434 4284 panno
2467 4214 2658 4281 tincto,
2695 4217 2787 4271 sed
2815 4217 2867 4272 in
2897 4218 3008 4275 lino
3041 4228 3256 4279 terreno
3283 4223 3432 4283 cele-

1835 4305 2044 4371 bretur,
2083 4304 2223 4360 sicut
2247 4319 2444 4374 corpus
2473 4305 2686 4361 Domini
2731 4307 2832 4363 fuit
2879 4309 2934 4365 in
2964 4310 3194 4370 sindone
3228 4315 3431 4373 munda

1839 4397 2134 4469 sepultum;
2168 4398 2244 4453 sic
2269 4407 2323 4452 et
2348 4397 2549 4453 oblatio
2577 4400 2776 4455 munda
2804 4398 2965 4458 debet
2993 4418 3114 4462 esse
3138 4420 3169 4460 a
3196 4405 3436 4466 fermen-

129 4511 396 4559 exaratus
445 4499 538 4565 sit,
584 4513 652 4554 ex
693 4499 1000 4570 antiquiore
1041 4509 1219 4553 tamen
1265 4497 1570 4567 descriptus
1606 4497 1728 4564 fuit,
1761 4513 1809 4572 ι)
1839 4489 2084 4561 to,jnxta
2108 4480 2945 4562 quaeinGeStispontiﬁcalibusa
2968 4495 3424 4572 beatoSylvestro

126 4604 319 4666 utpote
372 4593 567 4649 ﬁniens
614 4592 915 4664 catalogum
964 4592 1308 4663 pontiﬁcum,
1363 4607 1520 4662 quem
1567 4591 1731 4648 Libro

126 4686 441 4746 Pontiﬁcali
469 4686 752 4757 praaponit,
784 4685 835 4739 in
860 4684 1122 4757 Gregorio
1148 4685 1211 4750 ll,
1244 4685 1580 4740 Constantini
1603 4700 1728 4740 sue-

130 4796 378 4837 cessore.
429 4779 593 4835 Liber
631 4793 759 4834 vero
786 4778 1136 4846 Pontiﬁcalis,
1169 4780 1260 4850 qui
1299 4779 1638 4850 Catalogum,
1678 4779 1729 4834 in

131 4871 331 4928 codice
384 4869 752 4940 subsequitur,
809 4870 927 4926 fluit
986 4871 1070 4926 his
1123 4870 1353 4926 verbis:
1425 4869 1728 4942 Gregorius,

131 4968 353 5022 natione
375 4963 667 5030 Romanus,
695 4981 759 5020 ea:
795 4973 942 5035 patre
966 4965 1238 5032 Marcello,
1270 4965 1400 5020 sedit
1426 4982 1589 5020 annos
1617 4981 1730 5030 xvr,

131 5073 341 5113 menses
366 5072 445 5124 Ix,
472 5056 584 5112 dies
611 5073 688 5112 ιι.
718 5054 848 5110 Fuit
877 5067 1056 5112 autem
1090 5058 1404 5127 temporibus
1445 5057 1736 5124 Anastasii,

133 5148 446 5215 Theodosii,
490 5146 705 5214 Leonis,
750 5158 903 5221 atque
951 5149 1279 5204 Commmini
1343 5150 1735 5221 Augustorum;

132 5241 232 5297 ubi
266 5249 475 5296 tantum
503 5239 671 5297 refert
693 5249 902 5312 tempus
923 5243 1268 5312 pontiﬁcatus
1287 5244 1404 5297 sine
1433 5243 1554 5299 ullis
1577 5244 1733 5310 actis,

132 5349 208 5389 ex
241 5348 352 5403 quo
383 5332 656 5403 colligitur
691 5341 967 5390 auctorem
1001 5336 1216 5405 quidem
1249 5335 1530 5391 inchoasse
1556 5336 1734 5391 Vitam

132 5423 415 5496 Gregorii,
441 5425 537 5479 sed
566 5440 674 5480 non
707 5425 1024 5491 absolvisse,
1055 5429 1182 5481 dum
1211 5427 1375 5484 Liber
1404 5425 1735 5482 Pontiﬁcalis

133 5515 361 5588 prodiit.
393 5513 648 5571 Putarem
674 5517 836 5590 igitur
863 5527 985 5589 post
1008 5519 1212 5574 obitum
1240 5518 1578 5575 Constantini
1610 5534 1736 5588 pro-

135 5609 310 5663 diisse
337 5608 559 5664 Librum
596 5610 1002 5666 Pontiﬁcalem:
1050 5613 1193 5681 quod
1231 5613 1454 5666 omnino
1483 5611 1736 5668 convenit

136 5700 208 5756 iis
235 5716 356 5769 qua-
388 5717 552 5771 supra
591 5702 896 5758 notavimus
928 5703 992 5758 de
1021 5701 1324 5758 veucrabili
1359 5702 1521 5769 Beda,
1562 5718 1590 5757 a
1624 5719 1732 5773 quo

141 5793 390 5851 omnium
435 5795 613 5864 primo
643 5793 804 5851 Liber
837 5794 1168 5852 Pontiﬁcalis
1207 5797 1406 5854 citatus
1442 5797 1729 5868 reperitur.

1840 4583 2068 4654 legimus
2095 4591 2381 4638 statutum.
2413 4603 2432 4636 ι
2466 4583 2742 4640 Hactenus
2783 4586 2966 4659 legati,
2999 4598 3056 4644 et
3080 4606 3422 4664 prosequun-

1839 4686 1927 4731 tur
1955 4677 2091 4732 Acta
2117 4695 2131 4732 :
2169 4697 2187 4730 ‹
2216 4677 2368 4733 Tunc
2393 4677 2595 4748 placuit
2623 4681 2868 4750 piissimo
2896 4682 3128 4755 principi
3155 4685 3424 4743 Constan-

1842 4768 1954 4823 tino
2000 4770 2115 4824 haec
2159 4770 2379 4825 traditio
2421 4770 2730 4842 apostolica:
2772 4772 2936 4840 sedis,
2973 4792 2995 4828 ι
3044 4782 3150 4831 etc.
3202 4775 3422 4835 Partem

1841 4861 2000 4931 hujus
2047 4863 2147 4919 loci
2198 4863 2268 4920 ab
2321 4865 2426 4921 illis
2478 4866 2678 4933 verbis,
2726 4867 2848 4920 hinc
2909 4867 2966 4921 in
3021 4866 3260 4925 Ecclesia
3311 4887 3426 4928 mos

1840 4955 2084 5023 obtinuit,
2137 4971 2236 5027 pro
2299 4955 2422 5013 libri
2471 4956 2802 5013 Pontiﬁealis
2859 4956 3186 5028 antiquitate
3239 4959 3436 5020 citavit

1840 5048 2166 5105 Pearsonius
2218 5049 2274 5106 in
2315 5051 2570 5121 operibus
2612 5049 2936 5121 posthumis,
2991 5051 3208 5114 dissert.
3247 5068 3286 5120 ι,
3332 5055 3430 5126 qui

1840 5142 2146 5199 nullatenus
2185 5143 2567 5198 animadvertit
2603 5141 2762 5210 Acta,
2815 5156 2934 5213 quae
2975 5139 3306 5202 Humbertus
3343 5161 3431 5202 re-

1840 5234 1967 5302 fert,
1998 5237 2212 5307 penitus
2251 5237 2560 5308 apocrypha
2607 5250 2744 5301 esse,
2789 5244 2845 5293 et
2888 5238 2956 5293 ab
3007 5237 3188 5310 aliquo
3229 5238 3432 5296 Latino
3469 5225 3472 5228 ’

1841 5331 1982 5386 haud
2037 5331 2238 5385 dudum
2289 5339 2414 5386 ante
2459 5329 2746 5387 llumberti
2792 5341 3032 5402 tempora
3083 5331 3250 5389 fuisse
3294 5346 3423 5389 com

1840 5423 2002 5488 ﬁcta;
2035 5438 2140 5478 non
2167 5422 2309 5476 enim
2343 5423 2626 5494 reperitur,
2659 5423 2712 5479 in
2748 5432 2899 5481 sexta
2935 5424 3141 5497 synodo
3168 5424 3426 5495 praedicta

1839 5514 2092 5571 allocutio
2150 5514 2490 5572 Constantini
2555 5517 2918 5588 imperatoris,
2985 5518 3066 5574 vel
3125 5518 3426 5588 legatorum

1838 5609 1982 5663 sedis
2010 5609 2318 5678 apostolicae
2346 5610 2645 5682 responsio.
2678 5610 2784 5667 Sed
2826 5625 2926 5668 nec
2953 5610 3112 5682 legati
3141 5625 3207 5667 ex
3245 5610 3428 5669 Gestis

1838 5701 2237 5772 pontiﬁcalibus
2289 5703 2458 5760 citare
2513 5714 2826 5776 potuerunt,
2880 5720 2999 5776 quae
3051 5705 3105 5760 in
3161 5704 3267 5760 illis
3313 5719 3428 5764 non

1838 5799 2207 5868 reperiuntur,
2241 5798 2382 5859 sicut
2410 5813 2517 5856 non
2541 5800 2888 5872 reperiuntur
2912 5799 3050 5871 apud
3072 5797 3428 5857 Anastasius!
