3924 5382
518 332 627 390 207

1262 328 1355 386 AD
1388 330 1832 402 ANASTASIUM
1860 328 2370 427 PROLEGDMENA
2404 331 2580 391 EDlT.
2619 332 3045 393 ROM.-VATIC.

3675 334 3776 392 208

518 414 994 515 Bibliothecarium
1025 445 1080 501 in
1111 444 1412 516 Sylvestro,
1446 460 1621 517 neque
1649 448 1789 518 apud
1818 456 2095 504 auctorem
2198 444 2384 501 Romae
2404 445 2704 515 scripsisse,
2735 447 2882 517 quod
2911 463 2979 504 ex
2993 447 3169 520 gestis
3208 446 3261 503 in
3291 462 3620 520 unoquoque
3642 464 3776 519 pong

518 540 741 597 secundi
765 540 1003 613 Catalogi
1046 540 1101 595 in
1133 540 1343 606 eodem,
1368 539 1458 595 ubi
1499 542 1867 598 tantummodo
1897 543 2094 615 legitur

462 626 469 632 ’
520 635 665 705 quod
694 642 913 691 sanctus
941 633 1216 705 Sylvester
1244 636 1604 702 constituerit,
1638 656 1657 689 ‹
1684 647 1743 692 ut
1765 638 2091 694 sacriﬁcium

517 724 707 780 altaris
726 724 903 779 nonin
920 724 1117 790 serico,
1137 739 1311 795 neque
1334 726 1386 781 in
1413 741 1591 797 panno
1609 728 1774 783 tincto
1789 729 2092 785 celebrare-

514 828 622 883 tur,
672 819 775 874 nisi
812 826 1021 874 tantum
1068 819 1123 874 in
1148 820 1289 876 lineo
1306 837 1341 887 ;·
1366 828 1422 875 et
1469 821 1608 877 sicut
1642 836 1840 893 corpus
1878 821 2090 876 Domini

511 910 685 966 nostri
717 908 1076 975 JesuChristi
1118 910 1173 965 in
1213 911 1436 967 sindone
1480 910 1625 968 linea
1675 912 1942 982 sepultum
1985 919 2087 977 est,

512 1000 593 1057 sic
643 1001 807 1056 missa
833 999 1231 1067 fcelebraretur.
1261 1020 1280 1072 φ
1317 1000 1441 1058 Haec
1486 1010 1611 1058 sunt
1646 1004 1812 1079 verba
1852 1002 2091 1057 auctoris

514 1092 735 1147 secundi
762 1080 1023 1173 Catalogi,
1052 1093 1190 1163 apud
1232 1108 1393 1163 quem
1432 1092 1575 1148 nulla
1605 1093 2086 1170 similitudoinsti-

514 1185 684 1241 tuitur
721 1185 865 1242 inter
888 1185 1293 1256 conceptionem
1317 1184 1380 1240 B.
1411 1185 1596 1242 Mariae
1628 1184 1867 1257 Virginis
1887 1187 2091 1257 absque
2122 1260 2125 1265 ι

513 1277 662 1331 omni
706 1277 1071 1346 corruptione,
1111 1285 1167 1332 et
1209 1276 1539 1333 oblationem
1578 1277 1831 1334 sacriﬁcii
1887 1279 2091 1349 absque

512 1367 661 1423 omni
707 1366 1008 1434 fermento;
1066 1367 1309 1438 quinimo
1360 1367 1506 1423 nulla
1540 1367 1697 1439 plane
1742 1370 1943 1425 mentio
1975 1369 2087 1447 l'er-

510 1459 678 1527 menti
715 1459 1000 1535 reperitur,
1042 1460 1186 1530 quod
1224 1459 1450 1515 verbum
1497 1468 1688 1516 auctor
1710 1460 2089 1530 praedictorum

508 1555 767 1603 Actorum
835 1549 955 1606 loco
1004 1562 1072 1604 ex
1127 1549 1308 1605 Gestis
1358 1550 1757 1620 pontiﬁcalibus
1811 1552 2089 1625 desumpto
2138 1614 2141 1619 ,

510 1638 755 1710 adjunxit
791 1650 912 1710 post
953 1648 1198 1711 tempora
1235 1640 1506 1697 Anastasii
1548 1642 1971 1726 Bibliothecarii,
1998 1655 2085 1702 ut-

506 1738 633 1800 pote
680 1731 773 1801 qui
808 1730 1008 1813 ~ultima
1059 1732 1227 1811 verba
1279 1732 1353 1788 ita
1399 1733 1599 1817 refert;
1648 1754 1667 1787 ι
1700 1735 1852 1817 Sicut
1891 1752 2089 1808 corpus

2194 536 2340 593 tiﬁcc
2391 538 2702 594 memoratis
2751 546 2936 608 aperte
2982 539 3323 615 comprobari
3369 548 3572 610 poteSt.
3630 537 3779 595 Sicut

2193 647 2427 703 namque
2451 631 2518 688 de
2546 632 2768 689 secundi
2798 632 3038 705 Catalogi
3074 642 3295 690 auctore
3322 633 3675 689 ostendimus
3697 649 3781 689 ca-

2199 726 2250 796 pi
2263 710 2312 803 te
2338 724 2393 789 2,
2426 739 2551 780 eum
2585 741 2831 798 magnam
2857 725 3019 783 Urbis
3048 734 3102 783 et
3128 728 3241 798 agri
3273 726 3502 783 Romani
3533 727 3779 783 notitiam

2199 817 2479 881 habuisse,
2507 833 2695 875 omnes
2722 818 2883 875 Urbis
2915 821 3162 892 regiones
3188 830 3244 876 et
3270 821 3554 888 ecclesias,
3594 836 3780 895 cuine:

2198 911 2553 969 ecclesiarum
2577 914 2830 983 reliquias
2855 923 2912 971 et
2941 914 3123 971 titulos
3140 956 3157 983 ,
3184 931 3372 973 omnes
3405 916 3519 987 agri
3552 914 3777 972 Romani

2189 1002 2306 1069 vias
2324 1018 2618 1074 omnesque
2634 1005 2841 1059 viarum
2864 1005 3149 1082 distantias
3163 1015 3475 1077 perspectas
3488 1006 3774 1062 habuisse:

2190 1093 2273 1160 sic
2296 1103 2352 1149 et
2377 1094 2444 1150 ile
2462 1094 2610 1151 Libri
2631 1095 2965 1153 Pontiﬁealis
2988 1107 3210 1154 auctore
3232 1098 3522 1154 dicendum
3544 1099 3777 1166 videtur.

2189 1186 2316 1256 quia
2340 1202 2465 1243 eum
2490 1189 2671 1243 omnia
2718 1188 2807 1244 illa
2834 1179 2953 1244 loca.
2997 1191 3237 1261 apprime
3281 1192 3525 1255 novisse,
3559 1195 3645 1246 ex‘
3668 1192 3778 1261 ipso

2193 1275 2352 1332 Libro
2384 1277 2672 1350 colligitur.
2722 1279 2934 1349 Allegat
2985 1295 3367 1353 nonnunquam
3418 1283 3777 1339 instrumenta

2188 1371 2401 1442 publica
2434 1374 2489 1429 in
2523 1374 2744 1430 archivo
2777 1360 2921 1430 sedis
2951 1374 3259 1445 apostolicae
3284 1385 3592 1442 asservata,
3615 1384 3779 1446 utpa-

2189 1470 2267 1533 tet
2291 1478 2359 1518 ex
2381 1461 2503 1517 Vita
2530 1464 2728 1520 Leonis
2751 1466 3001 1531 secundi,
3030 1466 3122 1521 ubi
3150 1482 3316 1539 agens
3344 1470 3413 1523 de
3438 1467 3778 1523 ordinatione

2188 1551 2615 1610 Ravennatensis
2663 1554 3054 1626 archiepiscopi
3101 1557 3308 1622 scribit,
3354 1572 3452 1628 pro
3478 1555 3645 1627 pallio
3674 1572 3775 1611 non

2187 1642 2445 1719 solvendo
2480 1646 2681 1717 editum
2710 1648 3061 1701 constitutum
3099 1648 3236 1719 quod
3285 1648 3499 1702 archiva
3530 1646 3777 1704 Ecclesia

2187 1735 2497 1800 continetur.
2539 1735 2608 1792 Et
2645 1753 2710 1794 ex
2740 1738 2861 1793 Vita
2888 1737 3110 1793 Joannis
3146 1737 3212 1804 V,
3239 1738 3329 1809 qui
3377 1754 3527 1795 anno
3568 1738 3675 1794 685
3715 1740 3774 1794 ad

505 1817 721 1875 Domini
758 1808 931 1901 nostri
958 1818 1085 1897 Jesu
1116 1808 1317 1879 Christi
1350 1823 1403 1878 in
1434 1808 1658 1881 sindone
1694 1812 1858 1883 lintea
1887 1828 2087 1883 munda
2114 1813 2163 1876 Β
2188 1824 2559 1896 pontiﬁcatum
2590 1837 2897 1900 assumptus
2926 1837 3033 1895 est,
3062 1828 3153 1883 ubi
3180 1808 3484 1884 deNovelli
3513 1827 3775 1883 Sardiniae

504 1916 774 1987 sepultum
824 1924 928 1983 est,
971 1917 1051 1973 sic
1095 1917 1261 1974 missa
1305 1918 1733 1978 celebraretur.»
1777 1921 1877 1978 Ubi
1927 1938 2085 1979 nemo

505 2024 615 2064 non
644 2010 791 2066 videt
823 2012 940 2066 tunc
962 2009 1289 2081 signiﬁcare,
1316 2013 1460 2083 quod
1492 2014 1631 2069 sicut
1662 2029 1857 2084 corpus
1883 2015 2086 2072 Christi

505 2101 563 2156 in
608 2101 833 2156 sindone
853 2100 1038 2156 lintea
1074 2100 1341 2173 sepultum
1363 2112 1465 2169 est,
1489 2105 1587 2160 'sic
1610 2105 1936 2161 sacriﬁcium
1966 2122 2087 2162 cor-

502 2194 656 2263 poris
682 2192 884 2249 Christi
911 2193 966 2248 in
1006 2192 1171 2250 linteo
1199 2196 1401 2250 mundo
1429 2183 1732 2262 oﬁ‘erretur,
1763 2184 1882 2268 quae
1907 2206 2084 2255 tamen

503 2285 562 2342 in
602 2285 835 2341 alienum
864 2299 1083 2341 sensum
1110 2287 1320 2343 detorta
1354 2297 1501 2348 sunt.
1544 2296 1599 2344 et
1628 2289 1695 2342 ad
1734 2291 2084 2358 quaestionem

504 2378 574 2433 de
624 2360 889 2454 fermento
929 2377 1065 2432 inter
1103 2376 1323 2434 Graecos
1352 2366 1355 2369 ’
1381 2386 1435 2433 et
1482 2377 1701 2434 Latinos
1739 2388 1861 2449 post
1910 2380 2084 2437 Photii

503 2481 749 2551 tempora
789 2452 969 2526 ortam
1020 2470 1282 2526 translata
1326 2470 1412 2527 his
1440 2471 1655 2528 verbis:
1681 2473 1758 2526 sic
1795 2482 1843 2526 et
1888 2473 2081 2528 oblatio

502 2565 701 2620 munda
724 2564 867 2621 debet
890 2580 998 2619 esse
1021 2581 1053 2617 a
1081 2564 1353 2633 fermento.
1377 2564 1581 2619 Auctor
1605 2564 1769 2635 igitur
1789 2566 2081 2621 testimonii

502 2657 572 2713 ab
600 2656 896 2713 llumberto
931 2656 1203 2712 cardinale
1233 2657 1381 2712 allati
1413 2668 1533 2728 post
1555 2666 1729 2715 ortam
1761 2658 1901 2713 inter
1933 2657 2081 2714 Grac-
2124 2732 2127 2739 ν

501 2761 596 2801 cos
627 2754 681 2801 et
721 2745 943 2825 Latinos
980 2747 1046 2801 de
1076 2761 1212 2815 pane
1258 2763 1448 2818 azvmo
1492 2758 1547 2803 et
1589 2748 1911 2823 fermentata
1942 2764 2082 2819 qua:-

501 2838 733 2893 stionem
780 2836 934 2898 vixit,
978 2837 1112 2893 adeo
1152 2846 1209 2892 ut
1244 2837 1377 2893 nihil
1417 2837 1573 2908 plane
1622 2854 1720 2910 pro
1763 2838 2081 2909 antiquitate

499 2926 649 2981 Libri
674 2912 1006 2982 Pontiﬁcalis
1027 2940 1091 2979 ex
1126 2925 1243 2994 ejus
1273 2928 1448 2982 verbis
1476 2929 1635 2983 statui
1666 2929 1855 2999 possit.
1880 2927 2079 2983 Verum
2117 2996 2120 3001 ν

500 3016 726 3087 proinde
772 3008 876 3081 est,
932 3017 1075 3086 quod
1126 3013 1237 3085 jam
1289 3018 1680 3084 adnotavimus,
1727 3016 1923 3071 Bedam
1971 3018 2081 3087 pri-

500 3126 650 3165 mum
680 3110 870 3172 fuisse,
894 3102 1003 3180 'qui
1031 3124 1096 3163 ea
1118 3109 1323 3181 citavit,
1353 3123 1417 3164 eo
1447 3110 1587 3180 quod
1617 3111 1782 3180 ipsius
1822 3111 2076 3182 tempori-

499 3202 602 3257 bus
624 3204 788 3258 nam
811 3201 1142 3257 Pontiﬁcalis
1165 3202 1218 3256 in
1245 3201 1416 3257 lucem
1440 3185 1617 3256 cunas
1653 3201 1829 3256 fuerit.

572 3296 625 3349 4.
656 3294 789 3351 Cum
816 3295 977 3366 igitur
1005 3295 1071 3349 de
1093 3304 1333 3365 tempore
1354 3303 1562 3349 constet
1588 3310 1694 3364 quo
1714 3294 1872 3347 Liber
1898 3292 2080 3348 Ponti-

498 3385 671 3441 licalis
697 3385 931 3454 scriptus
962 3383 1083 3449 fuit,
1107 3394 1272 3439 restat
1300 3392 1357 3437 nt
1381 3385 1447 3439 de
1474 3392 1695 3440 auctore
1722 3385 2080 3455 iuquiramns,

499 3474 568 3530 de
606 3471 713 3545 quo
754 3462 1081 3530 Pearsbnius
1127 3475 1398 3530 dissertat.
1448 3490 1487 3539 ι,
1530 3490 1647 3544 cap.
1697 3474 1781 3537 12,
1831 3491 1974 3528 num.
2008 3475 2077 3529 8:

505 3587 524 3620 ι
570 3564 773 3641 Auctor
823 3560 1283 3640 ejus‘anonymus
1331 3575 1384 3620 et
1435 3568 1668 3622 incertus
1714 3568 1892 3622 surculi
1945 3554 2111 3621 sexti‘

503 3657 757 3730 scriptor,
788 3668 841 3712 et
880 3646 1054 3713 status
1082 3658 1365 3730 primitivm
1404 3659 1655 3717 Ecclesiae
1702 3660 1919 3732 ignarus
1960 3660 2078 3724 l'uit,

499 3748 643 3802 unde
689 3747 930 3818 pluribus
972 3732 1025 3802 et
1065 3747 1223 3802 [milis
1263 3750 1538 3803 erroribus
1589 3758 1784 3809 scatet,
1838 3750 2081 3819 ﬁctisque

498 3841 901 3897 narrationibus
920 3841 1107 3912 plenus
1125 3849 1226 3895 est.
1264 3860 1281 3891 ι
1313 3840 1435 3895 llzcc
1466 3841 1549 3895 vir
1576 3843 1817 3897 eruditus
1839 3842 2075 3911 quidem,

498 3933 594 3986 sed
631 3920 665 3985 ab
696 3932 949 4002 religione
992 3932 1255 3987 catholica
1303 3932 1529 3997 alienus,
1571 3934 1654 3987 cui
1704 3934 1926 4003 proinde
1971 3949 2076 3989 non

496 4022 673 4093 placet
715 4022 804 4078 illa
848 4024 1044 4079 rituum
1093 4032 1148 4078 et
1186 4025 1552 4079 doctrinarum
1605 4027 1915 4095 antiquitas,
1960 4043 2078 4096 quae

496 4112 741 4182 religioni
790 4104 1068 4168 cathblicae
1099 4115 1200 4169 hoc
1248 4115 1301 4169 in
1349 4115 1485 4171 libro
1511 4117 1762 4170 tribuitur
1798 4128 1851 4172 et
1885 4119 1950 4172 de
1973 4134 2077 4187 qua

496 4204 848 4271 sequentibus
880 4204 1148 4274 capitibus
1193 4220 1432 4274 agemus.
1475 4206 1829 4261 Revertamnr
1858 4208 2079 4277 proinde

497 4292 565 4346 ad
595 4282 1064 4357 Libri'auctorem,
1087 4309 1246 4363 quem
1274 4295 1413 4350 male
1439 4297 1615 4349 saeculi
1640 4298 1777 4350 sexti
1804 4306 2075 4352 auctorem

494 4380 651 4444 dixit,
687 4374 831 4436 recte
857 4374 1182 4453 anonymum
1204 4385 1434 4439 vocavit.
1465 4384 1580 4449 Non
1612 4389 1752 4439 enim
1785 4396 1956 4449 sexto,
1985 4388 2080 4442 sed

493 4472 727 4540 septimo
761 4471 955 4526 saeculo
997 4481 1185 4525 auctor
1208 4474 1355 4527 Libri
1387 4473 1715 4529 Pontiﬁealis
1755 4477 1905 4542 vixit,
1942 4478 2078 4532 inte-

493 4565 699 4630 greque
721 4560 918 4615 sacculo
944 4561 1212 4638 recentior
1243 4571 1326 4617 est
1355 4577 1515 4634 quam
1542 4563 1867 4620 Pearsonius
1894 4568 2072 4622 credi-

491 4654 612 4707 dit:
647 4667 946 4723 anonymus
989 4662 1166 4707 tamen
1213 4654 1333 4719 fuit,
1363 4655 1486 4724 quia
1527 4672 1719 4711 nomen
1773 4674 1929 4712 suum
1963 4660 2076 4728 ipse

489 4753 674 4799 tacere
713 4743 903 4824 voluit,
948 4742 1144 4812 aliique
1190 4744 1273 4824 vel
1323 4746 1634 4814 ignorarunt
1677 4748 1760 4802 vel
1804 4751 2076 4804 memoriae

486 4836 718 4903 prodere
741 4820 1061 4892 omiserunt.
1087 4820 1200 4892 Hoc
1231 4845 1407 4893 tamen
1432 4839 1564 4893 nihil
1582 4841 1820 4911 ejusdem
1850 4843 2075 4913 scripto-

489 4927 568 4980 ris
601 4928 908 4982 auctoritati
944 4927 1160 4983 oﬁicere
1190 4914 1418 4992 videtur,
1448 4918 1589 4983 cum
1612 4946 1711 5000 pro
1741 4946 1803 4987 ea
1847 4932 2075 4987 sulliciat

489 5016 633 5085 quod
659 5015 857 5083 locum,
890 5024 945 5072 et
969 5005 1200 5073 cilicium
1225 5033 1334 5089 quo
1369 5011 1584 5074 iuuetus
1608 5032 1709 5085 est,
1741 5037 2070 5077 commemo-

492 5105 649 5159 rarit.
693 5103 828 5158 Nam
869 5122 935 5160 ex
990 5108 1055 5162 iis
1088 5110 1329 5168 unisque
1375 5108 1535 5165 facile
1577 5111 1829 5168 colligere
1874 5116 2072 5168 poterit

2191 1916 2431 1986 episcopi
2469 1917 2809 1989 ordinatione
2855 1919 2967 1993 sedi
3011 1919 3333 1997 apostolicae,
3358 1920 3617 1991 restituta
3644 1918 3776 1974 allir-

2189 2015 2302 2062 mat
2332 2008 2353 2061 :'
2380 2006 2532 2072 Quod
2569 2009 2680 2087 ejus
2728 2010 3103 2083 chirographus
3147 2012 3355 2066 archiva
3392 1997 3655 2068 Ecclesia:
3692 2013 3777 2068 de-

2189 2107 2361 2154 tentus
2389 2109 2484 2154 est.
2524 2100 2606 2155 Ex
2646 2101 2841 2173 quibus
2866 2118 2972 2157 non
3002 2104 3227 2161 obscure
3251 2102 3428 2174 colligi
3449 2104 3672 2159 videtur
3691 2120 3775 2159 au-

2187 2198 2392 2246 ctorem
2418 2190 2587 2247 fuisse
2614 2192 2957 2249 bibliothecae
2994 2194 3282 2264 pontiﬁcis:
3323 2180 3673 2251 aut'archivo
3698 2211 3776 2252 se-

2188 2283 2272 2339 dis
2298 2284 2605 2354 apostolicte
2635 2285 2970 2355 praefectum,
2995 2286 3096 2342 nisi
3131 2287 3252 2357 quis
3281 2286 3463 2343 dicere
3493 2287 3630 2344 velit
3657 2302 3770 2343 eum

2187 2375 2253 2451 ad
2293 2375 2571 2430 archivum
2612 2387 2705 2432 aut
2748 2377 3130 2451 bibliothecam
3169 2378 3424 2434 habuisse
3467 2394 3766 2444 accessum,

2184 2464 2369 2535 sicque
2397 2480 2462 2520 ex
2492 2466 2710 2523 arcliivo
2745 2468 2941 2523 citasse
2969 2468 3111 2539 quod
3140 2469 3193 2525 iu
3219 2483 3284 2524 eo
3318 2471 3598 2526 asservari
3630 2471 3772 2528 vide-

2186 2563 2271 2610 rat
2299 2556 2379 2611 vel
2409 2542 2749 2637 cognoverat.

2254 2648 2307 2702 5.
2339 2653 2512 2718 Atque
2538 2638 3042 2719 hactenus‘quidem
3067 2641 3136 2707 de'
3154 2652 3239 2707 illa
3271 2652 3417 2707 Libri
3443 2652 3772 2712 Pontiﬁcali:

2181 2746 2357 2809 parte,
2388 2753 2506 2808 quae
2536 2739 2723 2794 eodem
2762 2740 2923 2813 stylo,
2973 2742 3040 2798 ab
3080 2743 3267 2797 eodem
3307 2722 3533 2815 auctore
3575 2745 3769 2817 scripta

2180 2828 2411 2893 videtur,
2446 2829 2810 2899 complectens
2848 2832 3130 2902 pontiﬁces
3155 2848 3185 2887 a
3214 2832 3375 2889 Petro
3399 2835 3654 2905 apostolo
3685 2852 3766 2890 us-

2181 2936 2285 2990 que
2311 2921 2379 2975 ad
2407 2920 2728 2993 Gregorium
2762 2922 2846 2977 Ill.
2876 2921 3032 3005 ‘Nunc
3069 2925 3135 2978 de
3165 2924 3333 2980 altera
3365 2933 3521 2995 parte
3567 2926 3768 2997 praefati

2180 3010 2302 3067 libri
2335 3015 2623 3083 agendum,
2654 3029 2773 3084 quae
2795 3015 3009 3071 diverso
3040 3016 3179 3088 stylo
3206 3024 3427 3071 exarata
3464 3028 3573 3081 est,
3605 3027 3661 3073 et
3686 3019 3766 3073 in-

2183 3103 2313 3172 cipit
2336 3119 2459 3158 cum
2489 3105 2610 3159 Vita
2650 3103 2948 3173 Zachariae,
2973 3107 3064 3176 qui
3104 3122 3244 3162 anno
3291 3105 3395 3160 742
3418 3106 3688 3178 Gregorio
3711 3108 3767 3164 ll!

2182 3195 2461 3259 successit,
2493 3195 2559 3250 de
2601 3197 2754 3266 cujus
2781 3197 2948 3266 gestis
2986 3192 3203 3277 censuit
3238 3196 3412 3253 Lucas
3454 3192 3765 3254 HolStenius

2182 3289 2235 3344 in
2269 3304 2398 3343 mss.
2444 3275 2561 3344 suis.
2584 3290 3016 3345 adnotatioziibus
3041 3275 3107 3344 ;⁷«
3142 3291 3259 3345 Vita
3296 3290 3572 3346 Zachariae
3604 3307 3754 3363 pape

2183 3382 2319 3453 ston
2362 3398 2466 3435 non
2519 3382 2651 3436 nihil
2699 3383 2911 3452 puriore
2942 3392 2999 3437 et
3038 3398 3266 3438 nervoso
3314 3400 3339 3438 s
3376 3383 3514 3451 ripta
3563 3396 3671 3446 est,
3717 3395 3767 3440 et

2185 3482 2293 3527 tota
2345 3472 2587 3528 historia.
2630 3492 2647 3525 ι
2680 3470 2831 3539 Quod
2872 3472 3125 3528 nimirum
3176 3473 3288 3528 haec
3332 3471 3449 3527 Vita
3491 3475 3767 3528 contineat

2185 3576 2351 3618 ictam
2381 3563 2722 3640 pontiﬁcatus
2748 3564 3028 3619 historiam
3076 3574 3129 3619 et
3158 3554 3347 3620 auctor
3369 3564 3617 3619 diversus
3647 3580 3767 3620 eam

2181 3656 2343 3712 Libro
2370 3654 2668 3710 Pontiﬁcali
2696 3657 2973 3727 ailjecerit,
3019 3674 3046 3710 a
3077 3674 3184 3727 quo
3209 3657 3347 3729 stylo
3392 3657 3641 3712 nonnihil
3682 3674 3771 3728 pu.

2182 3749 2326 3803 riore
2354 3746 2569 3822 dill‘erre
2599 3749 2824 3803 viietnr.
2860 3748 2977 3803 Dixi
3025 3750 3279 3808 nonnihil.
3309 3750 3432 3818 quia
3473 3751 3526 3804 in
3577 3750 3768 3819 pleris-

2180 3856 2284 3911 que
2308 3840 2524 3911 quidem
2550 3840 2681 3895 locis
2710 3841 2760 3894 Η
2799 3841 2973 3896 locum
3003 3842 3184 3896 habet.
3217 3842 3268 3896 in
3296 3842 3624 3897 aliis'tamen
3657 3853 3771 3914 sty-

2180 3928 2264 3985 lus
2283 3932 2526 3996 abiectus
2547 3939 2602 3984 et
2623 3931 2743 3984 vilis
2765 3932 2994 3995 videtur,
3016 3928 3167 3986 utiin
3192 3935 3558 4002 sequentibus,
3579 3950 3767 4004 quanio

2177 4024 2259 4078 vis
2284 4033 2337 4078 et
2363 4024 2448 4077 illa
2479 4024 2679 4092 puriori
2714 4025 2851 4096 stylo
2880 4027 3190 4095 conscripta
3221 4026 3357 4081 sint:
3388 4026 3539 4080 Nulli
3564 4028 3768 4081 mixtum

2178 4134 2271 4188 pro
2298 4118 2437 4171 malo
2482 4106 2743 4179 reddeusp
2769 4134 2931 4189 neque
2957 4118 3234 4172 uindictam
3275 4119 3561 4172 secundum
3606 4121 3767 4175 meri—

2180 4217 2289 4262 tum
2315 4209 2565 4268 tribuens,
2599 4209 2689 4261 sed
2713 4210 2828 4277 pius
2867 4225 2929 4261 ac
2961 4209 3255 4263 misericors
3297 4226 3328 4262 a
3364 4218 3595 4277 tempore
3623 4208 3769 4263 ordi-

2181 4302 2408 4354 nationis
2440 4317 2550 4354 sua:
2574 4301 2814 4355 omnibus
2854 4299 3045 4369 factus,
3079 4310 3186 4354 etc.
3224 4299 3424 4356 Caetera
3455 4298 3768 4358 barbariem

2182 4389 2336 4447 istius
2363 4390 2536 4444 aetatis
2569 4386 2826 4459 Sapiunt':
2867 4389 3118 4460 Egressus
3160 4407 3224 4445 ex
3266 4391 3368 4446 hac
3410 4389 3648 4446 Routana
3696 4410 3772 4448 ct-

2183 4481 2357 4545 vitate,
2389 4496 2505 4533 cum
2535 4480 2887 4534 sacerdotibus
2926 4491 2974 4534 et
3011 4481 3149 4535 clero
3178 4483 3400 4551 perrexit
3446 4481 3772 4550 ﬁduciai'iter

2181 4581 2229 4625 et
2253 4572 2503 4624 audacter
2529 4572 2596 4623 ad
2622 4572 2998 4641 ambulandum
3027 4573 3082 4626 in
3108 4571 3278 4626 locum
3307 4572 3768 4631 luterannensittm

2184 4660 2374 4725 Urbis;
2398 4672 2453 4717 et
2476 4661 2611 4716 infra
2640 4681 2652 4715 :
2680 4662 2843 4716 Esum
2871 4664 3204 4731 sumpsit..."
3236 4664 3492 4719 convincit
3633 4682 3771 4735 pra:-

2178 4752 2490 4821 peditionem
2522 4752 2818 4824 nitebantur
2842 4753 3081 4821 facere...
3111 4752 3211 4807 sibi
3240 4754 3610 4819 redonarct....
3648 4771 3768 4809 eum

2181 4842 2530 4911 reperiendum
2566 4842 2872 4899 absolvit....
2909 4844 2963 4895 in
2996 4858 3098 4913 quo
3139 4853 3193 4909 et,
3229 4860 3379 4897 suam
3417 4844 3564 4912 ﬁniri
3606 4848 3767 4899 vitam

2169 4930 2295 5001 jure
2335 4931 2597 4999 professus
2634 4942 2707 4985 est
2741 4931 2995 5001 jurando.
3044 4932 3166 4988 ﬂare
3204 4933 3256 4987 in
3295 4930 3414 4986 Vita
3461 4933 3761 5000 Zacharim,

2178 5040 2296 5094 quae
2322 5034 2496 5080 tamen
2529 5024 2714 5080 Romae
2738 5027 2934 5095 scripta
2962 5037 3106 5091 sunt,
3139 5037 3199 5081 ut
3228 5035 3373 5096 patet
3400 5043 3468 5082 ex
3511 5029 3635 5099 loco
3654 5029 3764 5099 jam

2177 5116 2363 5168 citato.
2385 5117 2474 5168 tibi
2498 5126 2685 5168 auctor
2706 5118 2830 5168 dicit
2856 5134 2870 5168 :
2894 5135 2958 5168 ea:
2986 5120 3082 5168 hac
3116 5118 3347 5168 Romam
3375 5122 3591 5168 εἰυὶηιηε
3664 5124 3766 5168 illi:
