3924 5382
118 180 232 252 209

772 177 1195 254 SCHELESTR:
1237 193 1552 253 DISSERT.
1597 193 1684 252 DE
1717 193 1953 266 ANTIQ.
1992 193 2158 252 ROM.
2203 192 2403 253 PONT.
2443 191 2787 276 CATALOG.

3296 189 3404 250 210

119 309 246 362 chio
305 305 734 364 sacratissimum
789 309 931 364 beati
985 308 1203 380 Georgii
1264 311 1520 381 martyris
1571 309 1712 364 idem
1740 313 1791 374 Α
1819 318 1942 364 sunt
1989 310 2054 364 de
2099 309 2305 380 synodo
2349 309 2446 365 sub
2495 305 2850 362 Constantino
2891 302 3233 378 Coprouymo
3265 322 3408 364 anno

117 399 502 452 sanctissimus
547 412 686 468 papa
732 415 785 453 ιιι
817 414 979 470 capsa
1011 400 1349 455 reconditum
1399 401 1595 470 reperit
1625 416 1719 455 ca-

115 500 333 560 put.....
379 491 438 545 Ιιι
471 479 768 546 venerabili
813 493 1058 547 diaconia
1103 492 1220 561 ejus
1265 494 1499 549 nominis
1529 494 1630 548 sita
1664 493 1717 548 in

118 583 222 635 hac
253 585 498 638 Romana
523 584 746 641 civitate
783 587 1001 657 regione
1037 587 1271 643 secunda
1304 589 1371 642 ad
1401 587 1587 642 Velum
1619 602 1718 641 au-

117 689 272 729 reum
310 676 440 730 illud
477 677 669 733 deduci
707 678 852 733 fecit.
884 699 902 730 ι
941 679 1146 746 Quibus
1172 681 1421 734 munibus
1460 679 1592 736 locis
1620 695 1719 734 au-

117 777 235 820 ctor
286 767 592 822 Romanam
638 772 828 824 urbem
875 785 993 824 eam
1043 787 1162 826 esse
1211 773 1476 840 signiﬁcat
1516 772 1568 826 iu
1611 786 1718 841 qua

115 868 440 928 pnesenteui
476 859 658 914 Vitam
687 861 924 930 scripsit,
964 862 1052 917 tibi
1097 872 1151 917 et
1181 864 1370 918 eodem
1413 863 1552 933 stylo
1581 863 1718 917 scri-

116 952 223 1018 psit
255 951 439 1005 Vitam
481 951 744 1021 Stephani
777 952 861 1016 Ill,
889 955 978 1022 qui
1012 953 1286 1008 Zacharia:
1325 956 1604 1018 successit,
1635 964 1721 1010 ut-

118 1053 240 1111 pote
261 1043 330 1096 de
349 1057 457 1111 quo
495 1042 730 1097 aﬂirmat
754 1045 894 1112 quod
929 1046 1250 1099 restauravit
1281 1057 1508 1116 quatuor
1535 1047 1591 1098 in
1621 1047 1720 1099 hac

119 1131 355 1185 Romana
397 1141 520 1185 urbe
554 1133 660 1186 sita
697 1135 985 1204 antiquitus
1012 1136 1356 1200 :renodocliia,
1386 1145 1439 1189 et
1462 1144 1719 1205 perpetuo

123 1225 414 1278 Ronmnam
455 1227 592 1278 hanc
635 1228 813 1280 urbem
864 1227 1017 1291 citat,
1055 1225 1308 1296 additque
1335 1242 1524 1280 versus
1555 1228 1716 1281 linem

116 1317 177 1370 de
212 1318 532 1372 civitatibus
569 1332 673 1387 ope
719 1317 927 1387 Pippini
955 1318 1208 1373 Ecclesia)
1254 1318 1516 1372 redditis:
1560 1339 1576 1368 ι
1617 1319 1718 1372 Do-

115 1412 394 1464 nationem
417 1410 471 1464 in
494 1409 715 1478 scriptis
738 1409 798 1465 B.
833 1411 1014 1476 Petro,
1043 1419 1206 1480 atque
1229 1421 1430 1465 sancta:
1459 1410 1716 1464 Romamn

111 1501 395 1566 Ecclesiae,
443 1501 529 1556 vel
577 1503 828 1557 omnibus
890 1503 942 1556 in
1000 1514 1315 1573 perpetuum
1370 1503 1717 1571 pontiﬁcibus

112 1595 424 1664 apostolica:
471 1595 620 1650 sedis
651 1596 796 1650 misit
840 1595 1238 1666 possidendam,
1286 1613 1406 1666 qua:
1443 1606 1496 1651 et
1544 1613 1716 1666 usque

111 1692 378 1746 hactenus
406 1692 459 1746 in
500 1693 728 1748 archivo
761 1703 967 1749 sancta:
998 1703 1196 1750 nostra:
1228 1695 1481 1751 Ecclesia:
1520 1712 1715 1751 recon-
1747 1671 1794 1730 Β

111 1781 221 1836 dita
280 1791 516 1837 tenetur.
555 1803 573 1834 ι
613 1783 716 1839 Ubi
770 1795 958 1839 auctor
1004 1785 1233 1839 allirmat
1279 1802 1336 1840 se
1376 1803 1483 1841 non
1542 1787 1715 1843 solum

110 1873 456 1941 Rmnanum,
509 1878 606 1933 sed
652 1879 818 1932 etiam
868 1879 1125 1932 Romanae
1166 1879 1418 1933 Ecclesia:
1457 1880 1715 1935 clericum

108 1967 297 2033 fuisse,
335 1971 651 2042 indicatque
681 1988 739 2027 se
780 1973 996 2026 archivo
1040 1973 1336 2044 apostolico
1366 1975 1717 2044 praepositum

109 2061 372 2132 Stephani
416 2065 600 2119 Vitam
646 2067 1051 2136 conscripsisse.
1106 2067 1267 2121 Addit
1314 2079 1515 2134 autem,
1555 2087 1716 2140 usque

106 2157 390 2221 hactenus,
419 2173 487 2212 eo
515 2159 654 2229 quod
682 2169 868 2216 auctor
898 2170 1016 2231 post
1043 2160 1267 2215 Paulum
1303 2162 1561 2233 Stephani
1590 2182 1714 2220 suc-

103 2264 406 2315 cessorem,
442 2252 598 2321 cujus
622 2268 835 2323 quoque
871 2253 1043 2307 Vitam
1083 2253 1272 2307 eodem
1315 2254 1453 2326 stylo
1476 2255 1716 2310 conscri-

103 2344 232 2412 psit,
273 2354 561 2414 superstes
598 2346 778 2401 fuerit.
819 2347 1004 2402 Trium
1051 2347 1229 2417 itaque
1274 2349 1463 2403 horum
1501 2348 1715 2418 pontifi-

103 2448 227 2486 cum
257 2434 402 2488 Vitze
434 2435 626 2490 eodem
662 2437 798 2508 stylo
844 2438 1079 2507 scriptm,
1109 2449 1163 2492 et
1204 2439 1272 2492 ab
1316 2455 1422 2494 uno
1465 2455 1532 2495 ex
1570 2440 1716 2495 clero

103 2523 361 2582 Roniano
387 2527 691 2583 Pontiﬁcali
716 2529 878 2584 Libro
900 2531 1120 2599 adjecta:
1135 2539 1283 2585 sunt.

176 2616 231 2670 6.
261 2615 534 2688 Sequitur
550 2619 600 2673 in
625 2619 786 2674 Libro
805 2619 1104 2676 Pontiﬁcali
1124 2619 1246 2675 Vita
1266 2620 1525 2690 Stephani
1546 2621 1633 2687 IV,
1652 2623 1718 2677 de

98 2722 207 2776 qua
256 2707 443 2762 Lucas
481 2709 784 2766 liolstenius
822 2713 895 2766 ita
935 2713 1146 2768 censuit
1185 2729 1200 2766 :
1237 2732 1254 2764 (
1299 2712 1419 2768 Vita
1455 2714 1715 2784 Stephani

98 2815 270 2868 papa:
304 2802 506 2870 scripta
535 2813 610 2857 cst
635 2805 772 2875 style
794 2805 1006 2860 diverso
1030 2822 1060 2860 a
1085 2806 1474 2875 superioribus,
1503 2809 1718 2862 modos-

98 2907 214 2962 que
245 2892 507 2963 loquendi
533 2897 646 2951 sive
672 2897 1040 2952 barbarismos
1073 2899 1376 2968 peculiares
1405 2899 1587 2964 habet,
1622 2899 1714 2969 qui

99 2985 296 3039 nescio
334 3002 500 3055 quem
546 2989 951 3044 africanismum
997 3006 1188 3060 sapere
1226 2991 1498 3044 videntur.
1533 3011 1552 3042 ι
1588 2988 1715 3045 Haec

98 3076 210 3140 ille,
264 3077 409 3132 nihil
466 3079 608 3134 aliud
664 3082 942 3147 indicans;
1001 3098 1170 3151 quare
1219 3081 1462 3136 divinare
1502 3090 1715 3151 oportet

101 3187 241 3240 quos
267 3173 530 3243 loquendi
570 3176 757 3232 modos
800 3178 1102 3247 peculiares
1149 3179 1261 3248 ipse
1290 3189 1588 3233 notaverant.
1629 3181 1711 3236 An

101 3264 246 3318 inter
278 3255 409 3320 illos
434 3271 691 3324 censendi
722 3271 829 3324 sint
879 3279 1188 3340 sequentes,
1227 3269 1432 3338 judicet
1475 3273 1716 3341 prudens

101 3355 324 3412 lector:
357 3358 732 3416 Monac/ticum
773 3363 882 3432 fore
925 3375 1253 3434 suscepturos
1289 3364 1541 3417 habitum.
1585 3363 1719 3419 Item

105 3451 371 3506 absolutis
410 3456 650 3509 omnibus
679 3474 856 3510 eorum
885 3458 1154 3512 rebus.....
1183 3460 1234 3510 in
1258 3459 1574 3511 monasterio
1601 3457 1720 3511 clivi

104 3539 323 3596 δίαιται-ἱ
371 3547 574 3599 retrudi
624 3547 888 3617 fecerunt,
930 3549 1019 3603 ubi
1067 3550 1207 3617 fame
1245 3558 1292 3601 et
1336 3549 1423 3602 siti
1461 3565 1719 3609 cremans,

100 3631 460 3704 damansque
495 3639 703 3705 aquam,
741 3639 811 3692 ita
843 3638 1105 3693 exhalavit
1132 3639 1536 3708 spiritum.......
1566 3648 1723 3693 teme-

105 3724 283 3776 ritatis
317 3724 854 3796 pra’sc'riptione......
902 3733 1301 3785 insurrexerunt
1350 3748 1506 3801 super
1553 3730 1720 3801 ipsum

105 3813 588 3895 dlicliaeliitm..."
621 3838 805 3876 causas
846 3824 908 3878 de
954 3824 1187 3877 Justitiis
1230 3822 1290 3876 Β.
1327 3825 1561 3878 Petri....
1594 3840 1719 3877 con-

102 3906 398 3972 spicientes
437 3927 494 3962 se
521 3911 575 3964 in
614 3931 796 3983 magno
836 3911 1049 3986 decepta
1079 3933 1192 3969 esse
1221 3917 1442 3985 positos,
1466 3923 1570 3969 etc.
1600 3915 1724 3971 lltec

103 4001 408 4066 prudentis
455 4002 674 4059 lectoris
707 4007 909 4076 judicio
941 4009 1160 4078 subjeci,
1197 4025 1297 4080 ego
1320 4007 1462 4062 enim
1492 4008 1592 4062 hos
1625 4024 1722 4078 pe-

103 4091 356 4147 culiares
408 4093 661 4164 loquendi
705 4101 894 4154 modos
937 4101 1344 4155 africanismum
1384 4115 1596 4169 sapere,
1630 4115 1724 4155 ne-

101 4184 221 4237 Scio
249 4202 368 4254 qua
403 4187 621 4242 ratione
645 4192 931 4246 asseruerit
955 4201 1008 4246 et
1033 4193 1172 4247 unde
1200 4191 1476 4262 collegerit
1510 4191 1724 4247 llolste-

100 4278 252 4332 nius.
323 4277 601 4334 Videntur
624 4298 852 4354 namque
899 4285 1028 4338 mihi
1075 4284 1317 4338 indicare
1345 4283 1560 4337 illorum
1590 4291 1724 4337 tem-

1823 399 1924 454 754
1975 399 2433 472 Constantinopoli
2493 401 2759 456 celebrata
2788 441 2802 464 ,
2855 414 3014 470 quam
3064 415 3188 455 cum
3237 416 3446 470 nuper-

1821 495 2018 551 factam
2065 510 2185 551 esse
2230 504 2416 551 auctor
2461 495 2684 560 scribat,
2715 509 2936 550 necesse
2974 503 3059 549 est
3093 509 3217 548 eum
3263 495 3408 549 circa

1822 588 1936 642 haec
1966 597 2206 658 tempora
2233 587 2418 643 Romae
2446 586 2746 657 scripsisse.
2785 584 2934 650 Quod
2963 601 3030 639 ex
3057 585 3410 653 sequentibus

1823 678 2022 734 clarius
2066 679 2288 749 patebit.
2334 679 2590 749 Sequitur
2623 677 2765 732 enim
2809 677 2865 730 in
2903 676 3067 731 Libro
3105 675 3406 730 Pontiﬁcali

1824 768 1945 823 Vita
1985 769 2207 823 Adriani
2239 769 2418 838 primi,
2448 784 2610 838 quam
2636 767 2781 837 (licet
2811 769 2875 822 de
2901 782 2965 822 ea
2996 765 3170 821 Lucas
3199 765 3410 823 ilolstc-

1823 868 1944 922 nius
1984 868 2115 920 nihil
2154 866 2514 935 adnotaverit)
2559 865 2626 919 ab
2663 865 2851 920 eodem
2895 873 3114 918 auctore
3151 863 3409 933 scriptam

1824 974 1942 1013 esse
1973 968 2124 1026 puto,
2159 967 2267 1012 tum
2304 957 2374 1013 ob
2401 958 2525 1028 styli
2550 955 2980 1022 similitudinem,
3017 965 3128 1011 tum
3153 957 3221 1012 ob
3249 956 3412 1026 phra-

1823 1066 1909 1104 ses
1955 1053 2169 1104 easdem
2211 1061 2286 1122 ct,
2313 1051 2530 1106 eosdem
2571 1051 2938 1106 barbarismos
2986 1050 3079 1120 qui
3123 1050 3411 1119 phrasibus

1823 1142 2140 1195 miscentur.
2186 1139 2327 1194 Citat
2354 1140 2550 1210 ubique
2585 1141 2720 1195 hanc
2757 1140 3051 1194 Romanam
3097 1142 3296 1194 urbem.
3344 1137 3410 1194 Et

1823 1236 2016 1289 alicubi
2053 1236 2184 1288 dicit
2214 1253 2225 1264 ·
2254 1234 2441 1288 Secum
2483 1252 2602 1289 eum
2631 1236 2732 1289 huc
2762 1234 2982 1289 Romam
3020 1235 3304 1288 reduceret.
3332 1233 3408 1288 Ex

1823 1329 2018 1400 quibus
2059 1329 2308 1399 loquendi
2342 1329 2514 1382 modis
2540 1328 2808 1398 colligitur
2833 1329 2976 1399 quod
3004 1336 3193 1382 auctor
3223 1326 3412 1381 Roma:

1823 1421 2058 1490 scripsit,
2102 1430 2260 1490 prout
2301 1419 2462 1474 facile
2501 1420 2851 1474 conﬁrmatur
2890 1435 2956 1474 ex
3000 1420 3066 1474 iis
3107 1435 3226 1488 qua:
3257 1418 3412 1472 initio

1823 1514 1980 1583 hujus
2033 1512 2164 1568 Vitae
2212 1513 2279 1567 de
2322 1513 2542 1567 Adriani
2593 1522 2743 1582 patre
2790 1520 3214 1568 commemorat:
3249 1509 3412 1565 Patre

1826 1605 2089 1659 Theodoto
2129 1605 2327 1658 dudum
2375 1604 2584 1658 consule
2632 1614 2679 1657 et
2727 1605 2877 1666 duce,
2919 1605 3246 1674 postmodum
3292 1620 3410 1658 uera

1822 1699 2119 1768 primicerio
2152 1709 2345 1753 sancta:
2385 1709 2576 1752 nostrw
2605 1695 2872 1751 Ecclesiw.
2915 1695 2992 1749 Ex
3022 1695 3106 1750 his
3133 1695 3275 1750 enim
3300 1695 3416 1749 cla-

1824 1789 2035 1842 rissime
2066 1798 2211 1858 patet
2249 1798 2523 1844 auctorem
2565 1787 2731 1842 fuisse
2769 1803 2837 1843 ex
2879 1787 3025 1843 clero
3064 1787 3324 1852 Romano,
3357 1798 3414 1842 et

1823 1881 2007 1936 forsan
2032 1882 2403 1948 Lateranensi,
2426 1892 2517 1937 aut
2538 1883 2812 1937 Vaticame
2840 1883 3076 1937 basilica:
3093 1882 3411 1951 ascriptum,

1823 1977 1963 2029 unde
2006 1975 2162 2029 facile
2201 1985 2466 2045 putarem,
2515 1974 2774 2046 Stephani
2809 1974 2877 2029 1V
2913 1983 2967 2030 et
2997 1975 3219 2028 Adriani
3254 1974 3414 2044 pritui

1822 2065 1975 2120 Vitas
2017 2065 2179 2121 fuisse
2219 2067 2432 2121 tertiam
2462 2067 2812 2136 appendicem
2843 2067 2910 2120 ad
2939 2065 3161 2121 Librum
3192 2065 3418 2122 Pontifi-

1822 2157 1992 2212 calem
2034 2176 2046 2211 :
2089 2158 2144 2212 in
2195 2157 2348 2226 cujus
2400 2158 2646 2213 veritatis
2703 2158 3166 2213 conﬁrmationem
3217 2158 3416 2213 adducr

1820 2259 2045 2320 possunt
2074 2251 2180 2305 duo
2214 2251 2574 2320 antiquissimi
2613 2251 2828 2306 codices
2867 2250 3243 2319 manuscripti,
3292 2250 3417 2305 Flo-

1822 2342 2068 2395 rentinus
2104 2343 2358 2398 nimirum
2405 2343 2579 2396 sancti
2627 2341 2812 2407 Marci,
2856 2353 2912 2397 et
2952 2342 3087 2396 alter
3125 2341 3416 2398 Christinm

1822 2435 2118 2490 Succorum
2166 2437 2382 2506 regina),
2433 2437 2523 2506 qui
2572 2445 2693 2506 post
2743 2435 2920 2490 Vitam
2979 2435 3202 2489 Adriani
3250 2435 3413 2505 primi

1822 2528 2035 2593 ﬁniunt,
2062 2544 2128 2583 eo
2164 2528 2304 2597 quod
2334 2543 2399 2582 ex
2435 2527 2540 2581 illis
2583 2528 2728 2581 Libri
2768 2525 3098 2581 Pontiﬁcalis
3135 2526 3414 2581 codicibus

1821 2621 2074 2690 descripti
2115 2629 2314 2684 essent,
2348 2621 2438 2689 qui
2475 2629 2602 2675 ante
2637 2621 2870 2676 Leonem
2904 2619 3144 2684 tertium,
3187 2611 3414 2676 Annam

1821 2712 1981 2783 primi
2011 2727 2401 2778 successorem,
2430 2712 2635 2766 exarati
2662 2718 2835 2766 erant.

1892 2805 1944 2857 7.
1983 2803 2236 2872 Sequitur
2259 2803 2380 2858 Vita
2407 2803 2602 2860 Leonis
2634 2803 2804 2867 tertii,
2822 2818 2944 2873 qua:
2967 2802 3074 2859 alio
3114 2801 3256 2874 stylo
3283 2800 3415 2856 alio-

1819 2912 1925 2968 que
1960 2903 2180 2951 auctore
2209 2896 2516 2966 conscripta
2551 2904 2652 2950 est.
2698 2893 2868 2949 Nulla:
2897 2895 3041 2948 enim
3087 2894 3314 2964 phrases
3344 2907 3414 2947 ex

1820 3004 1982 3058 supra
2009 2986 2191 3043 relatis
2211 2988 2264 3042 in
2287 3003 2350 3042 ea
2374 2987 2744 3058 reperiuntur;
2769 2985 2980 3051 nullibi,
3004 2985 3130 3039 dum
3157 2984 3414 3040 Romamn

1821 3083 1970 3138 urbis
2021 3081 2347 3137 mentionem
2396 3081 2542 3143 facit,
2594 3095 2892 3152 pronomen
2937 3079 3074 3133 hanc
3124 3077 3412 3148 adjuugit:

1821 3189 1925 3228 non
1957 3172 2088 3227 dicit
2124 3171 2456 3241 pontiﬁcem,
2486 3171 2614 3226 dum
2654 3187 2722 3227 ex
2763 3170 2936 3225 Gallia
2965 3171 3219 3235 Romam,
3253 3169 3416 3224 rediit

1819 3271 1920 3325 huc
1946 3271 2178 3333 venisse,
2205 3269 2297 3325 sed
2323 3267 2640 3335 simpliciter
2663 3265 2920 3320 Romamn
2951 3264 3102 3318 urbis
3123 3262 3410 3318 meminit:

1826 3383 1844 3416 ι
1874 3363 2089 3427 Franci,
2118 3362 2330 3432 linquit,
2381 3359 2607 3414 Romam
2651 3358 2799 3413 illum
2854 3371 3116 3422 remeare,
3161 3357 3216 3410 in
3257 3371 3415 3412 suam

1821 3455 2170 3526 apostolicam
2197 3455 2376 3509 sedem
2401 3450 2719 3515 honoriﬁce,
2750 3465 2873 3505 cum
2906 3449 3092 3514 nimio,
3129 3456 3188 3503 ut
3211 3447 3412 3512 decuit,

1822 3549 2119 3603 emiserunt
2152 3547 2377 3611 honore,
2407 3545 2498 3614 qui
2530 3559 2626 3613 per
2657 3557 3096 3611 unamquamque
3133 3540 3413 3596 civitatem

1824 3649 2079 3710 tanquam
2126 3639 2301 3710 ipsum
2344 3636 2701 3706 suscipientes
2749 3633 3051 3704 apostolum
3088 3649 3259 3704 usque
3299 3633 3413 3688 Ro-

1822 3714 1966 3784 mam
2016 3730 2375 3784 deduxerunt.
2429 3726 2580 3783 Tunc
2632 3726 2888 3790 Romani,
2923 3741 3036 3794 pra:
3077 3725 3244 3779 nimio
3284 3739 3418 3794 gau-

1824 3822 1912 3875 dio
1963 3837 2119 3875 suum
2165 3821 2488 3890 recipientes
2540 3828 2810 3889 pastorem
2846 3857 2858 3871 .
2891 3859 2904 3872 .
2939 3857 2952 3872 .
2989 3858 3002 3872 .
3038 3855 3054 3871 .
3091 3859 3104 3872 .
3137 3856 3150 3870 .
3185 3837 3203 3869 ι
3237 3816 3300 3871 Ει
3331 3816 3414 3871 in-

1824 3911 1942 3965 fra:
1981 3932 1997 3962 ‹
2038 3910 2263 3964 Romam
2307 3910 2517 3964 intrans
2562 3925 2682 3963 cum
2746 3908 2915 3961 multo
2960 3908 3157 3977 gaudio
3211 3915 3265 3960 et
3326 3906 3417 3960 la:-

1826 4005 1938 4058 titia
1974 4003 2027 4057 in
2055 4000 2439 4072 patriarchium
2472 3998 2836 4053 Lateranense
2868 3996 3108 4050 intravit.
3147 4017 3165 4047 ι
3197 3997 3275 4050 Ex
3305 4011 3414 4064 quo

1824 4093 2076 4163 loquendi
2129 4091 2287 4146 modo
2337 4089 2490 4144 facile
2537 4087 2872 4158 intelligitur,
2921 4093 3196 4140 auctorem
3250 4084 3413 4152 hujus

1824 4184 2110 4253 Vitaﬂnon
2158 4183 2314 4238 modo
2361 4183 2524 4237 alium
2567 4195 2684 4234 esse
2731 4196 2760 4233 a
2805 4178 2995 4248 priori,
3045 4177 3138 4232 sed
3181 4176 3418 4234 dubitari

1824 4278 1989 4331 etiam
2026 4292 2184 4348 posse
2221 4291 2346 4329 num
2385 4275 2569 4327 Romae
2598 4270 2844 4340 scripsit;
2882 4268 3015 4323 nihil
3042 4268 3186 4322 enim
3218 4269 3269 4322 in
3301 4276 3413 4323 tota

100 4387 304 4440 porum
335 4371 678 4439 barbariem,
707 4391 826 4446 qua:
854 4377 1013 4433 etiam
1057 4376 1330 4429 Romanas
1368 4390 1528 4428 aures
1555 4389 1716 4428 oecu-
1744 4401 1797 4460 Β
1827 4369 1914 4423 illa
1944 4368 2065 4422 Vita
2093 4368 2332 4423 occurrit
2370 4367 2512 4420 unde
2557 4378 2621 4419 ea
2653 4362 2719 4418 de
2762 4377 2818 4416 re
2845 4361 3110 4430 suspicari
3154 4360 3282 4414 licet
3311 4361 3416 4415 nisi

97 4474 368 4532 paverat,
401 4467 701 4535 praesertim
741 4486 862 4524 cum
910 4478 1122 4524 constet
1157 4484 1220 4522 ex
1255 4468 1524 4538 plerisque
1558 4465 1716 4537 hujus

101 4555 244 4608 Vit-.e
293 4555 446 4611 locis
488 4566 753 4614 auctorem
793 4557 906 4628 ejus
942 4560 1125 4615 Romae
1156 4560 1468 4630 scripsisse;
1502 4560 1716 4628 quando

98 4648 254 4702 cnim
284 4648 361 4701 de
387 4649 526 4702 urbe
557 4647 716 4706 Roma
746 4653 878 4722 agit,
909 4653 1008 4707 hoc
1037 4652 1287 4720 loquendi
1313 4651 1471 4705 modo
1502 4652 1671 4705 utitur
1699 4665 1713 4704 :

99 4744 169 4798 In
217 4746 375 4799 hanc
429 4743 720 4801 Romanam
761 4750 959 4803 urbem.
999 4747 1065 4801 Et
1093 4747 1252 4817 paulo
1290 4756 1411 4801 ante
1440 4747 1714 4801 medium:

100 4835 170 4889 Et
203 4839 339 4902 (me,
377 4837 470 4892 vel
514 4847 575 4891 ut
601 4839 753 4896 habet
796 4843 900 4895 alia
938 4841 1114 4906 lectio,
1159 4841 1243 4893 hic
1280 4839 1494 4894 Romam
1531 4838 1720 4894 attule-

103 4941 250 4984 runt.
311 4930 387 4983 Et
440 4928 688 4987 ibidem:
734 4931 1074 4987 l’ostntodum
1127 4949 1244 4985 vero
1295 4931 1507 5002 quidam
1555 4930 1722 5000 iniqui

105 5020 412 5092 Campani,
439 5023 534 5092 qui
557 5023 651 5076 huc
673 5024 890 5080 Romam
917 5026 1248 5079 advenerant.
1277 5023 1343 5075 Et
1370 5021 1506 5076 infra
1533 5041 1546 5076 :
1581 5021 1720 5075 Dum

108 5110 357 5167 Τυδεαηί
383 5121 437 5165 et
472 5109 723 5182 Campani
762 5115 847 5167 hic
875 5113 1055 5169 Romw
1091 5113 1357 5185 aggregati
1385 5112 1624 5180 fuissent.
1657 5110 1723 5166 Et

107 5214 305 5264 postea
341 5222 354 5256 :
389 5201 670 5258 Simulavit
692 5223 745 5260 se
771 5207 921 5276 quasi
949 5207 1201 5260 orationis
1231 5220 1392 5258 causa
1424 5205 1491 5258 ad
1515 5204 1721 5258 beatum

109 5293 342 5349 Petrum
387 5293 616 5348 Romam
654 5308 1064 5368 properatur-um.
1113 5298 1320 5365 Quibus
1346 5297 1526 5352 verbis
1560 5310 1722 5351 nemo

1824 4482 1888 4520 ex
1922 4465 2026 4518 illis
2066 4464 2282 4517 verbis:
2318 4480 2335 4512 ‹
2371 4460 2518 4514 Nona
2560 4473 2685 4513 vero
2713 4455 3006 4511 indictione
3053 4453 3292 4523 peccatis
3321 4467 3420 4508 no-

1825 4557 1953 4612 stris
1985 4552 2392 4608 imminentibus
2441 4550 2617 4604 snbito
2649 4554 2988 4602 terrmmotus
3033 4542 3206 4597 factus
3241 4541 3416 4612 pridie

1826 4647 2092 4704 Kalendas
2123 4641 2578 4708 Maii,etecclesia
2605 4640 2746 4695 beati
2765 4636 2911 4692 Pauli
2945 4633 3170 4705 apostoli
3203 4635 3270 4687 ab
3302 4633 3420 4701 ipso

1827 4751 2136 4800 terrzemotu
2189 4755 2472 4803 concussa,
2519 4737 2701 4792 omnia
2751 4739 2896 4787 sarta
2937 4739 3078 4786 tecta
3110 4737 3360 4782 ruerunt.
3394 4748 3413 4779 ι

1828 4837 1907 4892 Es
1936 4836 2020 4891 his
2044 4835 2186 4889 enim
2228 4842 2410 4903 posset
2433 4831 2554 4900 quis
2593 4827 2843 4896 colligere
2865 4825 3012 4894 quod
3040 4829 3231 4877 auctor
3259 4822 3423 4891 hujus

1826 4926 1963 4980 Vitae
2013 4925 2278 4994 ascriptus
2341 4921 2504 4976 fuerit
2553 4917 2792 4973 ecclesia}
2845 4917 3023 4972 sancti
3075 4913 3225 4968 Pauli
3267 4920 3424 4967 extra

1831 5017 2052 5081 Urbem,
2080 5032 2239 5086 quam
2269 5015 2466 5082 ubique
2499 5019 2656 5064 vocat
2681 5005 2957 5063 basilicam
2984 5006 3217 5064 doctoris
3240 5004 3424 5060 mundi

1827 5110 1963 5164 beati
2008 5108 2168 5163 Pauli
2209 5102 2449 5176 apostoli.
2485 5100 2640 5168 Quod
2680 5099 2801 5154 ideo
2836 5100 3042 5159 adnoto
3070 5099 3199 5170 quia
3239 5097 3421 5151 forsan

1828 5200 1891 5254 D.
1923 5198 2147 5254 Paulum
2187 5207 2442 5262 tanquam
2488 5202 2776 5262 patronum
2808 5207 2921 5248 sua:
2961 5192 3203 5252 basilica:
3228 5188 3424 5246 distin-

1825 5308 1989 5363 guere
2015 5289 2180 5344 voluit
2205 5303 2236 5340 a
2261 5283 2474 5340 czcteris
2504 5287 2786 5354 apostolis,
2819 5301 2961 5356 quos
2991 5290 3119 5345 dum
3155 5281 3420 5344 nominat,
