3924 5382
524 332 622 390 211

1265 323 1359 381 ao
1399 292 1844 381 ANASTASIUM
1880 316 2395 376 PBOLEGOMENA
2432 316 2610 375 amr.
2656 274 3080 374 nou-varie.

519 448 599 505 sis
642 444 884 504 ecciesiis
923 440 1141 512 obtulit,
1182 441 1325 513 quod
1366 440 1509 498 idem
1559 440 1612 495 in
1649 437 1846 495 Leonis
1890 434 1957 492 lli
1984 434 2108 493 Vita
2133 444 2188 501 Α
2214 436 2400 492 mutila
2420 435 2686 505 sint,quae
2710 415 3220 488 Lucas’ilolstenius
3247 437 3317 482 ex
3342 423 3811 497 praestantissimo

523 539 816 595 observare
840 536 984 593 licet.

494 654 499 659 ι
594 627 650 685 8.
674 628 751 685 De
766 626 1048 685 Paschalis
1073 625 1235 698 primi
1260 624 1382 681 Vita
1410 630 1621 681 constat
1641 638 1761 679 eam
1792 621 1860 677 ab
1888 631 2110 676 auctore

521 720 772 779 Romano
821 719 1183 791 conscriptam
1228 717 1437 775 fuisse:
1475 716 1722 773 meminit
1770 714 1913 769 enim
1962 711 2113 768 urbis

522 811 714 869 Romae
745 820 1001 883 tanquam
1023 810 1260 866 civitatis
1289 810 1343 865 in
1372 825 1478 881 qua
1498 808 1788 864 scribebat.
1809 805 1901 862 Sic
1922 812 2114 860 narrat

524 905 595 961 de
620 904 972 962 translatione
1008 902 1252 974 corporis
1275 911 1476 959 sanctae
1499 901 1730 958 Caeciliae
1770 914 1892 955 cum
1916 913 2113 966 magno

524 997 735 1054 honore
750 998 891 1052 intra
906 1011 1122 1052 muros:
1144 1014 1163 1046 ι
1181 994 1350 1065 Hujus
1369 995 1624 1050 Romanae
1644 992 1793 1048 urbis
1811 992 1864 1047 in
1884 988 2115 1046 ecclesia

494 1103 505 1110 ’
527 1089 700 1161 ipsius
725 1090 896 1147 sancti
914 1089 1172 1162 martyris
1202 1087 1447 1144 dedicata
1471 1088 1538 1143 ad
1560 1086 1772 1141 laudem
1795 1093 1849 1140 et
1888 1083 2114 1155 gloriam

528 1182 915 1253 omnipotentis
946 1182 1061 1249 Dei,
1095 1180 1333 1252 ejusdem
1362 1179 1587 1248 virginis
1617 1190 1814 1248 corpus
1843 1190 1964 1229 cum
1992 1173 2118 1227 cha-

530 1272 748 1328 rissimo
773 1273 1060 1329 Valeriano
1089 1286 1286 1345 sponso
1317 1280 1480 1340 atque
1508 1268 1773 1331 Tiburtio,
1803 1274 1855 1322 et
1887 1265 2119 1320 Maximo

531 1366 886 1437 martyribus,
916 1381 1121 1421 necnon
1148 1360 1364 1421 Urbano
1384 1372 1438 1418 et
1462 1361 1629 1417 Lucio
1654 1358 1996 1431 pontificibus
2023 1355 2122 1411 sub

533 1465 883 1511 sacrosancto
904 1454 1061 1513 altari
1087 1454 1388 1512 collocavit.
1424 1472 1442 1504 ι
1482 1453 1559 1507 lix
1586 1451 1781 1521 quibus
1812 1448 1991 1504 verbis
2017 1462 2124 1503 non

532 1548 693 1603 modo
728 1556 937 1605 constat
977 1548 1044 1604 de
1074 1547 1196 1603 loco
1225 1547 1316 1601 ubi
1361 1546 1477 1601 haec
1505 1542 1626 1599 Vita
1663 1542 1862 1613 scripta
1893 1550 1997 1607 est,
2028 1537 2124 1595 sed

533 1639 698 1695 etiam
746 1640 812 1696 de
855 1639 979 1711 styli
1020 1638 1310 1710 elegantia,
1349 1652 1454 1708 qua
1495 1636 1562 1692 ab
1601 1645 1821 1692 auctore
1859 1634 2124 1688 adornata

533 1736 617 1787 est
644 1730 922 1787 Paschalis
952 1730 1199 1786 historia.
1238 1727 1388 1784 Illam
1420 1742 1552 1783 sane
1596 1726 1847 1797 colligere
1886 1725 2010 1779 licet
2056 1737 2125 1778 ex

533 1822 604 1878 iis
626 1837 747 1892 quae
773 1822 841 1878 de
867 1820 1117 1877 incendio
1137 1820 1371 1876 civitatis
1398 1818 1652 1875 Leoninze
1670 1824 1891 1872 enarrat
1919 1832 1933 1868 :
1966 1832 1985 1865 ί
2017 1812 2125 1869 Sed

535 1927 715 1984 neque
748 1912 855 1968 hoc
892 1911 1109 1969 silentio
1137 1910 1571 1982 prastereundum
1614 1923 1734 1964 esse
1774 1906 2124 1972 arbitramur,

536 2004 735 2075 inquit,
763 2005 907 2076 quod
932 2004 1122 2061 eodem
1147 2012 1407 2074 tempore,
1433 1999 1695 2056 diabolica
1720 2004 1978 2069 operante
2006 2010 2130 2050 ver-

538 2097 705 2164 sutia,
750 2111 850 2167 per
888 2097 1246 2167 quorumdam
1283 2095 1459 2168 gentis
1490 2095 1786 2165 Anglorum
1826 2091 2128 2158 dissidium,

544 2189 621 2244 ita
642 2197 727 2245 est
749 2189 926 2245 omnis
960 2189 1171 2244 illorum
1201 2187 1483 2252 habitatio,
1515 2201 1634 2256 quae
1661 2186 1711 2239 in
1738 2198 1924 2239 eorum
1950 2181 2131 2251 lingua

544 2282 755 2362 Burgus
789 2282 1008 2349 dicitur,
1055 2280 1270 2337 ﬂamma
1300 2280 1439 2351 ignis
1484 2278 1788 2334 exundante
1829 2274 2133 2339 combusta,

537 2383 604 2428 ut
631 2375 797 2429 etiam
826 2388 928 2428 nec
955 2373 1184 2445 vestigia
1210 2371 1453 2442 pristina:
1482 2367 1833 2425 habitationis
1865 2367 1917 2421 in
1943 2366 2135 2422 eodem

546 2466 665 2522 loco
706 2466 936 2522 inveniri
968 2468 1292 2536 potuissent,
1326 2464 1479 2536 cujus
1512 2464 1845 2518 exuberante
1886 2456 2135 2513 incendio

541 2574 681 2632 pene
709 2569 877 2617 totam
901 2562 1195 2631 porticum,
1219 2574 1338 2628 qum
1366 2557 1513 2613 ducit
1540 2556 1607 2611 ad
1633 2554 1909 2610 basilicam
1936 2549 2139 2622 princi-

543 2655 628 2725 pis
678 2655 1046 2725 apostolorum
1094 2652 1233 2722 ignis
1278 2651 1450 2705 fomes
1495 2646 1818 2703 devastavit.
1858 2664 1876 2696 ›
1913 2643 2043 2697 Ηωο
2085 2648 2141 2695 et

548 2746 703 2805 nlura
734 2746 935 2813 ibidem
975 2752 1164 2799 auctor
1196 2742 1338 2815 stylo
1364 2741 1496 2797 satis
1534 2738 1784 2810 eleganti,
1812 2753 1839 2790 a
1864 2751 1972 2806 quo
2002 2748 2139 2788 non-

549 2836 684 2892 nihil
728 2834 946 2892 dill‘erre
988 2835 1201 2890 videtur
1254 2833 1423 2906 stylus
1483 2847 1590 2902 quo
1644 2828 1965 2899 conscriptae
2017 2834 2145 2882 sunt

550 2929 689 2984 Vita:
729 2942 1105 2985 successorum
1150 2926 1374 2999 Eugenii
1418 2924 1485 2992 ll,
1521 2922 1791 2981 Valentini
1842 2929 1896 2977 et
1933 2918 2141 2990 Grego-

552 3020 620 3077 rii
642 3020 733 3086 IV,
759 3036 825 3078 ex
847 3019 1002 3090 cujus
1024 3021 1190 3093 gestis
1229 3018 1523 3088 colligitur,
1560 3025 1837 3072 auctorem
1860 3021 1984 3085 post
2008 3010 2145 3069 Gre-

555 3112 693 3184 gorii
721 3121 935 3168 aetatem
976 3111 1280 3183 scripsisse.
1320 3110 1501 3183 Agens
1532 3109 1677 3165 enim
1720 3108 1785 3163 de
1813 3103 2146 3161 monasterio

2156 1838 2202 1897 Β
2230 1837 2391 1901 gnata
2417 1836 2511 1881 est.
2541 1864 2555 1879 .
2587 1864 2602 1879 .

2213 534 2396 591 codice
2423 529 2755 587 Farnesiano
2789 524 3057 599 supplevit
3100 523 3156 578 in
3209 521 3316 578 illis
3352 520 3525 576 variis
3561 518 3810 574 lectioni-

2211 627 2313 682 bus
2333 635 2386 681 et
2401 624 2553 681 notis
2581 638 2702 695 quae
2731 621 2798 677 ad
2828 619 3125 692 marginem
3149 625 3205 671 et
3224 615 3388 671 linem
3417 612 3507 670 sui
3531 611 3811 683 exempla-

2188 719 2289 801 ris
2337 717 2552 789 adjecit.
2609 714 2811 772 Eodem
2860 712 2998 784 stylo
3064 710 3375 780 conscripta
3420 706 3642 762 videtur
3690 705 3811 762 Vita

2211 811 2411 869 Leonis
2436 811 2505 866 IV
2522 852 2536 872 ,
2572 825 2691 881 qum
2717 807 2945 879 phrases
2978 802 3301 875 supradictis
3331 800 3545 856 similes
3570 798 3809 863 exhibet,

2213 913 2270 960 et
2315 913 2590 959 auctorem
2639 900 2825 954 Romae
2866 895 3147 965 scripsisse
3194 892 3399 947 indicat
3446 889 3538 945 his
3580 887 3809 943 verbis:

2218 995 2599 1050 Monasterium
2626 989 2762 1045 beati
2807 986 3026 1043 Martini
3071 982 3389 1053 confessoris
3421 978 3652 1042 Christi,
3681 977 3813 1049 quod

2218 1096 2367 1142 extra
2405 1100 2581 1138 muros
2627 1081 2785 1152 hujus
2817 1073 3039 1134 ciuitatis
3069 1074 3321 1129 Romana:
3342 1072 3505 1143 juﬂa
3544 1067 3815 1125 ecclesias

2221 1178 2355 1232 beati
2389 1175 2532 1229 Petri
2560 1172 2781 1244 apostoli
2813 1158 2968 1224 situm
2995 1178 3088 1223 est.
3119 1165 3259 1222 Alibi
3287 1164 3569 1219 indicatur
3588 1202 3605 1227 ,
3639 1169 3813 1214 aucto-

2223 1287 2335 1325 rem
2365 1268 2531 1324 fuisse
2559 1273 3074 1334 contentporaneum
3098 1299 3112 1325 ,
3158 1244 3218 1312 ut
3249 1255 3469 1326 quando
3523 1259 3815 1307 narrantur

2222 1362 2597 1433 Agarenorum
2656 1367 2886 1428 strages.
2943 1352 3078 1407 Dum
3143 1349 3291 1405 enim
3336 1354 3503 1402 vento
3559 1342 3814 1399 divinitus

2225 1451 2470 1508 immisso
2519 1451 2775 1520 dispersae
2840 1445 3212 1516 Agarenorum
3265 1454 3436 1494 naves
3484 1435 3555 1491 ad
3605 1442 3815 1506 portum

2224 1546 2515 1619 pervenire
2572 1543 2928 1612 nequiverant
2960 1556 2975 1592 :
3008 1536 3177 1608 Super
3205 1535 3284 1587 Itis
3312 1531 3457 1588 novis
3487 1527 3817 1599 mysticisqu

2226 1638 2522 1705 miraculis,
2554 1635 2730 1705 inquit
2759 1640 2968 1696 auctor,
3001 1644 3118 1701 qua:
3155 1624 3346 1681 nostris
3375 1622 3495 1677 licet
3528 1637 3638 1676 non
3666 1616 3818 1673 meri-

2230 1731 2297 1786 tis
2345 1727 2661 1801 temporibus
2708 1725 2888 1779 divina
2931 1719 3199 1776 ostendere
3241 1732 3304 1771 ac
3337 1714 3712 1769 demonstrare
3734 1706 3815 1762 di-

2646 1821 2940 1877 clementia.
2991 1816 3091 1874 Ubi
3123 1826 3283 1870 nemo
3312 1826 3418 1866 non
3452 1806 3601 1863 videt
3632 1811 3815 1859 aucto-

2232 1936 2347 1975 rem
2380 1917 2567 1975 teslari
2598 1917 2713 1972 haec
2749 1928 2870 1983 quae
2913 1916 3098 1965 narrat
3130 1905 3243 1963 suis
3276 1899 3615 1973 temporibus
3644 1893 3819 1952 conti-

2232 2015 2393 2087 gisse.
2432 2011 2642 2067 Iudicat
2681 2021 2896 2080 quoque
2931 2001 3086 2071 cujus
3120 1994 3458 2055 auctoritatis
3496 1989 3673 2046 fuerit
3701 1987 3819 2042 dum

2233 2104 2403 2161 refert
2432 2118 2488 2159 se
2534 2117 2639 2157 una
2688 2079 2810 2155 cum
2858 2092 3120 2151 Romanis
3150 2087 3471 2161 proceribus
3510 2079 3820 2151 iussissent

2235 2194 2494 2253 Saraceni
2561 2191 2654 2262 qui
2715 2188 2859 2261 capti
2912 2192 3069 2241 erant
3134 2182 3453 2252 ligareutur.
3508 2173 3577 2228 Et
3626 2169 3820 2225 addit:

2237 2288 2427 2345 Postea
2464 2302 2554 2358 per
2597 2284 2800 2338 diversa
2839 2278 3107 2349 artiﬁcum
3135 2270 3317 2347 opera,
3342 2265 3606 2342 quidquid
3652 2278 3821 2317 neces-

2236 2381 2437 2434 sarium
2464 2351 2719 2437 'videbat,
2758 2389 2849 2443 per
2893 2387 2979 2425 eos
3030 2366 3205 2423 omnia
3243 2364 3564 2435 jubebamus
3608 2351 3820 2424 deferri.

2238 2471 2498 2540 Quisnam
2547 2477 2726 2521 autem
2761 2452 2919 2535 hujus
2967 2469 3022 2516 et
3060 2452 3417 2531 przecedentis
3455 2450 3596 2507 Vita
3639 2453 3824 2502 auctor

2240 2562 2330 2627 sit,
2361 2558 2549 2615 nullibi
2575 2555 2917 2628 exprimitur,
2950 2550 3140 2608 nullibi
3168 2547 3462 2603 indicatur.

2312 2656 2398 2711 10.
2443 2652 2673 2708 Putabat
2715 2648 2931 2719 quidem
2989 2644 3109 2700 non
3166 2657 3326 2697 nemo
3366 2646 3651 2693 auctorem
3712 2644 3828 2686 esse

2240 2744 2586 2800 Anastasiuui
2640 2736 3165 2799 Bibliothecarium,
3218 2731 3308 2805 qui
3362 2727 3658 2801 praadictas
3708 2721 3829 2776 Ser-

2243 2837 2314 2911 gii
2343 2836 2384 2891 Il
2411 2844 2465 2891 et
2491 2834 2691 2890 Leonis
2729 2830 2794 2887 lV
2823 2846 2889 2885 ac
2937 2828 3324 2897 subsequentes
3352 2818 3640 2876 Benedicti
3681 2814 3740 2911 Ill
3776 2819 3829 2867 et

2245 2904 2453 2982 l‘iicolai
2494 2926 2517 2982 ι
2567 2923 2720 2979 Vitas
2786 2918 3087 2977 Pontiﬁcali
3137 2913 3346 2985 adjecit.
3399 2911 3609 2967 Verum
3662 2904 3830 2961 obstat

2245 3020 2369 3079 Vita
2399 3016 2674 3074 Benedicti
2726 3015 2814 3082 lli,
2869 3031 2990 3086 qua:
3034 3022 3372 3081 nequaquam
3417 3000 3713 3059 Anastasio
3752 2996 3831 3052 Bio

2245 3111 2605 3169 bliothecario
2634 3109 2798 3164 tribui
2826 3114 3025 3179 potest,
3055 3104 3116 3159 ob
3144 3102 3467 3172 aﬁ'ectatum,
3499 3105 3549 3150 et
3585 3090 3835 3153 ineptissi-

559 3206 738 3262 sancti
764 3204 981 3261 Canini
1013 3214 1165 3261 trans
1184 3202 1446 3270 Tiberim,
1468 3201 1656 3258 scribit
1679 3217 1693 3256 ε
1728 3218 1749 3252 1
1777 3199 1833 3254 In
1854 3214 1963 3269 quo
1986 3197 2149 3253 etiam
2179 3202 2224 3266 C
2254 3221 2398 3261 unum
2444 3200 2796 3274 exaggerandi
2845 3196 3156 3270 proﬂuvium
3207 3208 3269 3247 ac
3316 3203 3566 3244 numeros
3592 3184 3837 3256 poeticos,

560 3296 857 3352 monachos
897 3296 1190 3353 canonicos
1229 3293 1563 3366 aggregavit,
1614 3291 1705 3362 qui
1750 3289 1880 3344 inibi
1913 3287 2146 3344 olilcium

558 3389 803 3445 facerent
837 3397 894 3445 et
920 3388 1275 3460 omnipotenti
1307 3386 1418 3442 Deo
1442 3394 1622 3457 grates
1644 3393 1700 3440 et
1744 3380 1931 3438 laudes
1960 3382 2149 3437 diebus

560 3485 788 3558 singulis
812 3493 868 3541 et
895 3484 1147 3543 noctibus
1190 3482 1467 3555 prosecuti
1513 3482 1704 3537 intimo
1751 3477 1932 3535 cordis
1973 3476 2152 3548 spira-

561 3578 709 3634 mine
738 3580 1110 3644 decantarent,
1137 3577 1280 3648 quod
1314 3576 1458 3634 sicut
1501 3575 1556 3630 in
1597 3572 2008 3645 prmsentiarum
2036 3582 2154 3625 cer-

564 3670 767 3737 nimus,
810 3685 1007 3743 magno
1055 3668 1352 3727 certamine
1395 3680 1697 3737 magnoque
1755 3663 1932 3720 studio
1973 3668 2157 3732 pastor

566 3761 797 3820 eximius
846 3763 953 3819 hoc
998 3777 1134 3833 opus
1177 3760 1338 3817 valde
1378 3758 1748 3815 ﬁrmissimum
1796 3754 2095 3827 ampliavit.
2129 3770 2152 3806 ι

567 3853 651 3910 Ex
702 3855 899 3928 quibus
939 3855 1122 3913 verbis
1152 3853 1312 3926 plane
1337 3852 1621 3911 deducitur
1652 3860 1925 3906 auctorem
1971 3847 2159 3904 Romae

570 3946 790 4016 quidem
812 3946 1043 4014 vixisse,
1072 3944 1172 4003 sed
1192 3955 1314 4018 post
1338 3953 1580 4017 tempora
1611 3941 1854 4016 Gregorii
1885 3938 2084 4013 quarti.

647 4038 703 4096 9.
744 4038 822 4095 De
848 4037 1038 4111 Sergio
1068 4040 1309 4097 secundo
1328 4080 1345 4106 ,
1369 4039 1464 4109 qui
1489 4035 1751 4109 Gregorio
1780 4033 1847 4090 1V
1875 4029 2159 4097 successit,

575 4128 740 4186 facile
784 4130 1074 4205 colligitur,
1120 4146 1188 4188 ex
1207 4130 1401 4204 primis
1444 4138 1717 4204 gestorum
1746 4125 1952 4192 verbis,
1981 4122 2161 4179 Vitam

574 4222 693 4295 ejus
739 4223 809 4279 ab
871 4224 977 4281 alio
1024 4224 1258 4294 quodam
1307 4230 1530 4280 auctore
1575 4219 1940 4290 conscriptam
2001 4230 2122 4274 esse
2144 4255 2162 4283 ,

575 4321 846 4391 siquidem
876 4321 1031 4377 initio
1058 4328 1375 4391 repetuntur
1400 4334 1592 4375 omnes
1631 4315 1756 4372 anni
1794 4315 2164 4370 Romanorum

579 4400 907 4481 pontiﬁcum
930 4426 962 4465 a
989 4409 1171 4466 Leone
1199 4410 1358 4466 tertio
1396 4423 1570 4479 usque
1596 4407 1665 4461 ad
1692 4404 1941 4476 Sergium
1974 4419 2167 4461 secun-

582 4502 733 4571 dum,
775 4504 919 4575 quod
960 4504 1183 4560 minime
1209 4504 1411 4559 factum
1451 4510 1616 4568 esset,
1662 4499 1707 4557 si
1741 4516 1879 4567 unus
1917 4498 2166 4568 idemque

2250 3314 2371 3370 qua:
2420 3296 2476 3351 in
2518 3310 2581 3349 ea
2630 3290 2901 3365 reperiri,
2931 3285 3237 3344 observavit
3282 3282 3459 3338 Lucas
3508 3274 3839 3333 Holstenius.

2251 3363 2485 3445 'l‘antum
2543 3363 2754 3443 initium
2802 3384 2957 3439 istius
3003 3379 3142 3437 Vitae
3192 3374 3475 3447 tegendum
3535 3380 3645 3436 est,
3694 3377 3752 3423 ut
3791 3363 3842 3422 id

2253 3480 2635 3552 comprobetur
2670 3475 2902 3532 :Beatus
2938 3473 3014 3528 uir
3056 3471 3152 3526 iste
3181 3464 3536 3523 dilectissimis
3562 3458 3841 3517 visceribus

2255 3576 2446 3641 editus,
2482 3573 2677 3629 siderio
2706 3569 2904 3642 pollens
2934 3583 3072 3631 rore,
3102 3575 3437 3630 crescensque
3464 3554 3692 3612 celerius
3722 3549 3843 3606 diri-

2257 3640 2446 3725 norunt
2496 3664 2671 3721 studio
2708 3640 2919 3732 apicum
2943 3700 2959 3724 ,
3012 3656 3189 3711 Patris
3235 3654 3305 3710 ad
3332 3647 3689 3707 erudiendum
3719 3640 3845 3698 arbi-

2261 3762 2360 3816 trio
2406 3758 2654 3813 traditur.
2713 3751 2889 3810 Simili
2942 3752 3123 3822 inepto
3170 3742 3535 3819 exaggerandi
3584 3735 3845 3812 proﬂuvio

2260 3852 2417 3925 plena
2448 3858 2530 3906 est
2578 3846 2737 3917 hujus
2770 3843 3040 3917 pontiﬁcis
3066 3840 3187 3896 Vita
3210 3878 3224 3903 ,
3264 3838 3319 3893 in
3367 3849 3473 3907 qua
3504 3841 3846 3921 nequaquam

2263 3945 2493 4018 repetita
2546 3916 2738 3998 fuisset
2788 3937 3062 3997 successio
3112 3926 3479 3989 Romanorum
3530 3916 3847 3998 pontiﬁcum

2263 4014 2510 4112 Gregorii
2554 4035 2620 4092 IV
2654 4047 2708 4092 et
2756 4032 2930 4107 Sergii
2974 4032 3050 4098 Il,
3105 4044 3225 4100 qua:
3271 4025 3325 4080 in
3367 4019 3568 4078 Leonis
3614 4014 3691 4112 IV
3737 4014 3852 4112 Vita

2265 4105 2505 4191 exhibita
2528 4138 2668 4192 erat.
2711 4128 2754 4184 si
2785 4105 2922 4182 unus
2959 4134 3014 4181 et
3043 4123 3184 4179 idem
3223 4127 3414 4175 auctor
3438 4115 3622 4169 Vitam
3658 4105 3852 4165 Leonis

2267 4235 2323 4283 et
2358 4221 2637 4281 Benedicti
2683 4219 3094 4290 composuisset.
3140 4213 3309 4285 Magis
3360 4207 3527 4281 igitur
3572 4199 3851 4276 probanda

2268 4317 2483 4373 videtur
2546 4314 2636 4369 illa
2691 4312 3027 4368 eruditorum
3070 4306 3311 4362 virorum
3367 4297 3685 4361 sententia,
3745 4304 3855 4365 qua

2269 4405 2560 4465 Anastasio
2587 4402 3007 4459 Bibliothecario
3020 4397 3198 4454 Vitam
3228 4392 3429 4450 Nicolai
3459 4388 3622 4461 primi
3648 4384 3853 4441 tribuit.

2271 4499 2397 4556 Fuit
2423 4499 2536 4554 haec
2569 4497 2838 4553 sententia
2880 4492 3039 4549 Luca)
3082 4484 3365 4552 Holstenii,
3416 4481 3507 4553 qui
3551 4478 3714 4534 initio
3742 4477 3856 4531 vita:

588 4607 778 4656 auctor
829 4598 982 4655 Vitas
1031 4598 1345 4669 pontiﬁcum
1374 4639 1390 4666 ,
1434 4597 1525 4668 qui
1570 4613 1602 4652 a
1651 4594 1835 4652 Leone
1880 4607 2052 4664 usque
2104 4589 2172 4645 ad
2196 4576 2250 4638 D
2278 4591 2480 4649 Nicolai
2517 4588 2829 4645 adnotavit:
2875 4605 2893 4638 (
2930 4582 3083 4638 Hanc
3111 4580 3291 4637 Vitam
3319 4594 3350 4632 a
3379 4572 3523 4632 sedis
3551 4568 3859 4642 apostolica

590 4690 845 4762 Sergium
875 4688 1172 4746 secundum
1201 4689 1445 4755 deerant,
1492 4687 1654 4744 Libro
1697 4684 1997 4744 Pontiﬁcali
2028 4681 2174 4753 adje-

2276 4679 2693 4739 bibliotbecario
2782 4675 3040 4746 scriptam
3120 4670 3279 4726 docet
3350 4666 3609 4735 frequens
3678 4655 3858 4716 scrinii

588 4784 772 4840 cisset.
845 4782 1050 4841 Auctor
1112 4783 1295 4854 itaque
1368 4782 1654 4839 Gestorum
1726 4779 1903 4852 Sergii
1952 4776 2175 4834 secundi
2278 4769 2636 4829 ecclesiastici
2676 4767 2897 4823 mentio.
2940 4785 2960 4818 ›
3012 4762 3191 4821 Unum
3219 4759 3375 4815 istius
3399 4753 3653 4811 veritatis
3691 4763 3862 4807 exem-

593 4875 841 4933 diversus
867 4839 955 4934 est
978 4839 1049 4932 ab
1079 4875 1145 4932 iis
1181 4839 1274 4948 qui
1314 4874 1652 4947 superiorum
1679 4839 1994 4945 pontiiicum
2023 4870 2177 4927 Vitas
2279 4868 2427 4941 plum
2466 4859 3014 4919 adducere‘sulliciet.
3049 4855 3126 4912 De
3162 4852 3328 4927 gestis
3353 4862 3589 4919 namque
3624 4839 3859 4901 Lotharii

595 4971 1079 5041 conscripserunt,
1128 4970 1288 5040 idque
1359 4968 1642 5025 manifeste
1708 4974 2046 5022 monstratur
2108 4978 2177 5019 ex

596 5063 735 5092 n‘Ivln
790 5063 878 5092 nu:
906 5062 1189 5092 ηἶηηιιιιη-ξη
1221 5063 1436 5092 ινζληοιςη
1487 5062 1781 5092 ξυιΙΛηςΛΛΙῖσ

1812 5059 2011 5092 calda-In
2037 5057 2180 5092 ἷηΙΔν

2282 4934 2358 5014 ita
2407 4956 2597 5013 scribit
2646 4961 2836 5009 auctor
2883 4969 2897 5005 :
2952 4948 3098 5005 Sicut
3142 4948 3197 5002 in
3240 4943 3346 5000 illis
3390 4941 3529 4996 male
3570 4934 3859 5010 compositis

2288 5050 2442 5092 nacti:
2469 5048 2523 5092 δη
2551 5046 2744 5092 scrinia
2792 5043 2951 5092 huius
2995 5040 3133 5092 sedis
3182 5035 3416 5092 repositis
3446 5031 3778 5088 declaratur.
3817 5026 3857 5092 Ι.
