3924 5382
127 320 240 379 215

130 432 417 500 attribuit;
463 429 821 493 Bellarminus
855 440 1037 488 autem
1084 431 1222 487 libro
1261 431 1328 486 de
1358 425 1727 498 Scriptoribus
1752 427 1801 490 Α

92 598 109 603 Γ
132 526 413 584 immerito
447 523 738 582 Anastasio
776 538 965 581 omnes
1006 523 1374 579 Romanorum
1414 518 1732 592 pontiﬁcum

136 619 314 687 Vitas,
368 634 491 690 quae
521 617 695 677 Libro
733 616 1039 673 Pontiﬁcali
1074 616 1444 680 continentur,
1498 612 1729 668 tribuit:

141 733 161 768 t
209 713 446 783 Scripsit
478 712 630 769 Vitas
657 710 1024 769 Romanorum
1070 709 1402 781 pontiﬁcum,
1453 706 1734 777 inquiebat

132 804 527 870 Bellarminus,
576 819 607 859 a
663 812 851 860 sancto
895 801 1061 857 Petro
1106 817 1279 873 usque
1333 800 1400 855 ad
1451 797 1733 855 Nicolaum

126 897 393 969 primum.
445 916 463 951 ι
506 894 565 952 Si
620 895 764 952 enim
798 904 876 951 tot
921 904 1174 952 auctores
1225 895 1377 950 Vitas
1415 893 1732 965 pontiﬁcum

132 990 479 1061 scripserunt
506 997 635 1045 ante
660 988 1007 1045 Anastasium
1028 1030 1042 1057 ,
1095 989 1380 1044 dicendum
1411 1003 1535 1042 cum
1587 986 1733 1043 Luca

131 1081 462 1151 Bolstenio,
516 1082 865 1138 AnaStasium
910 1084 1092 1153 potius
1156 1081 1501 1137 collectorem
1568 1096 1732 1151 quam

132 1190 414 1236 auctorem
449 1178 694 1235 Vitarum
745 1179 1061 1251 pontiﬁcum
1107 1193 1227 1235 esse
1264 1179 1525 1250 potuisse.
1581 1177 1734 1235 Unde

133 1284 242 1325 non
278 1270 386 1325 alia
416 1271 629 1327 ratione
673 1272 750 1326 uti
800 1274 976 1343 potuit
1026 1272 1313 1337 Velserus,
1359 1274 1450 1342 qui
1498 1272 1731 1342 primum

129 1363 360 1419 Librum
407 1363 787 1421 Pontiﬁcalem
833 1369 973 1439 typis
1017 1369 1116 1422 sub
1166 1368 1269 1423 hoc
1323 1366 1477 1422 titulo
1520 1367 1728 1422 edidit:

129 1458 406 1515 Anastasii
437 1458 497 1515 S.
534 1458 603 1514 R.
637 1459 889 1516 Erclesiw
952 1459 1331 1515 bibliothecarii
1377 1458 1616 1513 Historia
1668 1458 1733 1515 de

138 1550 275 1607 Vitis
308 1552 673 1609 Romanorum
714 1556 1025 1627 pontiﬁcum
1052 1574 1083 1610 a
1121 1556 1268 1609 beato
1300 1551 1458 1608 Petro
1496 1552 1731 1623 apostolo

128 1662 296 1717 usque
322 1648 391 1701 ad
418 1647 708 1703 Nicolaum
739 1656 989 1721 primum,
1029 1667 1292 1722 nunquam
1321 1651 1570 1704 hactenus
1597 1647 1731 1719 typis

125 1758 343 1797 excusa.
395 1740 663 1810 Quamvis
706 1744 847 1799 enim
901 1745 1166 1799 rationem
1208 1744 1395 1798 reddat
1440 1742 1491 1796 in
1538 1738 1732 1811 prmfa-

791 312 1221 374 SCHELESTR.
1264 310 1578 371 DISSERT.
1621 308 1710 367 DE
1744 305 1977 376 ANTIQ.
2020 304 2187 361 ROM.
2231 300 2437 359 ΡΟΝΤ.
2471 298 2814 357 CATALOG.

3320 294 3426 349 2M

1904 420 1955 474 1.
1980 412 2050 474 Ut
2080 417 2143 472 de
2174 415 2340 487 priori
2369 420 2522 484 parte
2550 410 2700 468 Libri
2744 403 3098 477 Pontiﬁcalis,
3144 420 3252 478 qua
3289 406 3427 463 Vitae

1837 512 2204 570 Romanorum
2237 506 2552 582 pontiﬁcum
2599 521 2632 561 a
2682 503 2843 560 Petro
2886 517 3058 574 usque
3110 500 3179 557 ad
3224 500 3425 571 Grego-

1836 606 1977 661 rium
2018 604 2060 661 11
2091 604 2158 660 ab
2192 617 2301 659 uno
2332 600 2633 670 eodemque
2678 605 2900 655 auctore
2944 596 3231 667 descriptae
3257 596 3428 651 conti-

1836 710 2056 766 nentur,
2089 698 2294 754 nullum
2325 696 2379 753 in
2410 693 2601 766 primis
2630 692 2852 750 dubium
2882 706 3005 748 esse
3034 691 3272 755 videtur,
3297 688 3428 759 quin

1836 803 2028 850 auctor
2053 806 2151 863 pro
2177 790 2278 846 hac
2308 796 2465 861 parte
2492 801 2621 841 usus
2664 785 2735 841 sit
2770 782 3026 852 Catalogo
3058 781 3430 838 Romanorum

1835 886 2151 960 pontiﬁcum
2188 885 2287 941 sub
2323 880 2613 941 Justiniani
2644 878 2954 949 principatu
2983 875 3330 933 concinnato.
3371 872 3433 928 In

1836 982 2175 1053 singulorum
2222 992 2456 1048 namque
2484 974 2804 1049 pontiﬁcum
2858 971 2998 1028 Vitis
3041 980 3121 1028 tot
3173 980 3434 1039 tantaque

1835 1078 1998 1147 hujus
2021 1074 2266 1130 veritatis
2310 1070 2554 1141 exempla
2587 1074 2904 1131 occurrunt,
2945 1076 3007 1120 ut
3058 1071 3249 1119 auctor
3287 1061 3432 1118 Pon-

1838 1168 2054 1225 tiﬁcalis
2118 1166 2437 1237 plerumque
2514 1161 2681 1217 verba
2762 1156 3002 1227 Catalogi
3078 1154 3436 1224 exscripsisse

1836 1264 2105 1319 videatur.
2134 1260 2211 1315 De
2239 1256 2517 1329 Simplicio
2545 1269 2684 1326 papa
2713 1252 2878 1309 habet
2906 1247 3196 1320 Catalogus
3225 1264 3238 1301 :
3270 1264 3289 1299 ι
3336 1243 3437 1301 Hic

1836 1355 2121 1413 constituit
2159 1352 2227 1409 ad
2265 1360 2512 1407 sanctum
2545 1348 2789 1413 Petrum,
2837 1353 2895 1400 et
2920 1343 2986 1398 ad
3014 1350 3265 1398 sanctum
3298 1340 3436 1394 Pau-

1836 1448 1946 1505 lum
1974 1490 1988 1515 ,
2040 1458 2095 1503 et
2148 1446 2214 1502 ad
2260 1451 2507 1500 sanctum
2536 1439 2890 1495 Laurentium
2935 1434 3325 1497 hebdomadas,
3376 1437 3438 1487 ut

1836 1539 2139 1613 presbyteri
2186 1544 2469 1593 manerent
2511 1543 2733 1605 propter
2777 1530 3142 1600 baptismum,
3177 1535 3232 1581 et
3259 1524 3437 1596 poeni-

1838 1633 2065 1687 tentiam
2093 1629 2404 1701 petentibus
2430 1666 2446 1692 ,
2500 1627 2566 1681 de
2614 1623 2836 1695 regione
2880 1622 3056 1691 prima
3088 1618 3157 1673 ad
3186 1626 3437 1673 sanctum

1836 1724 2083 1789 Paulum,
2110 1724 2175 1777 de
2204 1721 2424 1790 regione
2459 1718 2618 1773 tertia
2650 1716 2715 1773 ad
2750 1714 2808 1770 S.
2836 1712 3188 1769 Laurentimn
3216 1751 3230 1777 ,
3257 1710 3323 1763 de
3348 1723 3435 1762 re-

128 1836 276 1891 tione
304 1837 373 1891 ad
402 1836 691 1904 lectorem,
748 1856 766 1888 ι
801 1838 924 1909 quia
956 1837 1151 1908 stylus,
1203 1845 1422 1905 totaque
1456 1831 1726 1889 scribendi

1840 1818 1992 1887 gione
2036 1814 2263 1883 septima
2304 1811 2371 1865 ad
2401 1809 2459 1865 S.
2513 1807 2756 1862 Petrum.
2798 1823 2817 1857 ι
2863 1803 2994 1871 Qua:
3029 1812 3219 1858 auctor
3249 1796 3435 1853 Ponti-

126 1926 293 1994 ratio,
320 1928 477 1995 ordo,
525 1939 580 1983 et
607 1930 891 1984 methodus
918 1942 1105 1983 earum
1137 1928 1399 1992 Vitarutn,
1445 1943 1564 1997 quae
1608 1935 1731 1997 post

125 2017 275 2073 beati
300 2018 527 2075 Damasi
565 2019 745 2076 Vitam
769 2022 823 2077 in
851 2022 953 2078 hoc
975 2022 1160 2078 codice
1191 2031 1408 2077 exstant
1443 2062 1457 2087 ,
1508 2021 1730 2076 omnino

127 2114 444 2169 consentire
468 2113 687 2169 videtur
712 2131 833 2171 cum
856 2116 1040 2187 phrasi
1071 2117 1430 2185 universaque
1456 2113 1728 2170 scribendi

126 2206 360 2271 ratione,
386 2222 514 2277 quae
546 2218 630 2264 est
656 2209 708 2264 in
736 2210 872 2265 Vitis
898 2211 1171 2281 prioribus
1201 2210 1429 2265 Damaso
1467 2210 1731 2265 hactenus

128 2301 432 2371 inscriptis,
492 2304 573 2358 uti
616 2305 789 2374 quivis
820 2322 926 2361 non
958 2306 1137 2361 ohesze
1182 2306 1330 2361 naris
1371 2304 1539 2359 lector
1574 2303 1731 2359 facile

125 2394 345 2450 odorari
396 2404 458 2451 et
510 2395 791 2453 advertere
836 2398 1055 2469 poterit,
1104 2413 1327 2468 prorsus
1366 2397 1418 2451 in
1458 2412 1578 2451 eam
1611 2411 1732 2451 sen-

123 2491 355 2545 tentiam
388 2490 744 2557 inclinamus,
771 2493 1012 2548 omnium
1046 2491 1255 2547 illarum
1289 2490 1436 2562 (licet
1462 2488 1732 2546 nonnullis

122 2581 176 2636 in
209 2581 351 2638 locis
382 2584 691 2639 adulterina
722 2584 948 2641 aliorum
1002 2584 1305 2656 adjectione
1330 2625 1345 2649 ,
1408 2583 1489 2637 vel
1554 2584 1733 2639 detra-

121 2676 318 2733 ctione
342 2718 359 2743 ,
402 2678 475 2733 ob
529 2694 791 2735 summam
841 2680 1181 2751 superiorum
1212 2677 1534 2734 saeculorum
1563 2675 1732 2732 insci-

122 2767 268 2822 tiam
296 2768 614 2838 depravata:
637 2771 786 2841 sint),
812 2786 994 2825 verum
1021 2780 1075 2825 et
1107 2786 1424 2841 germanum
1452 2778 1733 2840 parentem

122 2873 263 2913 esse
316 2859 662 2916 Anastasium
711 2861 769 2917 S.
820 2860 884 2915 Β.
924 2862 1180 2917 Ecclesiae
1240 2862 1730 2918 bibliothecarium.

124 2952 323 3019 Quare
357 2962 414 3009 et
444 2952 558 3023 ejus
587 2954 993 3011 nomenclalura
1025 2964 1196 3012 totum
1229 2972 1364 3025 opus
1388 2971 1586 3011 ornare
1626 2970 1734 3012 non

129 3046 541 3102 dubitavimus.
588 3067 607 3101 ι
651 3048 908 3115 Quamvis
931 3090 946 3117 ,
992 3050 1215 3120 inquam
1241 3092 1255 3116 ,
1292 3050 1377 3105 his
1417 3049 1599 3105 verbis
1636 3064 1733 3103 au-

128 3151 272 3208 ctor,
304 3142 379 3198 ab
416 3157 527 3197 uno
558 3143 849 3215 eodemque
883 3144 1172 3201 Anastasio
1202 3158 1393 3199 omnes
1420 3142 1736 3214 pontiﬁcum

130 3232 290 3290 Vitas
338 3236 683 3305 conscriptas
720 3234 889 3292 fuisse
928 3236 1155 3303 indicet,
1211 3236 1410 3290 mirum
1453 3243 1632 3289 tamen
1679 3234 1735 3288 in

131 3330 361 3386 modum
419 3347 454 3386 a
507 3344 641 3387 vero
691 3332 940 3398 aberrat,
989 3340 1050 3387 ut
1105 3330 1265 3386 facile
1313 3347 1380 3388 ex
1412 3330 1741 3401 supradictis

132 3422 315 3494 colligi
343 3429 553 3493 potest.
577 3421 751 3493 Atque
778 3423 897 3479 haec
923 3423 1142 3494 quidem
1175 3420 1441 3479 suﬁiciant
1471 3424 1538 3477 de
1573 3421 1739 3479 Libro

133 3512 452 3569 Pontiﬁcali
500 3512 726 3586 ejusque
752 3522 991 3572 auctore.
1026 3513 1216 3570 Restat
1245 3524 1303 3571 ut
1350 3516 1631 3571 videamus
1672 3530 1740 3572 ex

131 3603 471 3674 quibusnam
527 3606 867 3677 antiquitatis
906 3608 1255 3663 monimentis
1294 3608 1431 3665 liber
1470 3609 1560 3665 ille
1604 3625 1738 3666 con-

133 3697 378 3769 scriptus
405 3697 502 3765 sit,
531 3707 588 3754 et
613 3715 862 3770 quaenam
890 3701 942 3759 ei
968 3701 1105 3761 ﬁdes
1128 3718 1160 3759 a
1188 3703 1307 3760 viro
1334 3703 1558 3762 cordate
1586 3702 1739 3759 adhi-

134 3789 249 3847 beri
273 3794 464 3865 possit
487 3792 575 3852 vel
596 3794 810 3854 debeat.

769 3952 994 4013 CAPUT
1029 3954 1123 4012 IX.

131 4084 217 4145 Es
250 4088 583 4163 quibusnam
606 4092 997 4163 antiquitatum
1027 4090 1356 4149 monimentis
1400 4086 1555 4163 Liber
1596 4086 1740 4146 Pon-

199 4160 810 4304 ἱέλξξιὲἒίδξῗηεὶηηαιὶω
846 4167 935 4232 sit,
972 4176 1018 4221 et
1063 4181 1308 4239 quamam
1339 4165 1387 4220 ei
1428 4162 1558 4234 ﬁdes
1588 4163 1741 4219 aditi-

127 4368 167 4421 1.
192 4372 386 4447 Auctor
409 4374 771 4447 priorlslpartis
789 4372 921 4427 Libri
940 4374 1238 4447 Pontiﬁcaiis
1260 4388 1287 4425 ι
1304 4373 1457 4425 Petro
1475 4374 1534 4424 ad
1555 4372 1739 4447 Zacha-

189 4438 312 4511 riam
338 4450 473 4511 usus
497 4444 579 4487 est
592 4438 827 4511 _Catalog_o
851 4448 996 4511 sexto
1018 4443 1223 4511 secuto
1251 4446 1454 4511 exarato
1477 4476 1490 4498 ,
1524 4444 1576 4511 ut
1609 4447 1742 4511 patet

191 4502 239 4564 in
266 4503 457 4564 primis
477 4512 546 4564 ex
572 4504 779 4564 diversis
796 4502 912 4552 locis
933 4516 1042 4564 quas
1064 4516 1123 4551 ex
1148 4500 1375 4563 Catalogo
1394 4500 1743 4563 descripsit.—

192 4562 830 4638 ll'._’S.eg_ttndo.td_constat
860 4577 922 4615 ex
953 4562 1208 4638 consulum
1249 4562 1391 4638 notis,
1424 4562 1740 4638 quaslauctor

188 4624 339 4677 Libri
376 4626 774 4688 Pontiﬁcalisex
810 4638 1026 4679 secundo
1061 4626 1287 4688 Catatogo
1318 4628 1603 4685 desumpsit,
1630 4640 1737 4678 nam

188 4690 368 4739 nullos
391 4688 521 4752 alios
544 4686 771 4752 consules
807 4702 949 4752 quam
970 4691 1019 4737 in
1042 4686 1258 4739 secundo
1274 4688 1502 4745 Cataloizo
1523 4690 1741 4751 assigna-

190 4758 271 4825 tus
316 4751 526 4825 e_xib_et.
572 4776 639 4825 τ
680 4750 887 4825 lllJDe
928 4753 1048 4823 actis
1087 4757 1407 4825 qua-.auctor
1452 4750 1742 4825 i’ontilicaljs

192 4816 404 4867 aliunde
448 4815 646 4876 habuit,
681 4816 854 4877 partim
894 4818 1059 4872 scitur,
1100 4814 1272 4876 partim
1308 4815 1574 4877 ignoratur,
1610 4816 1738 4865 unde

189 4878 470 4941 desumpta
507 4883 609 4928 sint
624 4874 695 4913 4-⁷
710 4874 793 4941 1ν.
834 4874 1333 4941 1ιιιριζὶ11ίαυοτυηι
1373 4876 1479 4926 fons
1516 4885 1568 4926 et
1601 4879 1742 4940 origo

192 4940 518 5000 seitur,’sunt
541 4940 767 4991 manalis
802 4941 921 4988 Acta
955 4940 1163 4990 Cornelii
1200 4949 1335 5001 papae
1366 4950 1430 5001 ex
1466 4941 1740 5001 antiquiore

199 5004 448 5067 Catatogo
469 5004 714 5065 descripta
739 5002 893 5059 :Acta
917 5003 1168 5067 Stephani,
1198 5000 1410 5067 Marcelli
1439 5000 1742 5065 aliorumque

202 5080 268 5131 ex
312 5061 538 5131 ips'ornm
580 5061 716 5125 \‘iiis,
757 5078 847 5131 seu
885 5066 1095 5131 niarlyrii
1132 5061 1250 5115 actis
1282 5061 1484 5131 collecta
1514 5061 1744 5115 suntf—

202 5124 417 5190 V.'Q'ue
439 5131 507 5180 de
528 5124 867 5179 donationibus
891 5129 941 5175 in
963 5124 1203 5176 SVIvestro
1235 5132 1287 5175 et
1322 5124 1481 5190 Marco
1503 5129 1746 5177 adduntur

206 5208 273 5245 ex
315 5189 661 5245 instrumentis
692 5191 1036 5249 ecclesiarum,
1069 5196 1120 5239 et
1152 5190 1347 5252 archiva
1374 5189 1515 5252 sedis
1538 5198 1744 5252 aposto—

204 5259 321 5310 licae
346 5256 674 5321 prodieruntL
696 5252 928 5321 unde‘de
970 5248 1096 5321 Libri
1138 5248 1433 5321 Pontilicalis
1468 5248 1745 5321 prmstantia

202 5293 1746 5382 metiri?‘kx“:g,3;tgaoa';;rte'tignianimus;

1834 1909 2005 1965 ticalis
2060 1907 2145 1962 his
2196 1903 2375 1958 verbis
2419 1900 2589 1955 refert
2638 1919 2650 1954 :
2711 1916 2729 1950 ι
2776 1896 2878 1953 llic
2921 1894 3202 1952 constituit
3251 1893 3318 1947 ad
3368 1889 3432 1946 S.

1832 2000 2051 2057 Petrum
2079 1998 2404 2071 apostolum,
2447 2008 2502 2054 et
2528 1998 2595 2052 ad
2627 1997 2684 2052 S.
2732 1994 2958 2050 Paulum
3008 1991 3334 2062 apostolum,
3376 1992 3433 2042 et

1834 2096 1901 2151 ad
1932 2105 2179 2150 sanctum
2210 2092 2563 2148 Laurentium
2593 2099 2891 2162 martyrem
2924 2084 3335 2144 hebdomadam,
3371 2088 3434 2136 ut

1832 2185 2135 2259 presbyteri
2164 2193 2444 2239 manerent
2472 2183 2542 2237 ibi
2567 2190 2788 2251 propter
2808 2179 3155 2249 poenitentes,
3181 2183 3235 2229 et
3261 2173 3439 2241 bapti-

1833 2293 2032 2341 smmn,
2065 2276 2340 2346 regionem
2390 2273 2605 2328 tertiam
2655 2273 2720 2327 ad
2758 2282 3004 2325 sanetum
3059 2263 3436 2329 Laurentium,

1834 2374 2107 2444 regionem
2135 2373 2365 2443 primam
2395 2370 2461 2425 ad
2478 2378 2722 2425 sanctum
2746 2364 3278 2435 Paulnm,regionem
3303 2374 3436 2414 sex-

1835 2473 1964 2529 tam,
1999 2464 2082 2518 vel
2109 2465 2394 2534 septimam
2416 2464 2483 2517 ad
2509 2470 2755 2519 sanctum
2778 2459 3016 2515 Petrum.
3052 2477 3069 2510 ι
3097 2456 3221 2511 llaec
3246 2463 3441 2508 auctor

1833 2558 1980 2614 Libri
2011 2559 2342 2614 Pontiﬁcalis
2364 2600 2377 2624 ,
2414 2574 2533 2628 quze
2561 2572 2721 2611 nemo
2753 2569 2861 2609 non
2894 2552 3065 2616 videt,
3096 2566 3161 2604 ex
3192 2544 3443 2615 Catalogi

1834 2650 1952 2706 loco
1997 2650 2245 2721 superius
2293 2649 2455 2705 allato
2488 2649 2768 2719 desumpta
2813 2660 2952 2701 esse.
3000 2642 3175 2697 Habet
3222 2652 3441 2710 quoque

1833 2741 2125 2812 Catalogus
2180 2743 2232 2795 in
2287 2739 2552 2811 Simplicii
2612 2749 2955 2795 antecessore
3001 2734 3186 2789 Hilaro
3236 2747 3371 2803 papa
3420 2748 3438 2787 :

1842 2852 1861 2886 ι
1909 2834 2008 2889 Hic
2042 2834 2171 2891 fecit
2203 2833 2532 2890 decretalem
2583 2842 2638 2888 et
2671 2848 2769 2903 per
2798 2831 3113 2885 universum
3158 2824 3443 2881 Orientem

1836 2928 2059 2994 direxit,
2091 2936 2145 2983 et
2175 2925 2433 2999 epistolas
2462 2927 2527 2982 de
2559 2925 2663 2979 ﬁde
2693 2922 2981 2980 catholica.
3032 2940 3049 2973 ι
3088 2918 3217 2985 Quae
3248 2925 3443 2970 auctor

1835 3019 2170 3077 Pontiﬁcalis
2195 3020 2279 3075 his
2308 3016 2687 3075 verbis‘tradit
2712 3034 2725 3069 :
2754 3034 2773 3068 ‹
2806 3014 2907 3069 ilic
2927 3012 3058 3068 fecit
3082 3007 3434 3070 decretalem,

1840 3123 1896 3169 et
1925 3129 2023 3184 per
2051 3113 2366 3169 universum
2399 3111 2679 3168 Orientem
2712 3108 2916 3180 sparsit
2946 3104 3204 3176 epistolas
3237 3102 3303 3157 de
3336 3100 3443 3155 ﬁde

1758 3193 1809 3261 C
1841 3205 2106 3263 catholica
2135 3214 2190 3260 et
2237 3204 2569 3275 apostolica,
2625 3202 2956 3259 conﬁrmans
3004 3208 3115 3253 tres
3168 3193 3440 3267 synodos,

1844 3297 2139 3362 Nicmnam,
2192 3296 2543 3368 Ephesinam,
2592 3303 2648 3352 et
2697 3294 3217 3357 Chalcedonensem.
3257 3307 3274 3340 ι
3311 3287 3443 3354 Quae

1840 3393 2006 3451 verba
2034 3400 2251 3448 constat
2296 3392 2579 3464 desumpta
2630 3405 2750 3447 esse
2795 3404 2864 3445 ex
2912 3385 3142 3459 priefato
3195 3378 3443 3460 Catalvogi

1842 3487 1981 3551 loco,
2030 3487 2083 3541 in
2112 3501 2218 3556 quo
2250 3494 2429 3540 tamen
2467 3483 2601 3540 nihil
2629 3484 2697 3539 de
2729 3483 2903 3538 tribus
2954 3479 3175 3553 synodis
3221 3475 3441 3547 legitur,

1843 3579 1978 3633 adeo
2008 3586 2068 3631 ut
2096 3590 2323 3633 necesse
2353 3574 2425 3631 sit
2470 3584 2749 3631 auctorem
2776 3572 2926 3628 Libri
2955 3567 3292 3625 Pontiﬁcalis
3334 3565 3441 3621 hoc

1840 3669 2101 3742 Catalogo
2138 3667 2496 3740 posteriorem
2525 3682 2647 3724 esse
2669 3708 2683 3732 ,
2729 3682 2856 3722 cum
2886 3663 2960 3720 illi
2991 3661 3247 3720 nonnulla
3280 3658 3439 3714 addi-

1843 3764 1983 3821 derit
2011 3764 2194 3821 forsan
2227 3776 2295 3821 ει
2335 3764 2521 3821 eodem
2556 3761 2705 3817 fonte
2735 3778 2801 3819 ex
2832 3775 2940 3833 quo
2985 3766 3176 3815 auctor
3220 3752 3445 3809 alterius

1841 3856 2085 3929 Catalogi
2138 3866 2382 3928 tempore
2452 3853 2631 3911 Caroli
2688 3853 2866 3924 Magni
2926 3862 3053 3907 ante
3108 3834 3234 3904 850⁸
3268 3857 3441 3902 annos

1842 3952 2125 4023 sequentia
2158 3949 2459 4020 desumpsit
2486 3949 2540 4003 in
2572 3946 2757 4002 Hilaro
2802 3961 2939 4019 papa
2990 3963 3002 3998 :
3044 3963 3062 3997 ‹
3102 3942 3202 3997 Hic
3233 3940 3445 4012 Spargit

1842 4046 2101 4119 epistolas
2132 4045 2198 4102 de
2230 4044 2333 4100 ﬁde
2379 4040 2657 4099 Catholica
2703 4054 2800 4111 per
2847 4038 3035 4095 orbem
3083 4032 3442 4101 Orientalem,

1844 4146 1897 4195 et
1928 4136 2271 4194 conﬁrmavit
2302 4147 2411 4191 tres
2456 4131 2713 4206 synodos,
2744 4129 3043 4195 Niczenam,
3082 4125 3433 4195 Ephesinam,

1843 4245 1897 4289 et
1941 4230 2462 4289 Chalcedonensem.
2504 4246 2523 4280 ι
2584 4226 2715 4295 Quae
2746 4240 2815 4280 ex
2857 4222 3026 4295 gestis
3064 4219 3236 4276 llilari
3290 4231 3444 4290 papae

1843 4323 2078 4397 primum
2129 4321 2197 4378 ab
2248 4330 2469 4378 auctore
2518 4315 2664 4372 Libri
2704 4314 3074 4379 Pontiﬁcalis,
3126 4308 3317 4367 deinde
3374 4309 3445 4366 ab

1845 4427 2066 4474 auctore
2096 4415 2338 4488 Catalogi
2370 4423 2613 4485 tempore
2642 4409 2825 4468 Caroli
2870 4407 3049 4481 Magni
3071 4404 3311 4464 contexti
3350 4403 3445 4458 de-

1849 4518 2059 4579 sumpta
2098 4508 2366 4563 videntur.

1770 4576 1820 4642 D
1915 4604 1969 4658 2.
2015 4600 2265 4659 Secundo
2292 4607 2506 4657 constat
2554 4598 2658 4653 hoc
2708 4595 2884 4667 ipsum
2936 4608 3003 4649 ex
3035 4586 3315 4647 consulum
3350 4598 3448 4639 no-

1848 4699 1917 4755 tis
1948 4739 1961 4764 ,
2014 4713 2134 4767 quae
2194 4696 2249 4750 in
2299 4693 2466 4750 Libro
2511 4687 2819 4749 Pontiﬁcali
2875 4688 2944 4741 ad
3003 4692 3449 4752 unumquemque

1850 4790 2224 4864 pontiﬁcatum
2282 4792 2625 4852 occurrunt,
2679 4790 2735 4839 et
2784 4792 2925 4848 quas
2983 4785 3171 4832 auctor
3226 4770 3453 4827 secundi

1850 4882 2089 4953 Catalogi
2137 4882 2336 4952 partim
2403 4894 2469 4934 ex
2523 4871 2830 4943 antiquiore
2894 4867 3151 4938 Catalogo
3206 4873 3454 4933 tempore

1850 4974 2053 5033 Lilierii
2082 4971 2375 5040 conscripti
2402 4966 2726 5037 desumpsit,
2759 4960 2959 5030 partim
2995 4961 3062 5017 de
3092 4974 3189 5015 suo
3222 4954 3452 5019 addidit,
3500 4978 3501 4981 η

1853 5069 1927 5122 ita
1960 5074 2016 5119 ut
2040 5081 2105 5120 ex
2138 5080 2202 5119 eo
2232 5070 2484 5116 constare
2511 5056 2817 5112 existimem
2850 5053 2999 5123 quod
3028 5066 3218 5109 omnes
3246 5062 3450 5104 consu-

1849 5159 1929 5214 les
1958 5173 1987 5210 a
2028 5155 2145 5209 Lini
2175 5150 2490 5222 pontiﬁcatu
2523 5163 2694 5217 usque
2730 5143 2797 5198 ad
2842 5141 3088 5201 Marcum
3122 5155 3315 5215 papam
3346 5138 3456 5192 sint

1852 5252 2015 5307 iidem
2065 5246 2285 5304 omnino
2342 5241 2434 5313 qui
2482 5240 2535 5293 in
2589 5248 2819 5308 utroque
2870 5237 3129 5309 Catalogo
3182 5242 3238 5291 et
3286 5229 3452 5285 Libro

1850 5337 2147 5382 Dnniiﬁmli
2198 5332 2566 5382 assinnantur.
2617 5338 2671 5382 et.
2705 5329 2783 5382 sic
2813 5338 3007 5382 auctor
3040 5322 3261 5382 secundi
3292 5320 3454 5375 Cata-
