3976 6312
996 395 1033 402 ᾼυο

518 406 535 443 ·’
561 412 670 479 iis

1299 404 1870 478 AnANAsrA'smtt
1908 416 2422 477 PROLEGOMENA
2460 412 2643 477 EDIT.’
2672 406 3092 479 noui-varie:

3718 410 3833 478 ius

518 538 526 563 "
564 517 900 621 consulibus,
931 552 997 595 ex
1026 518 1112 594 (ite
1133 553 1205 593 xv
1234 536 1504 595 Kalendas
1528 539 1689 595 Febr.
1717 554 1887 623 usque
1912 536 2135 593 in.diem
2162 540 2218 600 Α
2238 537 2297 592 ln
2357 536 2477 591 Vita
2543 536 2623 592 Pii
2661 554 2811 611 papae
2885 539 3154 595 habentur
3211 537 3430 608 quidem
3497 536 3830 607 sequentia:

524 640 529 645 ‘
565 626 841 689 Nonarum
874 626 1187 688 Octobrium
1229 631 1541 687 consulibus
1574 631 1919 702 supradictis.
1959 648 1978 682 ι
2013 628 2144 697 Quae

524 734 529 737 '
566 714 1007 777 auctor'secundi
1032 718 1272 792 Catalogi
1304 721 1383 776 sic
1411 720 1579 777 refert
1608 739 1622 775 :
1679 740 1697 774 ι
1732 720 1857 776 Fuit
1887 708 2143 791 tempori-

563 812 667 866 bus
691 810 1028 866 Constantini
1056 818 1111 866 et
1140 808 1423 880 Nepotiani
1467 801 1705 867 secundo
1737 811 2048 869 consulibus
2074 827 2145 867 ex

521 916 525 921 ‘
565 903 654 958 die
681 902 909 959 Kalend.
934 901 1095 958 Febr.
1123 898 1294 974 usmte
1316 902 1368 959 in
1391 900 1530 959 diem
1560 902 1785 958 Kalend.
1820 902 2136 959 Octobris.)

520 1006 525 1017 ί
564 994 735 1050 Error
773 985 1117 1052 librariorum
1162 995 1253 1051 hic
1277 1004 1361 1051 est
1401 995 1456 1051 in
1501 996 1781 1053 consulum
1811 997 2142 1063 nominibus,

518 1104 523 1109 ·
565 1086 932 1158 nonnullaque
956 1081 1182 1143 mutatio
1211 1087 1351 1144 facta
1373 1089 1588 1144 videtur
1623 1089 1679 1143 in
1721 1088 1910 1144 diebus
1951 1088 2144 1158 quibus

567 1175 781 1233 Marcus
803 1177 992 1233 sedere
1009 1178 1175 1247 caepit
1199 1185 1255 1233 et
1271 1176 1446 1234 desiit.
1469 1176 1640 1233 Porro
1654 1178 1841 1232 auctor
1859 1176 2147 1233 Pontiﬁca-

569 1268 639 1325 lis
652 1284 868 1327 errores
878 1271 980 1327 bos
993 1270 1244 1334 retinuit;
1260 1267 1382 1326 nam
1398 1271 1474 1325 ait
1492 1288 1505 1325 :
1527 1288 1545 1321 ‹
1565 1271 1689 1325 Fuit
1701 1279 1879 1326 autem
1896 1271 2149 1341 tempori-

569 1360 673 1416 bus
695 1359 1033 1418 Constantini
1061 1373 1116 1420 et
1126 1360 1410 1432 Nepotiani
1432 1377 1498 1418 ac
1511 1361 1745 1419 Secundi
1759 1362 2059 1430 consulum,
2077 1378 2146 1420 ex

568 1451 660 1507 die
669 1452 896 1510 Kalend.
910 1452 1071 1510 Febr;
1086 1469 1258 1525 usque
1271 1456 1327 1510 in
1340 1455 1484 1510 diem
1498 1454 2012 1512 Kalend.'0ctobris.
2026 1475 2044 1509 ι
2064 1454 2147 1510 Ex

524 1556 529 1559 '
569 1543 766 1614 quibus
804 1544 1114 1602 conﬁrmari
1142 1545 1354 1601 videtur
1366 1545 1509 1616 quod
1534 1553 1722 1602 auctor
1745 1546 1896 1602 Libri
1922 1544 2149 1602 Pontiﬁ-

570 1634 707 1691 calis
728 1635 977 1691 consules
998 1644 1055 1690 et
1075 1635 1193 1692 dies
1224 1635 1580 1692 Pontiﬁcatus
1604 1636 1769 1692 Marci
1791 1634 2149 1706 desumpserit

569 1740 639 1779 ex
653 1727 891 1782 secundo
903 1725 1160 1798 Catalogo
1181 1726 1378 1783 saeculo
1392 1736 1544 1783 sexto
1562 1728 1888 1798 conscripto,
1910 1727 2000 1798 qui
2019 1736 2149 1783 tunc

569 1815 915 1872 librariorum
946 1817 1158 1873 incuria
1197 1819 1522 1888 depravatus
1545 1829 1651 1874 est.
1688 1819 1858 1873 Porro
1883 1818 2149 1888 antiquio-

2253 647 2273 682 ι
2314 629 2412 685 Hic
2437 645 2504 686 ex
2528 640 2716 702 rogatu
2746 631 2915 687 beatae
2941 630 3201 688 Praxedis
3233 627 3503 687 dedicavit
3536 627 3830 685 ecclesiam

2222 718 2510 778 ‘T‘hermas
2548 722 2738 778 Novati
2769 724 2822 778 in
2859 724 2978 778 vico
3006 722 3217 778 Patritii
3240 723 3295 777 in
3327 721 3589 777 honorem
3619 718 3834 775 sororis

2246 829 2357 871 sua:
2383 821 2581 870 sanctae
2618 813 2966 879 Potentianaz,
2995 813 3085 868 ubi
3128 822 3184 868 et
3210 813 3377 869 multa
3421 812 3561 868 dona
3604 810 3829 877 obtulit,

2244 904 2337 961 ubi
2376 920 2516 974 saepe
2556 905 2879 961 sacriﬁcium
2901 905 3128 960 Domino
3166 902 3400 960 oﬁ‘erens
3442 902 3829 969 ministrabat;

2247 994 2377 1061 imo,
2425 1004 2482 1050 et
2523 993 2727 1050 fontem
2764 994 3015 1065 baptismi
3058 994 3300 1049 construi
3338 992 3487 1058 fecit,
3530 1007 3697 1049 manu
3735 1005 3833 1047 sua

2245 1083 2521 1140 benedixit
2563 1093 2618 1139 et
2638 1083 2973 1139 consecravit
2997 1124 3010 1147 ,
3041 1091 3097 1139 ct
3127 1082 3323 1138 multos
3349 1082 3636 1139 venientes
3662 1081 3735 1136 ad
3774 1080 3835 1134 ﬁ-

2248 1174 2373 1231 dem
2394 1175 2689 1245 baptizavit
2729 1175 2785 1230 in
2824 1174 3041 1230 nomine
3065 1173 3367 1229 Trinitatis.
3404 1191 3424 1224 ι
3478 1172 3606 1229 Haec
3643 1181 3831 1228 tamen

2247 1268 2432 1334 verba,
2463 1277 2525 1325 ut
2559 1267 2734 1324 Lucas
2773 1266 3081 1324 Holstenius
3128 1266 3354 1342 notavit,
3396 1267 3597 1322 absunt
3645 1281 3676 1320 a
3707 1264 3835 1320 Flo-

2249 1359 2476 1416 rentinis
2529 1359 2801 1416 codicibus
2847 1358 3228 1428 manuscriptis
3264 1365 3320 1413 et
3361 1356 3547 1428 Regio,
3597 1365 3667 1412 ct
3706 1357 3833 1426 quia

2226 1459 2401 1515 extra
2431 1448 2678 1505 ordinem
2700 1449 2945 1520 apposita
2984 1456 3110 1503 sunt
3134 1448 3199 1502 ad
3247 1448 3408 1502 linem
3432 1446 3595 1512 Viue,
3640 1455 3832 1517 postea

2250 1544 2425 1600 eidem
2461 1542 2626 1600 Libro
2672 1541 2969 1599 Pontiﬁcali
3019 1528 3225 1610 adjecta
3285 1540 3453 1596 fuisse
3508 1540 3828 1595 creduntur.

2250 1632 2471 1704 Adjecta
2501 1649 2716 1705 quoque
2738 1641 2861 1691 sunt
2881 1649 3000 1703 quae
3024 1634 3075 1688 in
3104 1632 3265 1688 Libro
3300 1629 3603 1688 Pontiﬁcali
3628 1629 3832 1686 haben-

2222 1788 2227 1793 ,
2252 1735 2342 1781 tur
2375 1726 2475 1782 sub
2494 1724 2714 1783 Victore
2738 1744 2752 1780 :
2791 1744 2810 1779 ε
2837 1726 2938 1780 Hic
2964 1724 3089 1779 fecit
3117 1723 3467 1795 constitutum
3497 1721 3563 1777 ad
3586 1721 3828 1777 interro-

2253 1817 2522 1887 gationem
2552 1816 2893 1873 sacerdotum
2914 1814 2978 1870 de
2998 1812 3200 1869 circulo
3214 1813 3435 1871 Pascha:
3454 1828 3577 1869 cum
3604 1812 3832 1884 presby-

568 1921 686 1962 rem
711 1907 1024 1980 Catalogum
1072 1907 1274 1964 fontem
1304 1922 1426 1965 esse
1468 1924 1537 1965 ex
1565 1924 1672 1980 quo
1713 1917 1903 1967 auctor
1926 1907 2147 1964 secundi
2175 1926 2225 1987 Β
2255 1911 2387 1966 teris
2414 1918 2468 1966 et
2493 1909 2760 1980 episcopis
2788 1907 2927 1963 facta
2948 1905 3256 1971 collatione,
3282 1913 3336 1959 et
3357 1895 3625 1961 accersito
3653 1904 3832 1959 Theo-

567 1995 810 2068 Catalogi
835 1998 1113 2055 consulum
1136 2000 1356 2055 nomina
1382 2000 1627 2072 protulit,
1657 2015 1816 2057 nemo
1846 2001 1900 2055 in
1926 2001 2148 2056 dubium

567 2087 805 2153 vocabit,
839 2089 930 2157 qui
959 2089 1266 2147 considerat
1292 2099 1413 2159 post
1441 2090 1809 2160 pontiﬁcatum
1842 2088 2061 2157 Liberii,
2092 2089 2147 2145 in

568 2194 680 2249 quo
718 2181 994 2252 antiquior
1030 2182 1315 2255 Catalogus
1360 2182 1520 2239 ﬁnem
1564 2184 1779 2253 accipit,
1812 2184 1865 2238 in
1912 2183 2147 2241 secundo

567 2270 825 2344 Catalogo
891 2272 1066 2330 nullos
1126 2274 1356 2345 amplius
1417 2274 1666 2330 consules
1737 2274 2021 2345 assignari.
2086 2275 2145 2331 ln

566 2363 798 2420 Damaso
837 2365 984 2420 enim
1032 2364 1241 2421 Liberii‘
1276 2380 1588 2423 successore
1636 2366 1801 2421 habet
1831 2376 2021 2423 auctor
2054 2382 2143 2425 se-

564 2457 729 2511 cundi
755 2456 993 2529 Catalogi
1024 2476 1039 2513 :
1077 2474 1096 2509 'c
1131 2457 1280 2514 Sedit
1307 2474 1478 2515 annos
1506 2460 1593 2524 l7,
1618 2474 1831 2515 menses
1845 2460 1898 2525 5,
1923 2460 2038 2516 dies
2064 2475 2139 2515 χι.

565 2544 691 2603 Fuit
743 2547 1072 2617 temporibus
1115 2546 1334 2604 Juliani.
1371 2568 1392 2601 ι
1444 2548 1648 2603 Auctor
1677 2564 1805 2604 vero
1853 2548 2144 2604 Pontiﬁca-

563 2634 632 2689 lis
665 2651 678 2686 :
715 2653 735 2686 ‹
767 2634 919 2691 Sedit
938 2651 1110 2692 annos
1136 2637 1319 2692 decem
1349 2645 1404 2692 et
1433 2645 1579 2702 octo,
1609 2639 1885 2694 mensibus
1908 2638 2139 2704 duobus,

464 2767 471 2773 ι
565 2726 756 2783 diebus
784 2728 989 2785 decem.
1024 2747 1044 2780 ι
1081 2728 1149 2782 Ει
1176 2737 1299 2799 post
1324 2714 1586 2783 enarrata.
1608 2729 1700 2784 illa
1729 2745 1849 2799 quae
1872 2731 1937 2784 ad
1968 2731 2140 2784 intru-

564 2817 773 2872 sionem
799 2815 1033 2893 Ursicini
1062 2826 1307 2889 spectant
1338 2837 1353 2873 :
1385 2838 1403 2871 ι
1430 2819 1568 2874 Fuit
1595 2829 1773 2874 autem
1811 2822 2139 2891 temporibus

561 2906 797 2975 Iuliani,
846 2928 864 2961 ι
899 2909 1045 2966 nulla
1073 2912 1291 2967 omnino
1338 2913 1610 2967 mentione
1658 2910 1801 2968 facta
1829 2912 2139 2969 consulatus

561 3019 673 3075 quo
737 3003 1000 3063 Damasus
1055 3013 1290 3076 coeperat
1358 3004 1678 3076 ﬁnieratque
1742 3007 2135 3078 pontiﬁcatum.

560 3094 708 3152 Idem
738 3097 923 3153 videre
968 3097 1095 3153 licet
1142 3098 1195 3153 in
1227 3097 1457 3163 Siricio,
1488 3099 1797 3165 Anastasio,
1826 3098 2137 3157 Innocentio

559 3191 755 3258 primo,
788 3188 1003 3245 Zosimo
1047 3188 1274 3261 aliisque
1322 3189 1537 3246 Damasi
1574 3192 1977 3248 successoribus
2000 3233 2015 3260 ,
2047 3208 2137 3248 us-

2248 2000 2396 2070 philo
2429 1999 2682 2070 episcopo
2720 1995 3055 2051 Alexandriae
3099 1993 3242 2049 facta
3278 1993 3722 2065 congregatione,
3775 2002 3833 2047 ut

2248 2107 2280 2146 a
2309 2098 2501 2161 quarta
2537 2089 2745 2143 decima
2772 2087 2897 2141 luna
2928 2085 3087 2157 primi
3118 2084 3320 2140 mensis
3352 2098 3523 2154 usque
3566 2084 3641 2139 ad
3687 2085 3832 2153 vige-

2247 2181 2437 2237 simam
2478 2180 2709 2251 primam
2759 2177 2846 2233 die
2887 2175 3163 2232 Dominica
3194 2175 3531 2232 custodiatur
3580 2183 3830 2230 sanctum

2245 2271 2474 2327 Pascha.
2520 2291 2538 2323 ι
2576 2271 2699 2325 Haec
2723 2268 2867 2324 enim
2895 2269 2967 2324 ibi
3001 2276 3152 2323 extra
3184 2268 3425 2324 ordinem
3460 2267 3827 2338 reperiuntur,

2244 2374 2531 2436 postquam
2560 2364 2626 2419 de
2651 2361 3080 2418 ordinationibus
3123 2362 3300 2418 actum
3328 2366 3469 2426 erat,
3500 2360 3592 2415 ubi
3636 2368 3696 2415 et
3732 2374 3828 2413 no-

2243 2457 2467 2513 tandum
2495 2457 2639 2527 quod
2663 2455 2752 2511 illa
2778 2471 2897 2526 qute
2924 2456 2989 2511 de
3013 2454 3292 2526 Theophila
3312 2453 3680 2509 Alexandrino
3703 2468 3829 2508 nar-

2244 2556 2434 2603 rantur
2467 2547 2596 2603 falsa
2627 2547 2752 2614 sint,
2785 2538 2909 2602 cum
2936 2545 3264 2615 Theophilus
3304 2544 3671 2601 Ctesareensis
3710 2545 3826 2599 fue-

2243 2639 2335 2706 rit,
2364 2639 2431 2693 ad
2458 2654 2617 2708 quem
2644 2637 2850 2704 Victor,
2883 2645 3019 2692 teste
3056 2636 3222 2702 Beda,
3247 2636 3348 2692 hac
3374 2636 3440 2691 de
3481 2649 3541 2689 re
3588 2635 3824 2705 scripsit.

2240 2726 2463 2797 Adjecta
2505 2738 2682 2784 tamen
2706 2744 2809 2783 non
2841 2735 2986 2792 sunt,
3023 2726 3116 2781 sed
3146 2741 3359 2796 semper
3397 2725 3451 2780 in
3491 2724 3659 2780 Libro
3685 2725 3826 2780 Pon-

2241 2818 2423 2875 tiﬁcali
2454 2819 2726 2873 exstitisse
2749 2812 3000 2872 videntur
3023 2815 3322 2886 sequentia,
3348 2831 3467 2885 qum
3498 2815 3552 2869 in
3577 2816 3820 2871 secundo

2240 2909 2494 2981 Catalogo
2525 2925 2630 2963 non
2661 2908 3038 2978 reperiuntur:
3092 2926 3111 2958 ι
3152 2905 3308 2962 Fecit
3350 2906 3709 2962 constitutum
3758 2906 3823 2960 de

2238 2999 2502 3064 Ecclesia,
2533 3008 2591 3052 ut
2628 3008 2849 3068 patcnas
2879 2999 3081 3053 vitreas
3126 3006 3250 3052 ante
3294 2997 3603 3052 sacerdotes
3632 2996 3687 3050 in
3727 2995 3826 3051 Ec-

2238 3090 2457 3146 clesiam
2503 3089 2733 3146 ministri
2781 3098 3079 3161 portarent,
3112 3089 3283 3145 donec
3310 3089 3595 3159 episcopus
3624 3089 3825 3145 missas

2240 3187 2556 3252 celebraret,
2588 3195 2712 3241 ante
2760 3199 2818 3241 se
2870 3185 3239 3241 sacerdotibus
3286 3186 3717 3261 astantibus,‘et
3742 3186 3825 3240 sic

560 3293 668 3348 que
694 3278 763 3335 ad
789 3277 1075 3346 Joannem,
1105 3281 1257 3352 cujus
1282 3282 1509 3352 tempori
1537 3297 1660 3337 cum
1689 3292 1878 3338 auctor
1913 3283 2133 3339 secundi
2161 3278 2207 3342 C
2239 3279 2418 3334 missae
2444 3278 2804 3341 celebrantur,
2831 3285 3057 3346 excepto
3083 3276 3226 3347 quod
3261 3276 3351 3347 jus
3385 3275 3625 3359 episcopi
3656 3275 3826 3330 inter-

559 3366 800 3439 Catalogi
831 3370 1043 3426 vicinus
1064 3369 1254 3437 fuerit,
1284 3369 1524 3441 ejusdem
1556 3373 1899 3443 pontiﬁcatus
1924 3374 2136 3430 initium

556 3470 614 3516 et
631 3460 790 3516 ﬁnem
814 3463 978 3519 certis
1004 3465 1318 3522 consulibus
1343 3458 1678 3537 assignavit:
1707 3464 1727 3521 ὰ
1762 3468 1933 3537 Sedit,
1964 3470 2137 3540 inquit

556 3552 624 3604 de
646 3548 876 3618 Joanne,
905 3568 1077 3611 annos
1108 3557 1263 3622 duos,
1295 3572 1510 3615 menses
1551 3566 1675 3615 octo
1699 3599 1714 3625 ,
1762 3560 1877 3614 dies
1904 3560 2133 3630 quinde-

554 3642 663 3698 cim
690 3684 705 3707 ,
767 3658 798 3699 a
850 3646 1139 3703 consulatu
1194 3648 1410 3704 Maximi
1459 3664 1628 3729 usque
1676 3648 1745 3705 ad
1798 3649 2136 3707 consulatum

556 3737 750 3794 Olibri.
791 3758 811 3794 ι
846 3739 977 3808 Quae
1017 3741 1207 3798 eadem
1257 3744 1451 3813 repetit
1498 3751 1690 3800 auctor
1715 3742 2047 3800 Pontiﬁcalis
2079 3742 2135 3800 in

550 3828 656 3883 hoc
680 3830 956 3900 pontiﬁce,
981 3833 1060 3888 uti
1085 3842 1142 3889 et
1166 3833 1219 3889 in
1241 3833 1420 3890 Felice
1448 3846 1660 3906 quarto,
1691 3851 1924 3906 quocum
1944 3844 2135 3893 auctor

551 3923 775 3978 secundi
820 3922 1062 3997 Catalogi
1101 3924 1256 3981 ﬁnit:
1293 3945 1311 3979 ι
1345 3926 1393 3980 Α
1434 3926 1713 3983 consulatu
1742 3927 1933 3983 Aburti
1963 3943 2134 3998 usque

548 4011 605 4067 in
636 4014 977 4071 consulatum
1021 4016 1281 4088 Lampadi
1323 4027 1379 4072 et
1419 4017 1650 4085 Orestis,
1690 4033 1723 4074 a
1770 4019 1855 4075 die
1906 4035 1961 4075 tv
2008 4020 2132 4077 ldus

547 4100 809 4159 Juliarum
836 4096 1006 4175 usque
1034 4104 1089 4161 in
1117 4105 1260 4160 diem
1299 4122 1355 4161 tv
1396 4102 1519 4162 ldus
1561 4106 1830 4163 Octobris.
1870 4125 1889 4160 ›
1935 4106 2129 4165 Aburti

528 4191 667 4250 'loco
728 4205 918 4253 auctor
960 4196 1294 4254 Pontiﬁcalis
1358 4197 1489 4270 legit
1540 4198 1864 4254 Mamartini.
1919 4199 2129 4257 Czetera

534 4280 712 4341 'verba
740 4286 931 4341 eadem
957 4287 1178 4343 omnino
1203 4296 1345 4342 sunt.
1380 4287 1534 4345 Unde
1557 4298 1745 4345 auctor
1765 4288 1913 4343 Libri
1943 4289 2129 4345 Ponti-

545 4371 718 4428 ﬁcalis
760 4388 825 4429 ea
874 4389 907 4429 a
959 4377 1194 4432 secundo
1259 4376 1518 4448 Catalogo
1571 4386 1843 4434 mutaatus
1891 4379 2123 4438 videtur.

545 4461 712 4532 Cujus
742 4464 1087 4523 manifestum
1131 4464 1342 4540 signum
1385 4469 1517 4526 illud
1556 4484 1770 4543 quoque
1797 4474 2122 4530 censendum

543 4562 631 4611 est
649 4556 795 4625 quod
816 4565 941 4629 post
963 4557 1304 4615 Hormisdam
1333 4570 1387 4618 et
1410 4560 1662 4629 Felicem,
1694 4563 1785 4633 qui
1815 4566 1919 4620 duo
1945 4563 2118 4621 ultimi

2238 3380 2400 3437 esset,
2433 3379 2492 3425 ut
2538 3380 2742 3426 tantum
2776 3371 2955 3425 clerus
2985 3370 3279 3426 sustineret
3304 3371 3555 3451 omnibus
3580 3386 3823 3441 prmscu-

2236 3464 2376 3519 tibus
2395 3478 2462 3518 ex
2483 3479 2544 3519 ea
2575 3464 2982 3520 consecratione
3010 3464 3077 3518 de
3099 3478 3261 3518 manu
3292 3463 3531 3535 episcopi
3575 3462 3694 3533 jam
3731 3479 3823 3520 co-

2236 3569 2423 3610 ronam
2447 3564 2842 3621 consecratam,
2870 3564 2925 3611 et
2965 3556 3234 3627 acciperet
3281 3558 3566 3629 presbyter
3595 3558 3822 3613 traden-

2236 3645 2359 3700 dam
2387 3646 2601 3718 populo.
2630 3667 2648 3698 ›
2682 3646 2810 3714 Quae
2840 3638 3104 3703 undeuam
3148 3646 3431 3718 desumpta
3452 3640 3456 3655 ’
3481 3648 3612 3716 sint,
3647 3648 3823 3705 fateor

2234 3751 2322 3793 me
2352 3738 2624 3809 ignorare.
3488 3806 3491 3807 ν

2302 3826 2357 3882 4.
2394 3826 2742 3900 Nequaquam
2776 3837 2954 3887 tamen
2994 3830 3274 3901 ignoratur
3298 3832 3442 3889 unde
3470 3833 3820 3904 desumptum

2231 3918 2305 3975 sit
2337 3920 2477 3989 quod
2515 3920 2568 3975 in
2598 3919 2851 3975 Cornelio
2876 3936 3010 3992 papa
3042 3923 3205 3978 habet
3234 3932 3424 3979 auctor
3453 3921 3601 3979 Libri
3631 3922 3822 3980 Ponti-

2231 4012 2401 4069 ﬁcalis
2428 4012 2512 4068 bis
2543 4014 2724 4070 verbis
2751 4031 2764 4069 :
2802 4033 2821 4066 ι
2861 4013 2973 4069 Sub
3003 4015 3157 4086 cujus
3188 4015 3519 4087 episcopatu
3572 4014 3821 4072 Novatus

2230 4103 2585 4159 Novatianum
2606 4112 2761 4159 extra
2792 4103 3087 4160 Ecclesium
3128 4086 3419 4172 ordinavit,
3463 4114 3518 4162 et
3545 4107 3599 4161 in
3628 4106 3820 4162 Africa

2230 4194 2613 4252 Nicostratum.
2642 4196 2756 4252 Hoc
2797 4196 2939 4253 facto
2966 4196 3330 4263 confessores,
3368 4198 3457 4267 qui
3501 4213 3563 4254 se
3593 4213 3821 4269 separa-

2229 4297 2422 4345 verunt
2448 4304 2479 4342 a
2501 4288 2748 4345 Cornelio
2770 4305 2890 4345 cum
2918 4289 3151 4345 Maximo
3177 4291 3514 4363 presbytero,
3564 4291 3660 4362 qui
3688 4307 3818 4348 cum

2228 4378 2408 4451 Moyse
2434 4377 2557 4446 fuit,
2585 4381 2651 4435 ad
2675 4379 2972 4437 Ecclesiam
2997 4388 3124 4435 sunt
3147 4380 3347 4436 reversi
3372 4398 3384 4434 :
3420 4388 3477 4436 et
3514 4377 3648 4436 facti
3690 4389 3822 4437 sunt

2227 4468 2564 4531 confessores
2610 4471 2815 4528 ﬁdeles.
2866 4471 3015 4527 I’ost‘
3040 4473 3165 4529 hoc
3191 4471 3474 4529 Cornelius
3523 4473 3819 4544 episcopus

2224 4562 2602 4621 Centumcellis
2625 4565 2813 4636 pulsus
2839 4556 2941 4633 est,
2963 4574 3018 4621 et
3043 4566 3115 4622 ibi
3143 4566 3403 4637 scriptam
3422 4566 3716 4644 epistolam
3746 4567 3817 4623 de

544 4657 674 4705 sunt
703 4650 771 4708 ab
814 4658 1037 4708 auctore
1066 4652 1287 4711 secundi
1332 4653 1573 4727 Catalogi
1614 4631 1872 4722 exhibiti,
1923 4657 2122 4715 nullius
2151 4631 2324 4713 Dsua
2353 4631 2781 4725 conﬁrmatione,
2830 4631 3052 4714 missam
3097 4672 3128 4712 a
3172 4631 3660 4730 Cypriano,-quam
3705 4657 3817 4729 Cy-

542 4742 767 4799 alterius
778 4743 1127 4814 pontiﬁcatus
1147 4761 1247 4817 per
1270 4747 1519 4804 consules
1543 4738 1852 4821 designetur
1873 4750 1927 4805 in
1955 4751 2119 4809 Libro

539 4827 864 4888 Pontiﬁcali.

611 4924 666 4977 3.
707 4922 842 4980 Cum
894 4926 1075 5003 itaque
1116 4942 1183 4984 ex
1213 4914 1373 4985 dictis
1401 4938 1585 5000 pateat
1626 4918 1899 4987 undenam
1928 4916 2119 4990 auctor

538 5013 690 5069 Libri
719 5014 1050 5075 Pontiﬁcalis
1093 5020 1375 5076 consulum
1403 5030 1559 5079 notas
1601 5030 1656 5078 et
1681 5021 1937 5093 pleraque
1965 5033 2118 5094 gesta

513 5100 852 5176 ‘descripsit,
878 5110 1281 5166 videndum'est
1316 5113 1459 5167 unde
1505 5121 1699 5169 caetera
1725 5112 1882 5179 Acta,
1915 5130 2033 5185 qua:
2061 5116 2115 5172 in

537 5196 777 5252 secundo
807 5196 1061 5270 Catalogo
1094 5202 1315 5259 minime
1335 5204 1698 5275 reperiuntur,
1734 5206 2111 5278 desumpserit.

534 5287 699 5344 Plura
721 5290 971 5360 equidem
998 5295 1338 5364 reperiuntur
1364 5298 1417 5353 in
1437 5297 1601 5354 Libro
1629 5298 1927 5356 Pontiﬁcali
1950 5316 2112 5372 quam

533 5381 587 5436 in
617 5381 857 5439 secundo
883 5382 1159 5457 Catalogo,
1211 5396 1273 5443 ut
1299 5396 1449 5461 patet
1479 5390 1531 5445 in
1577 5390 1768 5460 primis
1815 5407 1882 5448 ex
1930 5392 2110 5449 verbis

530 5473 914 5545 sequentibus,
967 5490 1087 5547 quae
1132 5475 1403 5535 habentur
1461 5480 1514 5535 in
1560 5480 1623 5534 D.
1680 5479 1841 5537 Petro
1900 5499 1913 5536 :
1968 5480 2111 5537 Obiit

527 5574 642 5634 post
687 5567 982 5635 passionem
1024 5568 1239 5623 Domini
1281 5569 1370 5626 58.
1421 5568 1548 5627 Haec
1577 5585 1811 5643 namque
1856 5572 1921 5627 de
1966 5580 2105 5628 tem-

530 5668 659 5710 pore
709 5656 1082 5727 obitusgPetri
1138 5675 1245 5715 non
1291 5659 1344 5713 in
1394 5662 1628 5717 secundo
1677 5654 1967 5735 Catalogo,
2012 5664 2106 5720 sed

526 5746 667 5814 apud
713 5746 778 5802 D.
806 5746 1195 5819 Hieronymum
1226 5751 1363 5807 libro
1408 5752 1473 5807 de
1516 5751 1879 5824 Scriptoribus
1924 5755 2108 5812 Eccle-

525 5834 759 5890 siasticis
790 5832 1135 5903 reperiuntur
1159 5879 1174 5905 ,
1211 5854 1275 5896 ex
1310 5855 1417 5915 quo
1453 5850 1642 5896 auctor
1665 5843 1752 5898 illa
1783 5844 2099 5919 desumpsit.

2225 4749 2448 4820 prianus
2490 4748 2543 4804 in
2576 4763 2795 4806 carcere
2823 4750 3057 4820 scripsit,
3098 4756 3154 4805 ct
3194 4750 3261 4805 de
3305 4748 3555 4805 Celerino
3602 4749 3815 4806 lectore

2225 4842 2485 4911 suscepit.
2527 4859 2546 4893 ι
2593 4840 2715 4897 Krec
2742 4841 2886 4897 enim
2917 4841 3200 4911 desumpta
3229 4848 3357 4896 sunt
3387 4840 3588 4911 partim
3614 4855 3686 4895 ex
3710 4855 3814 4894 an-

2225 4933 2456 5005 tiquiore
2476 4932 2751 5004 Catalogo,
2766 4935 2962 5005 partim
2985 4949 3052 4990 ex
3080 4932 3352 5006 Cypriano
3377 4934 3514 5004 ipso,
3529 4941 3590 4988 ut
3612 4941 3813 4991 auctor

2223 5041 2332 5082 non
2361 5026 2588 5082 obscure
2618 5026 2838 5082 indicat.
2884 5026 3141 5098 Reliqua,
3187 5042 3309 5098 quae
3365 5028 3637 5084 habentur
3681 5036 3811 5099 post

2221 5114 2367 5171 beati
2391 5115 2536 5171 Petri
2570 5115 2973 5172 translationem
3006 5117 3074 5172 de
3104 5132 3268 5173 causa
3301 5117 3372 5175 ob
3405 5133 3568 5189 quam
3611 5117 3807 5174 beatus

2221 5210 2504 5268 Cornelius
2543 5211 2805 5282 martyrio
2849 5220 3139 5267 coronatus
3167 5221 3271 5277 est,
3317 5225 3386 5268 ex
3437 5212 3588 5269 Actis
3624 5214 3804 5270 sancti

2218 5300 2379 5372 hujus
2404 5300 2675 5371 pontiﬁcis
2702 5301 2983 5372 desumpta
3014 5312 3159 5368 sunt,
3188 5303 3265 5357 uti
3295 5312 3350 5358 et
3389 5317 3457 5358 ex
3491 5304 3645 5358 Actis
3674 5303 3803 5360 Ste-

2218 5392 2400 5463 phani,
2442 5408 2562 5463 qua:
2597 5403 2786 5449 auctor
2832 5392 2977 5448 Libri
3022 5393 3356 5451 Pontiﬁcalis
3390 5394 3553 5451 habet
3593 5397 3663 5451 ab
3711 5396 3801 5453 bis

2217 5482 2396 5539 verbis
2427 5502 2440 5537 :
2472 5483 2596 5539 Suis
2619 5484 2953 5555 temporibus,
2987 5500 3156 5557 usque
3196 5486 3263 5541 ad
3310 5484 3401 5541 illa
3431 5504 3444 5539 :
3473 5484 3624 5541 Fecit
3654 5487 3799 5540 ordi-

2217 5575 2474 5629 nationes.
2506 5574 2637 5643 Quaa
2665 5575 2846 5632 omnia
2893 5578 2949 5632 in
2991 5578 3232 5643 secundo
3276 5578 3533 5649 Catalogo
3582 5579 3798 5635 deside-

2211 5673 2417 5720 rantur.
2470 5665 2647 5722 Pauca
2681 5667 2903 5747 omnino
2942 5668 3123 5724 addita
3156 5677 3280 5724 sunt
3320 5671 3372 5725 in
3404 5670 3542 5726 Vitis
3582 5670 3702 5726 Caii
3738 5679 3796 5726 et

2213 5756 2530 5822 Marcellini,
2558 5758 2712 5828 pluro
2742 5775 2872 5815 vero
2911 5759 3114 5833 inVita
3147 5760 3400 5827 Marcelli,
3442 5761 3496 5815 in
3540 5776 3651 5832 qua
3699 5777 3792 5817 se-

2211 5848 2427 5919 quentia
2460 5849 2709 5918 lcguntur
2739 5868 2753 5904 :
2797 5871 2817 5904 ι
2865 5851 2964 5908 Hic
3001 5853 3206 5925 rogavit
3256 5852 3545 5922 quamdam
3577 5861 3790 5908 matro-
