3976 6312
205 393 315 451 ΞΠ

868 385 1294 444 SCHELESTR.
1332 386 1649 445 DISSERT.
1692 387 1780 443 DE
1818 385 2048 455 ANTIQ.
2093 386 2257 442 ROM.
2300 383 2500 441 PONT.
2534 382 2878 441 CATALOG.

3376 374 3482 443 218

211 523 374 573 nam,
404 503 626 561 nomine
658 500 985 568 Priscillam,
1009 509 1064 557 ct
1089 501 1219 557 fecit
1243 502 1553 557 coemeteria
1578 503 1662 556 via
1704 501 1803 556 Sa-
1829 506 1881 565 Α
1907 504 2069 556 trium
2112 517 2507 567 successorum,
2551 501 2777 571 Eugenii
2818 500 2883 565 ll,
2930 497 3197 556 Valentini
3246 508 3301 554 et
3343 499 3480 555 Gre-

212 600 381 666 laria,
403 606 479 679 et
507 613 576 652 xv
625 595 808 650 titulos
852 595 907 649 in
954 594 1088 650 urbe
1118 578 1289 649 Roma
1320 592 1622 657 constituit,
1649 592 1803 662 quasi

213 693 490 749 diceceses
510 698 737 762 propter
764 688 1090 758 baptismum
1120 696 1175 742 et
1199 686 1572 757 paenitentiam
1605 685 1804 755 multo-

216 801 341 841 rum
374 785 469 856 qui
496 782 953 841 convertebantur
977 794 1045 835 ex
1075 764 1321 852 paganis.
1353 799 1371 831 ι
1415 778 1482 833 Ει
1511 786 1569 831 ιιι
1610 788 1804 832 caetera

210 878 488 941 omittam,
524 874 699 945 plura.
722 873 790 928 de
822 871 1041 928 Lucium
1069 871 1228 927 domo
1259 872 1314 926 in
1354 869 1639 926 ecclesiam
1676 882 1806 924 con-

213 976 453 1029 secrata,
482 975 537 1020 et
561 981 657 1036 per
679 962 1013 1019 Maxentium
1043 963 1100 1018 in
1122 961 1392 1018 stabulum
1428 975 1708 1025 conversa,
1749 959 1804 1013 in

213 1056 326 1112 illis
354 1046 592 1111 Marcelli
615 1055 791 1120 Actis,
817 1045 939 1125 quae
978 1053 1340 1122 manuscripts
1376 1038 1685 1115 etiamnum
1716 1066 1807 1106 su-

212 1158 447 1220 persunt
472 1141 499 1215 ,’
534 1136 894 1218 reperiuntur,
930 1144 1079 1201 adeo
1101 1151 1162 1199 ut
1203 1160 1271 1199 ex
1302 1144 1388 1199 his
1411 1142 1495 1199 vel
1538 1142 1806 1199 similibus

212 1243 368 1297 Actis
397 1243 683 1311 desumpta
711 1255 833 1295 esse
858 1225 1090 1296 constet.
1340 1307 1344 1311 p

286 1338 343 1392 5.
382 1337 559 1391 Porro
587 1336 728 1391 sicut
752 1334 902 1391 Actis
944 1333 1261 1404 pontiﬁcum
1291 1348 1423 1389 usus
1465 1331 1566 1388 fuit
1617 1340 1808 1389 auctor

214 1419 373 1486 Libri
393 1426 735 1484 Pontiﬁcalis
760 1442 859 1497 pro
880 1424 1020 1481 Vitis
1051 1425 1262 1480 illorum
1294 1426 1384 1495 qui
1420 1425 1593 1479 tribus
1616 1424 1807 1495 primis

213 1523 438 1578 saeculis
467 1521 737 1587 vixerunt,
786 1504 862 1574 ita
905 1518 960 1573 in
1002 1518 1123 1573 Vita
1164 1517 1338 1590 sancti
1378 1515 1641 1587 Sylvestri
1675 1530 1807 1571 usus

213 1614 437 1669 videtur
463 1612 630 1668 variis
656 1594 1036 1687 donationibus
1061 1609 1165 1678 piis
1211 1600 1266 1664 et
1307 1597 1683 1663 instrumentis
1712 1621 1805 1662 ec-

213 1707 534 1771 clesiarum,
557 1719 679 1776 qua:
711 1704 768 1758 in
798 1702 1021 1758 archivo
1050 1700 1194 1757 sedis
1222 1700 1532 1770 apostolicae
1562 1714 1807 1755 asserva-

215 1799 442 1853 bantur.
470 1795 786 1850 Additiones
819 1791 966 1849 enim
1009 1790 1158 1846 Libri
1211 1790 1547 1846 Pontiﬁealis
1593 1779 1803 1845 consis-

1908 595 2039 664 gorii
2078 593 2165 660 lll,
2194 593 2345 648 Vitas
2389 595 2457 648 ab
2501 593 2811 648 auctoribus
2853 590 3110 646 Romanis
3148 589 3486 660 conscriptas

1907 700 2026 742 esse
2054 686 2200 741 circa
2237 688 2549 740 eorumdein
2583 682 2899 753 pontificum
2938 690 3197 753 tempora,
3240 689 3390 752 patet
3416 695 3485 736 ex

1908 794 2132 834 numero
2155 778 2206 832 7.
2240 776 2414 849 Sergii
2441 777 2485 832 il
2512 785 2566 832 et
2594 775 2789 831 Leonis
2816 772 2882 829 1V
2912 783 3062 847 gesta
3098 787 3205 829 non
3233 772 3392 828 modo
3417 773 3485 828 ab

1910 878 2125 924 auctore
2174 868 2417 924 Romano
2470 876 2524 922 et
2571 876 3022 938 contemporaneo
3048 905 3063 931 ,
3124 865 3220 920 sed
3279 875 3489 934 magna}

1909 960 2249 1015 auctoritatis
2277 960 2394 1015 viro
2420 969 2477 1015 et
2522 959 2737 1015 oculato
2782 966 2921 1014 teste
2971 957 3136 1013 fuisse
3196 954 3487 1025 descripta,

1909 1053 2328 1108 monstravimus
2360 1066 2583 1107 numero
2612 1050 2665 1106 8.
2691 1050 2759 1106 Et
2787 1050 3034 1121 quamvis
3058 1050 3337 1121 ignoretur
3366 1046 3489 1116 quis

1906 1142 2181 1199 Benedicti
2212 1144 2276 1199 lll
2306 1144 2486 1200 Vitam
2519 1144 2779 1210 exararit,
2801 1145 2868 1199 ab
2889 1150 3109 1198 auctore
3126 1150 3316 1196 tamen
3354 1136 3487 1193 cen-

1911 1242 2257 1305 temporaneo
2289 1234 2491 1289 editam
2519 1232 2682 1289 fuisse
2720 1233 2990 1303 oportuit;
3045 1230 3312 1302 siquidem
3360 1243 3492 1284 eon-

1908 1329 2124 1384 cinnata
2152 1324 2255 1382 fuit
2301 1333 2426 1381 ante
2455 1325 2800 1383 Anastasium
2848 1322 3346 1388 Bibliothecarium,
3394 1319 3491 1391 qui

1909 1421 2088 1477 Vitam
2124 1419 2269 1475 illam
2290 1434 2413 1474 cum
2434 1417 2559 1474 Vita
2589 1417 2793 1474 Nicolai
2836 1417 3014 1488 primi,
3062 1417 3156 1486 qui
3196 1414 3492 1471 Benedicto

1910 1511 2193 1589 successit,
2217 1527 2247 1565 a
2279 1526 2338 1566 se
2368 1509 2705 1580 conscriptas
2733 1506 2898 1563 Libro
2923 1505 3227 1562 Pontiﬁcali
3257 1503 3489 1573 adjecit,

1909 1611 1969 1658 ut
1995 1602 2152 1675 facile
2182 1602 2454 1672 conjicere
2487 1600 2615 1656 licet
2651 1615 2718 1655 ex
2745 1598 2812 1654 iis
2840 1612 2959 1670 quas
2986 1610 3211 1653 numero
3235 1596 3269 1651 9
3299 1595 3494 1664 capitis
3545 1611 3562 1716 ι

1913 1710 2047 1716 -μ..,.
2081 1694 2222 1716 ,ει-ι2
2256 1692 2573 1716 ι..-Ᾱ2,12......η
2786 1689 2791 1695 ’
3400 1698 3403 1701 ·

1909 1710 2052 1765 δευρί)
2074 1694 2225 1751 citati
2256 1692 2597 1749 tradidimus.
2786 1689 2791 1695 ’
3400 1698 3403 1701 ·

1982 1787 2034 1842 7.
2077 1786 2187 1843 Nec
2234 1785 2407 1841 solum
2456 1784 2523 1840 ab
2564 1782 2878 1839 auctoribus
2924 1780 3141 1847 coatvis,
3186 1778 3281 1847 sed
3327 1777 3492 1836 etiam

215 1898 341 1943 tant
381 1895 445 1942 ut
480 1877 870 1957 plurimum'in
924 1881 1306 1938 donationibus
1334 1882 1337 1885 ’
1361 1883 1429 1937 ab
1482 1881 1808 1950 imperatore
1838 1873 1886 1934 Β
1913 1894 1978 1935 ex
2009 1878 2341 1934 authenticis
2374 1876 2629 1932 Romana:
2656 1873 2910 1930 Ecclesia:
2944 1870 3291 1949 monimentis
3319 1868 3493 1938 histo-

214 1978 601 2043 Constantino,
629 1976 853 2046 ejusque
881 1967 1103 2044 pietatis
1127 1972 1452 2036 liaeredibus,
1471 1978 1528 2027 ct
1549 1969 1808 2027 Romanis

214 2071 353 2143 ipsis
382 2062 749 2141 pontificibus
779 2058 954 2119 factis.
986 2064 1190 2120 Omitto
1217 2078 1311 2118 eas
1340 2052 1489 2132 'quze'
1518 2060 1805 2133 quamplu-

214 2164 370 2218 rimas
422 2161 478 2215 in
520 2160 639 2214 Vita
681 2156 944 2228 Sylvestri
981 2156 1363 2221 continentur;
1403 2155 1534 2209 satis
1575 2167 1809 2222 namque

215 2254 323 2308 erit
367 2266 545 2323 pauca
593 2264 662 2305 ex
690 2248 813 2302 Vita
856 2247 1028 2303 sancti
1069 2246 1235 2302 Marci
1275 2246 1565 2312 delibasse,
1598 2246 1653 2301 in
1701 2260 1807 2316 qua

215 2343 456 2415 legitur:
495 2360 515 2392 ‹
544 2339 644 2395 llic
676 2338 806 2395 fecit
824 2339 958 2393 duas
985 2336 1261 2403 basilicas,
1289 2352 1449 2392 unam
1483 2337 1568 2391 via
1596 2336 1803 2391 Ardea-

217 2437 357 2499 tiua,
393 2434 483 2489 ubi
538 2430 859 2502 requiescit;
908 2437 967 2485 et
992 2430 1153 2484 aliam
1185 2431 1237 2484 in
1281 2429 1415 2485 urbe
1452 2427 1624 2483 Roma
1650 2429 1806 2501 juxta

215 2524 511 2579 Palacinis.
563 2521 735 2589 Hujus
779 2520 1122 2591 suggestione
1172 2518 1368 2574 obtulit
1417 2516 1805 2574 Constantinus

214 2618 500 2687 Augustus
524 2613 786 2690 basilicae,
812 2627 974 2682 quam
996 2610 1380 2684 ‘cmmeterium
1411 2609 1690 2664 constituit
1720 2608 1808 2662 via

216 2708 539 2771 Ardeatina,
584 2703 805 2771 fundum
832 2716 1098 2783 rosarum
1147 2716 1270 2756 cum
1316 2701 1465 2756 omni
1494 2715 1624 2770 agro
1670 2714 1810 2755 cam-

220 2802 390 2873 pestri
437 2782 784 2870 pmstantem
810 2782 1038 2861 solidos
1069 2793 1179 2848 40."
1208 2791 1266 2846 In
1317 2791 1546 2848 Basilica
1594 2793 1647 2845 in
1679 2791 1811 2846 urbe

223 2896 403 2951 Roma
429 2891 621 2948 obtulit
650 2892 811 2945 haec:
847 2896 1104 2960 patenam
1144 2895 1457 2957 argenteam
1496 2892 1811 2954 pensantem

226 2989 398 3042 libras
427 2988 514 3052 δυ,
536 2974 705 3039 urnas
734 2990 1020 3053 argenteas
1048 2979 1183 3036 duas
1213 2986 1504 3047 pensantes
1533 2974 1697 3030 libras
1716 2973 1809 3039 20,

219 3070 485 3149 scypham
537 3082 848 3145 argenteam
886 3077 1204 3140 pensantem
1261 3067 1429 3123 libras
1470 3066 1569 3129 10,
1614 3064 1810 3119 calices

218 3167 608 3227 ministeriales
621 3164 949 3234 argenteos?)
973 3167 1264 3232 pensantes
1289 3159 1457 3214 libras
1485 3158 1641 3213 binas
1666 3175 1679 3211 :
1720 3172 1810 3213 co.

219 3280 412 3321 ranam
435 3269 748 3333 argenteam
766 3252 1363 3329 pensantcmlibraslo,
1394 3250 1619 3306 fundum
1643 3251 1811 3306 Ante.
1837 3233 1882 3295 (ἶ

223 3360 448 3415 nianum
480 3355 570 3412 via
595 3354 813 3411 Claudia
858 3357 1202 3422 praestantem
1232 3347 1434 3403 solidos
1459 3345 1550 3410 50,
1585 3343 1810 3400 fundum

224 3448 539 3507 Vaccanum
565 3446 652 3501 via
680 3444 850 3515 Appia
864 3450 1208 3513 praestantem
1241 3437 1441 3494 solidos
1461 3434 1812 3515 40,ettrimio

221 3541 333 3596 sios
360 3541 502 3595 duos
527 3557 541 3592 :
570 3536 792 3591 fundum
820 3532 990 3590 Orrea
1017 3532 1104 3586 via
1129 3528 1425 3585 Ardeatina
1464 3533 1811 3598 praestantem

221 3635 428 3690 solidos
463 3632 534 3687 55
571 3640 626 3686 et
653 3627 939 3685 trimisium
968 3640 1162 3682 unum.
1197 3642 1216 3678 ι
1254 3608 1595 3679 ιιωεόιιηιίθ
1625 3627 1814 3676 auctor

222 3726 372 3781 Libri
399 3721 755 3787 Pontilicalis,
782 3721 1023 3791 quicum
1067 3719 1253 3773 Romae
1280 3715 1580 3786 Scripserit,
1628 3714 1674 3770 si
1725 3712 1816 3768 Bi-

221 3816 516 3871 bliotheca
562 3812 865 3885 apostolica:
913 3819 1008 3865 aut
1059 3809 1280 3865 archivo
1330 3822 1435 3862 non
1492 3804 1814 3876 praepositus

226 3908 409 3972 luerit,
448 3920 730 3961 accessum
761 3903 949 3959 saltem
988 3900 1056 3955 ad
1102 3914 1166 3956 ea
1210 3897 1419 3964 habuit,
1449 3907 1502 3951 et
1525 3896 1649 3952 inde
1676 3895 1815 3950 noti-

227 4005 355 4057 tiam
401 4000 757 4055 donationum
803 3986 1056 4051 habuisse
1082 3994 1313 4058 videtur,
1359 4004 1529 4060 eaque
1572 4004 1669 4059 pro
1713 4004 1812 4043 au-

224 4097 420 4168 gendis
448 4092 758 4166 pontiﬁcum
781 4090 945 4163 gestis
972 4103 1129 4143 usum
1158 4085 1349 4142 fuisse.
1384 4083 1535 4140 Unde
1563 4082 1815 4152 colligere

224 4191 355 4245 licet
385 4189 580 4258 quanti
612 4186 750 4259 ﬁeri”
773 4191 1082 4241 mereantur
1116 4180 1207 4236 illa
1246 4194 1366 4251 quae
1410 4177 1512 4232 hac
1540 4176 1605 4232 de
1649 4190 1708 4230 re
1760 4175 1815 4229 in

224 4283 394 4338 Libro
423 4281 725 4338 Pontiﬁcali
749 4280 1113 4342 continentur,
1136 4289 1260 4332 cum
1298 4271 1382 4327 vel
1405 4283 1469 4351 ex
1507 4269 1650 4325 sedis
1688 4282 1817 4338 apo-

228 4376 442 4431 stolica:
489 4372 746 4437 archivis,
775 4371 858 4426 vel
902 4386 968 4425 ex
997 4366 1268 4436 Catalogis
1319 4369 1514 4433 quarto
1556 4367 1611 4415 et
1661 4363 1815 4413 sexto

227 4467 433 4523 seculo
479 4463 817 4521 concinnatis
855 4462 1136 4529 desumpta
1179 4457 1308 4511 sint.
1344 4454 1519 4522 Atque
1551 4452 1666 4506 haec
1695 4449 1816 4521 qui-

229 4560 449 4616 demde
474 4556 645 4629 priori
672 4563 826 4626 parte
861 4553 1009 4609 Libri
1040 4546 1391 4611 Pontiﬁcalis,
1431 4560 1551 4615 quae
1594 4545 1662 4599 ab
1705 4556 1814 4597 uno

1864 1986 1869 1991 '
1910 1972 1990 2026 ria
2022 1969 2303 2045 pontilicia
2331 1965 2772 2036 secundae-hujus
2814 1952 2986 2036 partis
3032 1959 3492 2033 conscriptaluit.

1911 2065 1969 2120 Si
2010 2065 2152 2120 enim
2193 2063 2561 2119 Romanorum
2605 2058 2942 2130 pontiﬁcum,
2982 2055 3077 2125 qui
3117 2053 3184 2109 ab
3212 2065 3355 2125 anno
3390 2049 3497 2105 742

1909 2173 2081 2227 usque
2106 2166 2229 2226 post
2250 2155 2376 2210 noni
2405 2151 2586 2210 smculi
2626 2150 2861 2207 medium
2887 2147 3144 2204 sederunt
3190 2142 3347 2213 Vitas
3366 2158 3494 2214 per-

1909 2248 2218 2315 volvamus,
2279 2246 2617 2317 reperiemus
2654 2239 2897 2313 profecto
2946 2248 3197 2294 auctores
3243 2234 3495 2291 Vitarum

1913 2341 2120 2396 illarum
2171 2356 2238 2394 cx
2282 2339 2537 2394 Romana:
2575 2334 2835 2390 Ecclesiae
2877 2331 3127 2402 regestis,
3178 2343 3244 2384 ex
3280 2326 3497 2383 scriniis

1911 2431 2219 2502 apostolica:
2271 2430 2414 2485 sedis
2460 2426 2827 2497 desumpsisse
2879 2436 2944 2477 ea
2999 2435 3120 2490 qua:
3171 2418 3494 2491 retulerunt.

1912 2525 2114 2581 Omnes
2144 2524 2289 2578 enim
2331 2521 2518 2595 Roma:
2560 2520 2918 2588 scripserunt,
2949 2523 3005 2570 et
3032 2512 3117 2591 vel
3146 2510 3504 2586 basilicarum

1912 2616 2312 2680 Lateranensis,
2347 2614 2644 2677 Vaticana},
2692 2618 2747 2664 et
2795 2608 2859 2662 D.
2891 2605 3043 2662 Pauli
3082 2603 3497 2678 archivis‘prze-

1912 2710 2071 2781 positi
2124 2709 2379 2775 fuerunt,
2432 2705 2517 2762 vel
2577 2694 2911 2767 earumdem,
2946 2699 3292 2769 basilicarum
3348 2695 3495 2751 clero

1912 2800 2133 2868 ascripti
2187 2786 2404 2853 chartas
2464 2802 2519 2851 et
2570 2803 2783 2863 regesta
2818 2790 3161 2846 archivorum
3214 2784 3496 2843 consulere

1913 2898 2223 2963 potuerunt.
2251 2888 2341 2945 Sic
2365 2895 2553 2945 auctor
2580 2885 2633 2941 in
2655 2883 2929 2954 Stephano
2950 2878 3039 2946 lll,
3064 2879 3341 2935 Zachariae
3371 2891 3498 2933 suc-

1915 2998 2130 3040 cessore
2159 2999 2173 3036 :
2218 3000 2235 3033 ¢
2270 2982 2345 3035 De
2371 2978 2620 3034 omnibus
2649 2975 2880 3045 receptis
2908 2972 3220 3028 civitatibus
3246 2968 3495 3025 donatio-

1917 3092 2039 3131 nem
2069 3075 2120 3129 in
2142 3073 2359 3142 scriptis
2381 3088 2409 3125 a
2425 3071 2586 3126 beato
2608 3067 2789 3133 Petro,
2805 3078 2968 3136 atque
2987 3081 3018 3120 a
3044 3073 3230 3120 sancta
3254 3062 3498 3116 Romana

1916 3164 2198 3229 Ecclesia,
2254 3162 2339 3218 vel
2393 3160 2645 3215 omnibus
2690 3158 2744 3217 in
2790 3164 3107 3228 perpetuum
3154 3153 3500 3225 pontiﬁcibus

1916 3254 2222 3327 apostolicae
2252 3252 2394 3308 sedis
2417 3249 2991 3320 misit‘possidendam,
3019 3261 3141 3317 quae
3161 3247 3421 3302 hactenus
3441 3243 3499 3300 in

1914 3346 2137 3402 archivo
2164 3352 2364 3400 sancta:
2387 3350 2586 3397 nostra:
2614 3339 2869 3396 Ecclesiae
2898 3337 3173 3394 recondita
3199 3344 3432 3392 tenetur.
3467 3352 3490 3388 ι

1916 3436 2008 3493 Sic
2028 3451 2244 3507 quoque
2269 3436 2323 3490 in
2348 3435 2473 3490 Vita
2498 3433 2722 3488 Adriani
2745 3430 2906 3503 primi
2940 3431 3075 3486 citat
3119 3437 3306 3484 auctor
3334 3428 3499 3483 dona-

1913 3524 2113 3587 tionem
2141 3512 2320 3585 Caroli
2354 3526 2530 3597 Magni
2567 3526 2727 3581 beato
2768 3524 2930 3580 Petro
2978 3521 3218 3578 factam:
3262 3538 3282 3572 ‹
3317 3518 3497 3585 Sicut,

1914 3621 2107 3693 inquit,
2135 3622 2188 3676 in
2224 3619 2411 3677 eadem
2443 3616 2735 3673 donatione
2775 3612 3037 3670 contineri
3079 3617 3432 3667 monstratur.
3468 3626 3488 3660 ι

1914 3698 2372 3785 Addit'exemplar
2397 3711 2539 3767 illius
2569 3708 2877 3765 donationis
2916 3720 3077 3777 super
3121 3717 3319 3774 corpus
3355 3694 3501 3756 beati

1913 3806 2061 3863 Petri
2092 3804 2355 3877 positum:
2388 3820 2407 3855 ‹
2438 3802 2686 3871 Aliaque,
2704 3797 2902 3869 inquit,
2928 3794 3166 3866 ejusdem
3191 3789 3503 3849 donationis

1915 3898 2163 3969 exempla
2201 3913 2298 3968 per
2324 3894 2669 3952 scriniarium
2713 3888 2875 3960 hujus
2926 3896 3128 3945 sancta:
3163 3893 3366 3941 nostra!
3394 3883 3498 3938 Ec-

1915 3992 2091 4048 clesim
2121 3988 2388 4056 descripta
2414 3985 2529 4053 ejus
2557 3982 2877 4040 excellentia
2908 3995 3091 4037 secum
3114 3974 3436 4048 deportavit.
3469 3991 3491 4024 ι

1840 4072 1843 4079 ’
1915 4080 2120 4147 Quibus
2146 4078 2364 4149 quidem
2389 4073 2571 4130 verbis
2614 4072 2814 4127 indicat
2855 4078 3154 4125 auctor-se
3200 4081 3306 4121 non
3333 4065 3504 4149 fuisse

1914 4170 2258 4229 scriniarium
2306 4166 2514 4223 archivi
2544 4162 2812 4227 Vaticani,
2835 4159 3005 4237 fuisse
3053 4154 3232 4211 tamen
3263 4142 3503 4223 ejusdem

1916 4261 2156 4319 ecclesia:
2188 4256 2508 4328 ascriptum,
2537 4261 2593 4309 et
2618 4234 2970 4307 donationum
2998 4234 3251 4314 exempla
3291 4257 3320 4297 a
3351 4240 3501 4296 Scri-

1917 4355 2092 4410 niario
2140 4359 2362 4406 exarata
2410 4344 2777 4415 conspexisse.
2832 4339 2971 4408 Quid
3018 4335 3217 4408 plura?
3271 4334 3329 4389 ln
3367 4332 3507 4388 Vitis

1919 4447 2248 4517 reliquorum
2280 4437 2596 4513 pontiﬁcum
2626 4448 2795 4504 usque
2830 4431 2898 4486 ad
2945 4427 3227 4484 Nicolaum
3265 4426 3288 4481 1
3344 4424 3507 4480 toties

1919 4539 2243 4595 scriniorum
2259 4530 2566 4603 apostolicae
2582 4527 2724 4583 sedis
2748 4522 2950 4579 mentio
2973 4522 3115 4579 facta
3136 4519 3425 4590 reperitur,
3441 4522 3507 4571 ut

228 4608 535 4717 eodemque
565 4654 787 4701 auctore
814 4661 842 4698 a
871 4642 933 4697 Ι).
966 4640 1126 4697 Petro
1163 4653 1337 4709 usque
1380 4636 1448 4690 ad
1494 4633 1814 4689 Zachariam
1848 4610 1896 4670 Ῐ)
1921 4633 2006 4689 vel
2055 4631 2124 4686 ob
2174 4629 2316 4682 hanc
2368 4625 2632 4679 rationem
2688 4633 2879 4674 eorum
2906 4608 3176 4672 ‘omnium'
3221 4608 3501 4666 auctorem

231 4755 431 4811 papam
460 4743 715 4793 contexta
745 4745 848 4793 est.

307 4829 362 4883 6.
407 4827 482 4882 De
521 4827 821 4889 Zachariae
848 4833 905 4880 et
944 4824 1287 4895 sequentium
1326 4822 1642 4894 pontiﬁcum
1669 4817 1820 4874 Actis

231 4932 413 4987 usque
436 4918 501 4970 ad
532 4914 810 4971 Nicolaum
830 4915 1066 4986 primum
1087 4913 1300 4970 facilius
1325 4928 1422 4968 nos
1443 4911 1815 4982 expediemus,

231 5022 363 5064 cum
398 5006 513 5076 jam
550 5022 712 5085 supra
738 5013 1098 5062 monstratum
1125 5006 1197 5059 sit
1228 5005 1369 5074 quod
1397 5004 1464 5058 ab
1510 5001 1822 5057 auctoribus

231 5120 269 5159 θ
294 5102 552 5167 ρωέιωεὶε,
575 5102 667 5171 qui
696 5096 882 5155 Roma:
901 5098 1174 5163 vixerunt,
1207 5096 1513 5165 conscripta
1559 5095 1688 5150 sint.
1727 5091 1820 5147 Sic

232 5194 278 5251 Ζ
300 5193 535 5255 εεὶιειι-ἰίε,
570 5191 831 5261 Stephani
853 5189 920 5245 lll
941 5199 997 5245 et
1021 5175 1169 5244 Pauli
1207 5196 1358 5260 gesta
1387 5186 1606 5256 scripsit
1633 5192 1822 5241 auctor

235 5284 504 5339 Romanae
529 5282 783 5340 Ecclesia:
811 5284 963 5355 clero
985 5282 1276 5352 ascriptus,
1302 5288 1359 5336 et
1387 5280 1571 5336 forsan
1601 5278 1822 5334 archiva

233 5374 538 5446 apostolico
573 5376 911 5446 praepositus.
959 5374 1051 5429 Sic
1084 5374 1250 5445 etiam
1278 5373 1413 5427 Vitae
1454 5370 1712 5435 Stephani
1752 5368 1821 5423 1V

234 5475 296 5522 et
332 5466 557 5521 Adriani
582 5464 742 5536 primi
771 5466 839 5521 ab
868 5472 1086 5520 auctore
1106 5462 1553 5536 synchrono,_qui
1589 5458 1824 5533 basilica:

235 5558 628 5615 Lateranensis
656 5566 749 5612 aut
774 5542 1044 5613 Vaticana:
1061 5570 1192 5613 vero
1213 5546 1481 5625 ascriptus
1501 5561 1638 5619 erat,
1669 5551 1835 5615 edita:

236 5653 483 5714 luerunt,
535 5658 596 5706 ut
638 5638 758 5721 cap.
795 5640 1062 5715 6,‘num.
1103 5647 1172 5714 5,
1221 5644 1826 5718 ostendimus.’Auctor

235 5743 381 5799 Vitae
407 5742 605 5799 Leonis
632 5742 718 5810 lll,
745 5744 927 5799 forsan
958 5758 989 5797 e
1017 5740 1163 5798 clero
1192 5740 1431 5797 basilicae
1457 5735 1631 5793 sancti
1674 5734 1825 5808 Pauli

238 5837 364 5904 fuit,
413 5844 473 5896 ut
503 5837 695 5895 eodem
725 5836 901 5907 capite
945 5835 1187 5896 innititur
1223 5848 1372 5892 num.
1404 5832 1437 5889 6
1467 5829 1743 5889 Paschalis
1772 5836 1830 5888 et

1920 4722 2266 4781 Anastasium
2316 4712 2796 4772 Bibliothecarium
2847 4706 3142 4772 statuerint
3194 4699 3509 4771 Onuphrius

1918 4813 2234 4877 Panvinius,
2264 4806 2552 4864 Ciaconius
2577 4802 2773 4872 aliique
2804 4798 2906 4852 viri
2931 4794 3147 4851 eruditi.
3336 4802 3341 4809 λ

1993 4907 2047 4962 8.
2072 4904 2248 4974 Atque
2276 4915 2343 4957 ex
2365 4900 2452 4955 his
2470 4897 2721 4954 omnibus
2748 4899 2896 4963 patet
2920 4895 3137 4958 quantae
3168 4880 3508 4943 auctoritatis

1932 4994 2202 5069 posterior
2231 5007 2358 5063 pars
2386 4990 2530 5044 Libri
2557 4981 2889 5040 Pontiﬁcalis
2918 4975 3290 5059 phabenda'sit,
3319 4979 3508 5045 utpote

1925 5063 2046 5163 quae
2071 5088 2139 5142 ab
2170 5082 2479 5141 auctoribus
2505 5071 2972 5145 contemperaneis
3011 5085 3076 5139 ex
3109 5066 3347 5136 antiquis
3393 5063 3506 5125 Ro-

1926 5161 2100 5241 manae
2139 5179 2392 5237 Ecclesia:
2421 5169 2781 5231 monumentis
2812 5168 2867 5221 in
2897 5164 3134 5222 archivis
3175 5161 3292 5231 ejus
3327 5165 3508 5215 a‘sser-
3548 5162 3555 5169 ’

1928 5278 2068 5334 vatis
2096 5279 2348 5330 contexta
2370 5276 2472 5323 est.
2507 5264 2659 5319 Licet
2688 5269 2867 5316 autem
2896 5257 3048 5330 prior
3086 5270 3215 5326 pars
3241 5267 3347 5307 non
3377 5265 3509 5306 con-

1930 5372 2131 5440 scripta
2177 5368 2247 5422 sit
2293 5365 2361 5419 ab
2408 5360 2721 5417 auctoribus
2766 5353 3106 5429 synchronis,
3150 5365 3219 5407 ex
3271 5345 3509 5418 antiquis

1930 5474 2110 5519 tamen
2152 5460 2411 5514 Romanae
2441 5453 2693 5510 Ecclesiae
2735 5447 3080 5506 monimentis
3134 5442 3339 5514 pariter
3379 5454 3510 5494 con-

1931 5556 2147 5611 cinnata
2178 5551 2315 5606 fuit:
2342 5549 2477 5604 adeo
2502 5555 2564 5601 ut
2592 5560 2688 5615 pro
2718 5538 3085 5598 discernendis
3116 5534 3372 5588 ﬂuuiana:
3413 5528 3511 5583 Ec-

1933 5646 2107 5701 clesiae
2135 5643 2349 5707 ritibus,
2382 5655 2478 5710 pro
2509 5637 2747 5709 ejusdem
2779 5628 3061 5707 disciplina
3091 5633 3145 5679 ct
3170 5618 3513 5693 dogmatibus

1933 5731 2340 5806 cognoscendis,
2370 5731 2459 5784 hic
2482 5728 2619 5783 liber
2644 5723 2838 5780 merito
2879 5715 3101 5788 allegari
3149 5712 3341 5783 possit,
3386 5721 3509 5806 cunt

1933 5797 2094 5886 exveo
2123 5826 2315 5882 horum
2359 5820 2599 5878 omnium
2645 5814 2837 5872 notitia
2866 5815 3105 5873 eruatur.
3158 5801 3218 5861 Si
3254 5801 3398 5859 enim
3443 5797 3510 5857 de
