3976 6312
187 381 307 444 εει

1287 385 1576 442 APPEND.
1617 384 1709 442 AD
1744 382 2054 442 DlSSERT.
2095 341 2419 463 PRECED.

3364 372 3471 441 221

188 513 298 578 pta
332 501 500 558 fuisse
538 514 634 572 per
663 506 970 565 auctorem,
1012 515 1104 555 seu
1135 509 1385 556 auctores
1416 499 1680 567 Vitarum,
1719 514 1787 556 ex
1817 501 1865 560 A
1893 498 2136 554 codicum
2189 499 2565 565 vetustiorum,
2610 497 2752 556 unde
2806 496 3078 570 colligitur
3133 507 3264 556 aetas
3315 497 3469 557 Libri

191 594 437 650 vetustis
461 590 764 662 Catalogis,
809 607 876 647 ex
925 590 1076 647 Actis
1125 603 1421 663 martyrum
1453 601 1509 647 et
1541 591 1793 647 concilio-

195 701 352 750 rum,
380 700 446 740 ex
479 683 817 739 documentis
860 685 1203 768 archivqrnm
1225 725 1241 751 ,
1292 685 1436 741 sedis
1490 686 1788 754 pra-sertim

189 775 520 848 apostolicae
550 787 602 831 et
630 775 976 831 basilicarum
1027 775 1207 832 Urbis.
1250 777 1450 832 Deinde
1472 794 1536 834 ex
1567 793 1791 834 numero

190 867 230 922 6
261 868 335 922 ad
385 867 547 922 tinent
579 867 769 936 capitis
815 868 1152 923 demonstrat
1180 883 1242 923 ca
1287 885 1406 938 quae
1451 885 1480 924 a
1527 870 1789 924 Zacharia

189 958 268 1013 ad
296 956 581 1014 Nicolaum
609 957 631 1013 Ι
657 973 914 1027 expressa
961 969 1122 1025 sunt,
1157 975 1253 1030 per
1278 962 1518 1016 diversos
1543 971 1792 1018 auctores

185 1051 581 1121 syucbronos,
637 1060 694 1106 ut
738 1051 1027 1121 plurirmrm
1076 1051 1331 1107 Romanae
1361 1053 1618 1109 Ecclesiae
1645 1055 1790 1110 clero

192 1153 252 1200 et
307 1142 504 1198 ofﬁciis
532 1144 796 1212 ascriptos
831 1143 992 1198 fuisse
1040 1133 1270 1216 propriis
1309 1147 1479 1201 oculis
1504 1158 1789 1218 perspecta

192 1235 330 1291 dum
375 1246 718 1307 gererentur,
749 1235 863 1290 sive
909 1235 1130 1292 collecra
1159 1253 1224 1292 ex
1265 1238 1589 1294 authenticis
1627 1238 1792 1294 docu—

191 1327 401 1383 mentis
431 1335 591 1382 aetate
617 1342 712 1381 sua
743 1328 1002 1396 depositis
1046 1337 1138 1382 aut
1172 1331 1462 1384 asservatis
1493 1331 1691 1400 passim
1735 1332 1788 1384 in

191 1417 573 1483 chartulariis,
592 1417 946 1481 bibliothecis,
979 1419 1212 1473 archivis
1236 1419 1394 1489 hujus
1423 1420 1663 1490 ejusdem
1691 1420 1791 1474 Ec-

191 1508 404 1575 clesiae,
436 1517 490 1564 et
515 1510 570 1564 in
600 1509 870 1580 publicam
900 1511 1071 1564 lucem
1101 1513 1299 1565 emissa
1331 1528 1514 1566 coram
1542 1512 1790 1577 testibus,

191 1601 293 1671 qui
336 1600 508 1656 fidem
555 1602 878 1672 scriptorum
919 1617 1147 1672 arguere
1197 1618 1261 1658 ac
1304 1604 1592 1674 suggillare
1635 1603 1794 1660 facile

192 1691 535 1761 potuissent,
567 1693 612 1747 si
663 1703 911 1748 auctores
955 1695 1029 1750 illi
1077 1710 1233 1750 secus
1273 1711 1336 1748 ac
1377 1706 1525 1767 gesta
1577 1694 1793 1753 fuerant

194 1783 466 1841 mandare
513 1785 710 1842 litteris
737 1789 850 1842 ausi
881 1787 1074 1843 forent.
1111 1789 1289 1856 Quare
1321 1791 1532 1857 intulit,
1583 1803 1789 1848 tantum

1896 593 2243 651 Pontificalis.

1967 689 2031 745 V.
2079 691 2135 744 Id
2186 705 2352 745 unum
2397 690 2580 746 deerat
2613 687 2844 744 laudatae
2890 685 3255 743 dissertationi
3305 685 3473 742 Sche-

1894 782 2124 838 lestratii
2173 801 2186 837 :
2241 783 2333 853 qui
2376 798 2497 838 cum
2545 791 2759 836 aetatem
2811 779 3098 836 Anastasio
3137 779 3471 850 superiorem

1894 887 1983 932 aut
2034 886 2182 934 certe
2225 893 2508 948 supparem
2540 891 2664 932 cum
2717 874 2994 931 Holstenio
3022 875 3261 943 assignet
3300 871 3472 926 codici

1893 970 2256 1034 Farnesiano,
2284 978 2340 1022 et
2364 968 2575 1038 utrique
2599 967 2767 1022 codici
2797 964 3108 1021 Florentino
3134 962 3474 1019 bibliothecae

1898 1061 1958 1117 S.
1997 1059 2162 1114 Marci
2207 1061 2406 1130 primas
2445 1067 2569 1130 post
2612 1057 2758 1111 illum
2801 1057 3018 1119 tribuat,
3061 1069 3220 1109 omne
3266 1052 3476 1107 tulisset

1894 1159 2180 1221 puncturu,
2212 1151 2257 1205 si
2289 1149 2501 1220 prolato
2536 1149 2830 1218 specirnine
2862 1147 3004 1203 illius
3042 1147 3319 1216 scripturae
3348 1159 3474 1198 ocu-

1897 1245 1962 1299 lis
1989 1245 2286 1314 pcritorum
2313 1259 2424 1298 rem
2450 1242 2768 1311 subjecisset
2788 1241 3114 1310 :prwsertim
3143 1254 3262 1293 cum
3289 1235 3476 1306 paucis

1897 1335 2186 1389 admodum
2216 1334 2378 1388 lieeat
2402 1333 2593 1388 asserti
2623 1333 2767 1387 illius
2795 1332 3078 1387 veritatem
3119 1331 3274 1399 longa
3325 1343 3478 1399 pere-

1899 1425 2228 1496 grinatione,
2251 1435 2304 1478 et
2337 1424 2576 1494 irnpeusa
2618 1423 2828 1479 itineris
2857 1438 2961 1476 non
2993 1422 3222 1486 modica,
3248 1429 3340 1474 aut
3363 1433 3478 1474 mu-

1899 1531 2087 1570 nerum
2132 1531 2352 1571 suorum
2398 1513 2588 1571 ciliciis
2619 1514 3001 1584 profectionem
3033 1511 3474 1584 impedientibus,

1895 1607 2200 1676 explorare.

1969 1700 2051 1753 V’l.
2087 1698 2319 1754 Praestiti
2347 1700 2504 1759 in.ra.
2532 1707 2652 1770 post
2679 1697 2962 1770 Catalogos
2991 1711 3321 1752 summorum
3345 1709 3477 1768 pon-

1899 1789 2140 1856 lilicurn,
2176 1789 2225 1844 id
2279 1791 2420 1858 quod
2472 1799 2714 1861 poteram
2745 1789 2940 1844 absens
2971 1790 3036 1843 ab
3062 1788 3254 1844 illustri
3289 1785 3479 1844 biblio-

195 1890 324 1931 esse
355 1877 742 1932 auctoritatem
789 1887 1102 1949 tantamque
1142 1883 1510 1950 praestantiam
1567 1883 1790 1953 hujusce
1823 1861 1867 1920 Β
1900 1882 2056 1936 theca
2091 1881 2423 1936 serenissimi
2469 1881 2621 1936 ducis
2673 1880 3024 1945 Parmensis,
3074 1895 3228 1952 opem
3271 1878 3478 1935 ferente

194 1967 347 2024 Libri
380 1969 735 2031 Pontificalis.
768 1983 826 2026 ut
853 1986 1082 2029 ntrruero
1107 1974 1140 2028 8
1166 1974 1369 2030 diserte
1392 1975 1621 2030 allirrnet
1678 1998 1696 2028 ι
1734 1994 1791 2032 se

194 2061 286 2116 vix
321 2063 470 2120 scire
502 2079 571 2118 an
600 2065 653 2120 in
689 2072 796 2120 tota
836 2065 1158 2137 antiquitate
1198 2084 1332 2140 opus
1381 2070 1596 2141 aliquod
1643 2087 1793 2143 repe-

194 2153 396 2220 riatur,
427 2170 494 2210 ex
531 2173 637 2226 quo
669 2167 778 2212 tam
822 2159 1011 2225 multa,
1045 2176 1106 2215 ac
1137 2178 1204 2215 ex
1252 2162 1414 2217 Libro
1468 2163 1787 2229 l’outificali,

185 2247 414 2303 addisci
464 2250 711 2319 possint;
751 2270 770 2304 ι
819 2261 874 2306 et
915 2268 1141 2308 numero
1191 2253 1224 2310 9
1271 2257 1531 2324 producat
1566 2258 1791 2326 ingenua

199 2339 520 2395 testimonia
549 2343 711 2399 etiam
752 2344 1066 2399 criticorum
1098 2347 1378 2401 catholicae
1412 2349 1654 2419 religioni
1687 2367 1792 2405 can-

198 2432 414 2500 teroqui
445 2448 552 2488 non
581 2434 912 2502 additorurn,
941 2438 1031 2506 qui
1075 2440 1442 2508 pra-stantiam
1473 2439 1620 2494 Libri
1652 2440 1792 2496 ultro

197 2535 542 2592 agnoverunt
572 2542 638 2581 ex
678 2531 1078 2598 comparatione
1118 2531 1367 2586 Historiae
1397 2533 1638 2586 Vitarum
1669 2549 1790 2588 cum

199 2618 573 2672 monumentis
616 2620 864 2689 genuinis
915 2622 1088 2676 cidem
1131 2623 1443 2692 aequalibus.
1476 2624 1607 2678 llltrl
1648 2641 1789 2692 prae-

198 2708 393 2763 sertim
420 2710 608 2764 retulit
639 2727 705 2766 ex
738 2711 1013 2767 Bloudello
1041 2755 1054 2778 ,
1093 2715 1183 2784 qni
1239 2716 1346 2779 ait,
1406 2736 1423 2768 ί
1454 2717 1506 2769 in
1533 2732 1596 2770 eo
1629 2716 1791 2772 Libro

199 2809 420 2856 veteres
445 2802 698 2858 Ecclesiae
721 2803 978 2860 Romana}
999 2807 1208 2861 tabulas
1231 2808 1519 2874 contineri,
1551 2811 1791 2880 nihilque

201 2907 272 2949 eo
301 2894 509 2966 scripto
535 2896 902 2968 incorruptius
947 2901 1148 2954 editum
1188 2902 1430 2973 nihilque
1461 2920 1490 2956 a
1526 2903 1641 2958 falsi
1675 2921 1793 2960 sus-

204 2983 426 3052 picione
470 2985 698 3042 alienius
736 2989 959 3058 reperiri
988 3006 1147 3062 posse
1172 3032 1187 3056 ,
1219 3013 1238 3046 ι
1271 3001 1326 3047 et
1354 2993 1478 3048 huic
1511 2995 1786 3062 persimile

193 3075 464 3145 judicium
502 3096 534 3133 a
567 3079 833 3137 Snlmasio
864 3082 1162 3153 profectum
1203 3085 1405 3152 docuit,
1439 3084 1643 3142 fatente
1668 3104 1792 3142 cum

199 3167 484 3227 Blondeilo
511 3192 531 3225 r
561 3183 838 3231 auctorem
867 3174 1018 3233 Libri
1047 3178 1404 3246 Pontificalis,
1451 3181 1606 3250 quasi
1659 3181 1792 3237 solis

199 3267 354 3322 radio
379 3267 688 3337 scripsisse.
720 3289 740 3322 ι
1528 3272 1538 3282 ’

267 3399 361 3456 Ill.
406 3398 768 3457 Perviderant
814 3403 975 3459 etiam
1027 3403 1348 3471 Fabrottus,
1397 3405 1706 3464 Holstenius
1736 3418 1791 3464 et

202 3489 658 3561 Schelestratius,
710 3493 929 3551 Librum
976 3498 1139 3562 hunc,
1184 3498 1391 3570 integra
1421 3499 1525 3553 lide
1555 3516 1618 3556 ac
1644 3501 1787 3556 veri-

199 3585 336 3640 tatis.
357 3585 544 3640 studio
579 3586 862 3644 collectum
898 3603 974 3646 ex
1015 3591 1264 3659 genuinis
1307 3592 1643 3646 documentis
1673 3591 1787 3661 ple-

197 3693 433 3748 rumque
453 3679 706 3748 publicis,
728 3690 874 3738 tanto
903 3683 1020 3738 usui
1052 3685 1287 3753 posteris
1312 3683 1790 3754 futururn,quanto

198 3784 344 3826 nunc
369 3785 498 3826 esse
525 3773 926 3842 cognoscimus,
955 3783 1011 3830 ut
1041 3775 1212 3830 vicem
1237 3777 1635 3847 quodaurruodo
1657 3794 1787 3848 sup-

197 3863 343 3934 pleat
386 3864 605 3920 illorum
651 3867 1116 3935 documentorum,
1147 3887 1265 3940 quae
1296 3874 1628 3942 autographa
1663 3881 1790 3929 tunc

199 3956 676 4026 perspiciebantur
721 3962 934 4031 quando
980 3963 1269 4034 prodibant
1299 3962 1438 4020 Vitae
1479 3967 1642 4020 etiam
1696 3981 1790 4035 po-

200 4056 419 4104 strema:
447 4057 560 4103 tum
586 4051 859 4108 Anastasii
892 4065 1001 4108 tum
1031 4053 1322 4111 Guillielmi
1370 4055 1787 4122 bibliotheCarii,

197 4149 251 4195 ct
283 4141 662 4212 superioribus
690 4144 1046 4201 addebantur.
1087 4145 1264 4213 Quare
1305 4156 1633 4204 censuerunt
1661 4163 1791 4203 con-

195 4232 462 4288 sulendos
485 4249 606 4290 esse
634 4237 847 4292 codices
879 4253 1066 4294 eorum
1094 4241 1185 4310 qui
1217 4249 1498 4297 exstarent
1525 4241 1789 4311 antiquis-

201 4329 400 4399 simos,
430 4341 488 4386 et
519 4335 794 4391 variantes
817 4336 1079 4394 lectiones
1113 4339 1234 4396 inde
1259 4343 1626 4412 excerpendas
1650 4351 1704 4398 et
1733 4343 1788 4398 in

204 4423 486 4494 publicum
511 4426 862 4497 proferendas
888 4444 902 4484 a
927 4439 986 4485 ut
1004 4431 1105 4486 hoc
1134 4433 1184 4488 in
1212 4449 1372 4503 opere
1401 4435 1628 4496 edendo,
1656 4431 1789 4488 nihil

201 4518 272 4573 ab
310 4526 475 4573 aetate
521 4527 704 4575 nostra
749 4523 1163 4580 subtraheretur
1211 4527 1446 4582 maximo
1489 4527 1562 4582 illi
1609 4528 1787 4584 studio

200 4610 474 4676 veritatis,
508 4613 650 4682 quod
674 4614 808 4670 adeo
833 4625 1080 4672 sanctum
1109 4617 1335 4687 professi
1367 4617 1581 4674 fuerant
1603 4629 1787 4677 aucto-
1817 4613 1865 4673 D

199 4715 293 4761 res
325 4703 577 4760 Vitarum
611 4707 663 4760 in
695 4706 759 4762 iis
785 4709 1209 4766 conscribendis.

271 4827 368 4893 IV.
399 4837 582 4896 Editio
609 4849 790 4898 nostra
827 4845 929 4900 hoc
956 4845 1097 4902 idem
1133 4845 1368 4902 studium
1405 4846 1634 4904 ulterius
1668 4863 1790 4919 pro-

199 4930 396 4996 movit,
420 4930 652 4989 aﬂ‘erens
683 4950 745 4989 ex
776 4937 1017 5006 pluribus
1049 4939 1169 4995 aliis
1201 4940 1497 5007 codicibus,
1522 4950 1790 5013 quotquot

197 5031 466 5092 praestare
489 5026 813 5096 antiquitate
834 5034 1193 5101 percepimus,
1215 5035 1484 5090 variantes
1506 5035 1783 5091 lectiones.

199 5111 393 5184 Neque
423 5115 470 5171 is
499 5117 602 5172 erit
626 5120 886 5176 terminus
915 5132 1140 5178 conatus
1169 5126 1374 5192 nostri,
1418 5141 1516 5197 pro
1546 5127 1790 5183 veritatis

197 5205 479 5264 historica:
501 5209 963 5271 demonstratione
1005 5217 1261 5288 suscepti.
1294 5217 1552 5288 Cupimus
1575 5217 1713 5287 ipsa,
1743 5220 1786 5275 si

198 5298 388 5366 liceat,
421 5301 742 5362 documenta
769 5307 943 5362 oculis
965 5309 1205 5362 ornuium
1236 5309 1520 5378 subjicere.
1550 5311 1786 5366 lndicarta

179 5392 408 5448 idcirco
431 5402 560 5450 sunt
591 5395 643 5450 in
674 5397 989 5467 praefatione
1031 5400 1230 5470 prioris
1258 5404 1387 5458 torui
1416 5405 1637 5472 antiqua
1673 5421 1787 5460 mo.

193 5492 482 5552 numenta,
509 5502 628 5556 quae
650 5488 878 5557 genuina
903 5491 1208 5545 testimonia
1237 5503 1383 5558 sunt,
1412 5495 1556 5548 aetati
1587 5503 1783 5549 nostrae

197 5591 551 5652 praenata,
597 5585 665 5640 ad
713 5583 891 5642 fontes
942 5585 1098 5656 hujus
1153 5587 1390 5642 historiae
1439 5589 1777 5658 aperiendus.

199 5669 356 5728 Nunc
371 5671 530 5728 etiam
549 5675 792 5745 exempla
814 5686 1194 5740 monstramus,
1210 5694 1328 5747 «prae
1355 5679 1509 5732 ﬁdem
1539 5689 1782 5733 astruant

200 5765 262 5821 ac
288 5767 635 5838 prasenliam
681 5769 1075 5838 quodammodo
1126 5774 1368 5825 referant
1421 5775 1785 5843 autographo—

201 5875 341 5919 rum.
403 5860 484 5927 Ea
531 5876 658 5925 vero
713 5872 838 5955 sunt
874 5875 1126 5926 accurate
1164 5867 1428 5930 delineata
1484 5871 1782 5944 specimina

662 6049 710 6066 Ι,
733 6049 752 6056 .,,
779 6039 816 6062 ,ιβ
829 6044 857 6062 ³
873 6051 891 6056 -
905 6043 936 6054 ν·

1895 1975 2346 2044 praesantissilno
2390 1974 2693 2030 litterarum
2724 1973 2952 2034 fautore.
2986 1974 3183 2043 sacpius
3208 1971 3336 2028 mihi
3367 1985 3480 2027 me-

1896 2068 2158 2121 u‘rorando
2177 2109 2190 2132 ,
2245 2069 2558 2123 nrarclrione
2588 2067 2839 2123 Mauritio
2869 2067 2935 2122 de
2964 2066 3234 2130 Sanctiis,
3265 2063 3481 2120 celsitu-

1895 2159 2006 2214 dini
2038 2174 2148 2214 suae
2165 2175 2192 2212 a
2215 2160 2582 2216 sanctioribus
2603 2159 2845 2214 consiliis
2867 2167 2920 2212 et
2943 2159 3010 2213 ab
3033 2157 3246 2213 arcanis
3270 2157 3478 2210 Status.

1897 2253 2180 2324 Specirnen
2212 2255 2421 2324 paginae
2467 2256 2553 2322 16,
2605 2255 2656 2308 ἰη
2704 2270 2808 2324 qua
2854 2253 3077 2325 Eugenii
3127 2268 3277 2324 papae
3307 2250 3327 2305 l
3357 2248 3479 2306 Vita

1896 2347 2107 2416 integra
2133 2349 2513 2404 continebatur
2543 2347 2950 2403 accuratissime
2985 2348 3365 2416 transcriptum
3392 2343 3479 2399 ille

1896 2437 1958 2491 ad
1987 2453 2070 2493 rue
2097 2439 2418 2502 trausruisit,
2442 2441 2585 2510 quod
2600 2456 2707 2494 aere
2726 2440 2953 2494 incisum
2980 2437 3312 2508 protulipag.
3343 2449 3478 2490 χχιιι

1895 2529 2019 2600 (col.
2051 2530 2175 2593 M9,
2221 2530 2346 2601 150)
2371 2532 2438 2586 ad
2463 2531 2694 2602 exempli
2723 2533 2902 2586 tidem.
2921 2529 3217 2601 Supererat
3235 2538 3292 2583 ut
3313 2529 3477 2584 etiam

1896 2620 1960 2674 dc
2010 2620 2337 2677 Florentinis
2391 2623 2703 2688 codicibus,
2747 2631 3027 2694 tantopere
3075 2621 3468 2676 commendatis

1895 2712 1962 2766 ab
2018 2712 2295 2770 Uolstenio
2322 2755 2336 2780 ,
2394 2715 2612 2772 lectoris
2654 2716 2854 2773 eruditi
2908 2726 3146 2772 mentem
3189 2724 3244 2771 et
3287 2714 3477 2772 oculos

1895 2806 2133 2864 facerem
2163 2811 2447 2866 certiores.

1969 2901 2078 2956 Vll.
2111 2901 2262 2969 Quod
2292 2904 2344 2958 in
2381 2903 2523 2958 notis
2550 2901 2616 2958 ad
2634 2901 2901 2974 opuscula
2933 2901 3189 2974 praedicta
3226 2909 3480 2974 negatum

1897 2993 2028 3048 mihi
2068 2995 2270 3064 tibique
2299 2995 2507 3061 fuerat,
2568 2994 2739 3050 lector
2780 2995 3062 3060 benevole,
3093 2994 3303 3052 abunde
3333 3007 3477 3049 nunc

1896 3085 2266 3141 ministratuni
2307 3086 2573 3158 appendix
2621 3086 2723 3140 ista
2758 3087 2898 3141 bono
2941 3103 3063 3142 cum
3104 3084 3325 3140 numine
3349 3082 3480 3139 οπε-

1899 3187 2000 3232 ret.
2056 3179 2352 3247 Acceptum
2423 3193 2553 3233 vero
2616 3179 2820 3233 referas
2871 3176 3242 3233 beneficentiae
3291 3173 3480 3246 optimi

1895 3269 2178 3341 principis,
2223 3268 2424 3324 domini
2464 3279 2520 3326 et
2549 3267 2858 3325 Maecenatis
2887 3268 3078 3335 nostri,
3129 3283 3193 3323 ac
3243 3264 3471 3323 sanctis-

1897 3361 2020 3416 simi
2043 3360 2223 3416 Patris
2245 3359 2634 3416 CLEMENTIS
2682 3359 2786 3426 Xl,
2827 3361 3078 3431 quicum
3129 3375 3196 3415 ex
3243 3357 3480 3429 Egypto

1894 3453 2093 3509 Arabia
2121 3465 2175 3508 et
2202 3453 2360 3524 Syria
2385 3453 2566 3522 copias
2595 3451 2909 3517 litterarias,
2936 3450 3235 3521 praesertim
3267 3461 3475 3514 sacras,

1894 3545 1946 3601 in
1983 3546 2184 3602 Urbem
2231 3546 2457 3602 convehi
2516 3545 2746 3602 feliciter
2783 3544 3094 3608 curaverit,
3133 3557 3322 3613 passus
3370 3555 3479 3598 non

1893 3649 1975 3696 est
2001 3641 2266 3696 viciniora
2298 3641 2413 3696 haec
2444 3641 2684 3696 subsidia
2715 3639 2950 3696 historiae
2977 3637 3264 3710 poutificiae
3293 3637 3346 3692 in
3375 3638 3481 3695 hac

1893 3731 2152 3788 Vaticana
2184 3731 2420 3786 editione
2458 3729 2782 3785 desiderari.
2839 3728 2920 3785 Me
2955 3744 3079 3784 cum
3131 3727 3360 3799 deligere
3401 3726 3477 3786 illi

1891 3816 2204 3894 placuisset,
2236 3840 2333 3896 pro
2359 3823 2675 3879 conlirruata
2708 3822 2897 3894 viginti
2943 3838 3208 3879 annorum
3249 3821 3480 3878 clemen-

1893 3916 1984 3980 tia,
2010 3933 2112 3986 qua
2145 3915 2336 3970 studiis
2351 3916 2551 3971 nostris
2567 3915 3086 3987 indulgentissimum
3101 3924 3389 3985 patronum
3407 3929 3467 3972 se

1893 4013 2230 4082 comprobat,
2261 4015 2329 4067 ad
2358 4012 2585 4082 insignia
2609 4011 2818 4066 collatae
2849 4011 3128 4081 dignitatis
3161 4007 3478 4080 perferenda

1892 4103 2322 4160 eminentissimo
2344 4102 2605 4157 cardinali
2647 4101 2839 4156 Joarrni
2871 4100 3161 4156 Francisco
3184 4099 3478 4156 Barbarlico

1893 4196 2216 4266 (litterarum
2255 4195 2616 4267 patrocinium
2667 4209 2772 4249 non
2819 4197 3055 4262 segniter
3083 4176 3375 4247 exercenti'
3409 4205 3477 4248 ex

1891 4305 2000 4359 quo
2053 4289 2310 4344 Ecclesiae
2352 4287 2644 4343 Veroneusi
2695 4287 2854 4341 datus
2889 4284 3203 4354 episcopus,
3249 4291 3362 4337 tum
3409 4281 3476 4337 ad

1892 4383 2227 4438 Brixiensem
2262 4379 2577 4444 translatus,
2611 4379 2900 4451 utrobique
2938 4377 3169 4433 clariora
3219 4373 3476 4433 excitavit

1894 4477 2125 4549 ingenia)
2151 4477 2358 4547 copiam
2385 4475 2512 4530 fecit
2551 4490 2658 4530 non
2690 4473 2847 4530 modo
2887 4473 3118 4530 adeundi
3145 4471 3392 4528 Parmam
3419 4479 3477 4528 et

1893 4570 2242 4632 Florentiam,
2279 4569 2367 4624 ubi
2399 4569 2615 4624 codices
2664 4568 2740 4622 illi
2785 4565 3124 4637 pontificales
3155 4565 3476 4636 antiquitate

1892 4663 2216 4735 spectabiles
2255 4670 2620 4725 asservantur,
2667 4675 2856 4715 verum
2905 4660 3068 4714 etiam
3111 4653 3473 4727 perlustrandi

1892 4755 2227 4825 autographa
2268 4754 2590 4809 documenta
2635 4751 2992 4824 complurium
3034 4747 3377 4804 archivorum
3421 4753 3474 4800 et

1891 4849 2242 4906 ecclesiarum
2281 4866 2294 4902 :
2325 4862 2445 4918 quae
2478 4846 2614 4901 lucis
2652 4844 2880 4915 publica:
2925 4855 3143 4896 usuram
3191 4853 3314 4893 cum
3364 4851 3476 4892 me-

1891 4953 2113 4997 reantur
2142 4957 2295 5011 aeque
2342 4955 2406 4995 ac
2453 4940 2589 4997 Vita:
2633 4934 2975 4996 Pontificum,
3021 4946 3051 4986 a
3103 4928 3475 4985 conterraneis

1892 5037 2026 5092 meis
2071 5035 2368 5091 editoribus
2395 5043 2680 5103 acceptura
2727 5044 2846 5085 esse
2875 5024 3198 5097 quantocius
3236 5023 3472 5080 confido.

1855 5178 1861 5184 .
1893 5128 2064 5183 Batus
2088 5129 2268 5198 itaque
2299 5145 2329 5181 a
2370 5141 2456 5181 me
2481 5115 2868 5184 conferendum
2915 5121 3246 5178 tantumdem
3274 5118 3474 5174 laboris

1894 5237 1956 5277 ac
1991 5221 2300 5292 diligentiae,
2349 5227 2609 5289 quantum
2640 5213 3019 5272 sanctissimus
3053 5212 3219 5269 Pater
3247 5211 3475 5281 largitus

1892 5312 2069 5371 fuerat
2122 5312 2360 5384 praesidii
2415 5312 2481 5366 ad
2536 5311 2649 5365 haec
2711 5307 3047 5363 munimenta
3108 5301 3470 5376 comparanda

1891 5407 2140 5463 Historiae
2187 5402 2505 5476 pontificum
2537 5401 2760 5472 ejusque
2808 5400 3053 5466 editioni,
3108 5392 3472 5468 inspiciendas

1891 5500 2024 5555 mihi
2053 5514 2172 5554 esse
2195 5498 2321 5553 duxi
2345 5497 2562 5553 cortices
2589 5494 2980 5551 Farnesianum
3009 5507 3070 5549 ac
3101 5489 3467 5553 Florentinos,

1891 5608 1955 5648 ac
1989 5591 2377 5646 describendos
2405 5590 2471 5644 iis
2501 5589 2690 5644 saltem
2723 5588 2967 5660 partibus
2987 5582 3334 5656 (prae-lumina
3359 5579 3470 5635 evi-
3520 5649 3525 5656 .

1891 5685 2134 5740 dcutiora
2181 5681 2500 5752 praeferrent
2545 5679 2798 5734 studiosis
2831 5673 3170 5745 antiquitatis
3192 5688 3255 5728 ac
3280 5669 3471 5724 verita-

1891 5780 1978 5833 tis.
2019 5779 2153 5832 (Jum
2182 5775 2536 5832 beneliecntia
2580 5771 2851 5844 pontificis
2899 5768 3120 5825 maximi
3155 5762 3384 5824 certavit
3411 5760 3468 5818 il

1889 5873 2074 5932 labore
2125 5879 2311 5928 nostro
2350 5866 2579 5926 fovendo
2626 5877 2789 5937 atque
2841 5861 3084 5921 ornando
3130 5851 3466 5918 serenissimi
