3924 5382
96 140 214 200 ῒὶθ

1190 142 1484 200 APPEND.
1526 143 1619 198 AD
1655 141 1966 199 DlSSEliT.
2007 142 2326 200 PREGED.

3288 149 3402 206 250

176 256 311 313 Haec
333 255 518 329 itaque
546 270 617 316 ex
673 257 862 316 codice
906 256 1262 321 Farnesiano,
1286 258 1525 314 omnium
1573 259 1708 314 anti-
1735 263 1784 324 Α
1812 259 1900 313 ubi
1933 268 2222 330 supersunt
2256 259 2432 315 adhuc
2456 258 2841 318 vetustissima:
2862 260 3203 321 orbiculares
3251 265 3392 324 ima-

99 352 402 424 quissimo,
429 352 560 408 duxi
587 353 944 412 exscribenda
966 363 1022 408 et
1045 352 1366 416 exhibenda,
1390 353 1455 410 ad
1480 355 1586 409 vim
1613 356 1706 410 de-

99 444 527 499 monstrationis
569 443 942 514 complendum
985 445 1039 498 in
1074 445 1410 514 argumentis
1442 444 1706 502 llolstenii

100 546 162 592 et
193 535 575 593 Scbelestratii
621 553 744 609 quae
769 537 1010 594 indicant
1039 537 1218 596 fontes
1237 539 1501 611 genuinos
1532 540 1706 597 histo—

98 629 202 685 riae
230 629 579 701 pontiﬁcalis.

175 721 265 776 Xl.
311 719 430 778 Non
478 720 620 777 levia
668 738 881 795 quoque
911 733 1183 780 momenta
1239 725 1422 781 solidm
1450 727 1698 786 veritatis

99 813 351 868 addenda
405 823 536 870 sunt
589 830 656 870 ex
704 814 911 871 duobus
936 815 1209 872 codicibus
1244 815 1572 875 Florentinis
1611 821 1693 876 bi-

97 903 390 962 bliotheca
419 903 479 961 S.
529 905 731 972 Iarci;
763 922 899 977 quos
925 918 986 962 ut
1011 908 1336 976 evolverem,
1365 912 1691 980 conferrem,

101 999 553 1064 transcriberem,
599 999 652 1054 in
679 1015 741 1054 ea
779 1001 1038 1071 temporis
1063 1003 1308 1072 angustia
1335 1018 1442 1072 qna
1480 1019 1690 1073 preme-

99 1090 202 1146 bar
239 1103 529 1150 maturans
582 1092 817 1150 reditum
873 1110 1053 1150 meum
1101 1096 1154 1150 in
1202 1094 1425 1160 Urbem,
1474 1113 1696 1169 operam

98 1197 313 1254 quoque
335 1199 494 1239 suam
527 1184 860 1242 amicissime
884 1185 1230 1242 contulerunt
1262 1189 1550 1244 admodum
1580 1205 1694 1246 rev.

100 1271 287 1328 Patres
329 1275 546 1330 ordinis
577 1274 1022 1342 Praedicatorum,
1081 1284 1230 1332 tanto
1277 1279 1456 1333 studio
1489 1279 1692 1334 incitati

97 1369 166 1423 ad
215 1369 358 1425 bene
429 1369 748 1426 merendum
805 1370 870 1426 de
932 1371 1148 1437 litteris,
1205 1382 1463 1441 quantum
1531 1374 1694 1428 etiam

96 1461 151 1517 in
223 1461 372 1520 Urbe
441 1462 798 1534 experimur,

93 1565 383 1612 natensem
455 1555 779 1612 adeuntibus

857 1565 1131 1630 patentem
1203 1559 1512 1625 exhibent,
1590 1576 1692 1630 pro

874 1463 1000 1518 dum
1060 1463 1446 1520 bibliothecam
1525 1464 1725 1522 Casa--

1813 355 1964 425 gines
1990 353 2368 427 episcoporum
2399 369 2431 409 a
2454 355 2512 411 S.
2557 355 2880 425 Asprenate,
2937 358 3114 427 primo
3142 357 3393 433 Neapoli-

1812 456 2061 503 tanorum
2084 449 2356 520 episcopo,
2374 449 2572 505 seriem
2601 464 2982 506 successorum
3009 452 3394 521 ordientes,.et

1811 540 2145 611 singulorum
2197 541 2504 597 nominibus
2554 541 2858 608 insignitae:
2891 557 3011 612 qua:
3056 544 3284 614 picturae
3336 546 3392 602 in

1809 631 2054 702 ingressu
2078 633 2394 699 cmmeterii,
2425 633 2650 704 perinde
2673 648 2738 690 ac
2767 633 2820 688 in
2849 634 3176 692 suburbanis
3203 635 3389 693 Roma:

1808 734 1863 780 et
1884 727 2089 797 cryptis
2117 735 2280 796 atque
2311 726 2572 782 cubiculis
2599 737 2924 796 martyrum,
2960 728 3088 785 olim
3109 729 3388 798 coloratae,

1804 819 2188 888 superinducto
2241 828 2363 890 post
2397 819 2604 890 aliquot
2633 819 2827 876 saecula
2855 820 3030 890 primo
3053 837 3118 878 ac
3147 824 3387 880 secundo

1804 910 1969 967 calcis
1997 913 2387 984 integumento,
2441 914 2743 983 conspicuae
2791 925 2915 969 sunt
2945 917 3035 972 ubi
3085 917 3386 988 fragmenta

1802 1002 2122 1072 posterioris
2171 1004 2520 1076 integumenti
2566 1004 2903 1061 exciderunt.
2957 1007 3198 1066 Orbiculi
3252 1026 3384 1068 vero

1801 1094 1900 1150 has
1967 1095 2230 1166 imagines
2281 1099 2656 1167 episcoporum
2711 1099 3049 1156 includentes
3102 1102 3385 1160 imitantur

1800 1186 2037 1257 speciem
2084 1187 2298 1243 illorum
2332 1189 2421 1257 qui
2481 1190 2677 1245 seriem
2718 1191 3035 1261 pontiﬁcum
3064 1194 3300 1250 retinent
3328 1195 3381 1252 in

1800 1277 2024 1333 basilica
2053 1276 2111 1334 S.
2146 1279 2296 1334 Pauli
2319 1280 2406 1334 via
2451 1279 2707 1344 Ostiensi,
2740 1293 2796 1337 et
2816 1285 2871 1339 in
2904 1284 3158 1356 Zopltoro
3185 1289 3385 1344 veteris

1800 1370 2036 1427 basilicae
2105 1371 2379 1429 Vaticanaa
2457 1376 2883 1432 observabantur
2942 1388 3230 1451 antequam
3303 1381 3385 1436 di-

1797 1473 2048 1519 rueretnr
2091 1467 2190 1520 sub
2238 1465 2402 1520 Paulo
2450 1465 2518 1531 γ,
2571 1478 2802 1537 quorum
2854 1471 2898 1525 si
2926 1473 3172 1543 exetnpla
3203 1474 3386 1544 requie

1798 1569 1888 1610 ras
1932 1555 2113 1610 Romae
2158 1555 2225 1611 ab
2277 1564 2469 1610 octavo
2517 1565 2571 1611 et
2637 1573 2780 1612 nono
2835 1561 3052 1624 steculo.
3103 1564 3233 1626 satis
3280 1563 3386 1625 erit

95 1647 367 1702 constanti
431 1646 651 1720 ingenio
698 1662 865 1702 sacrae
913 1647 1056 1702 illius
1108 1647 1364 1714 l'amiliiae,
1428 1649 1496 1703 ad
1538 1665 1690 1705 men-
1721 1632 1849 1698 Bin
1932 1645 2086 1700 titulo
2141 1644 2194 1699 S.
2266 1646 2524 1702 Praxcdis
2569 1648 2860 1704 observare
2911 1654 3209 1708 oratorium
3269 1655 3382 1709 sive

96 1750 177 1796 tes
239 1739 534 1806 hominum
598 1739 796 1810 pietate
884 1755 948 1795 ac
1029 1740 1274 1796 doctrina
1359 1741 1689 1798 excolendas

95 1841 254 1890 natae.

164 1923 278 1980 XII.
317 1921 568 1980 Duorum
612 1923 878 1989 codicum,
929 1936 1064 1993 quos
1104 1921 1410 1978 Holstenius
1439 1924 1573 1979 vidit
1625 1937 1688 1979 ac

95 2018 304 2074 ueteris
334 2015 600 2074 indicavit
630 2016 682 2072 in
709 2015 1033 2071 bibliotheca
1061 2014 1371 2070 Florentina
1432 2014 1488 2072 S.
1523 2015 1687 2072 Marci

98 2120 356 2181 tanquam
383 2109 700 2180 prastantia
747 2107 1072 2178 proximosa
1119 2105 1471 2169 Farnesiano,
1516 2123 1686 2162 unum

95 2205 228 2259 dixit
255 2202 626 2272 antiquiorem
656 2207 711 2256 et
736 2200 998 2270 scriptum
1025 2198 1218 2254 litteris
1244 2198 1684 2271 Longobardicis.

93 2295 278 2350 Codex
309 2303 399 2350 est
435 2293 882 2349 membranaceus
931 2291 983 2344 in
1041 2288 1214 2345 forma
1261 2297 1466 2345 octavm‘
1517 2291 1688 2359 partis

95 2384 202 2440 folii
232 2394 292 2440 ut
323 2392 552 2449 vocant,
578 2392 632 2440 et
660 2381 945 2438 vetustatis
982 2396 1095 2436 suae
1115 2381 1438 2435 documenta
1466 2379 1684 2450 praefert

95 2493 199 2532 non
218 2477 390 2532 modo
413 2476 468 2530 in
487 2475 750 2544 scriptura
772 2483 950 2528 textus
965 2471 1111 2526 Libri
1134 2471 1484 2538 Pontilicalis,
1500 2487 1687 2526 verum

95 2569 254 2623 etiam
286 2569 346 2623 in
386 2565 645 2638 Catolbgo
698 2565 1072 2636 episcoporum
1105 2562 1474 2633 Neapolitana:
1505 2564 1688 2620 Eccle-

93 2663 205 2726 δίζε,
238 2658 711 2730 (ιηίντεωὶιιίιυιι
757 2655 892 2711 Vitis
935 2654 1250 2725 pontiﬁcum
1302 2656 1684 2721 Romanorum,

92 2765 143 2807 et
173 2753 413 2816 indicat,
433 2753 488 2805 ni
515 2751 688 2816 fallor,
713 2750 779 2804 ad
798 2748 1099 2806 Ecclesiam
1113 2748 1526 2820 Neapolitanam
1546 2752 1688 2807 hunc

93 2847 306 2902 librum
328 2842 612 2914 aliquando
636 2843 985 2914 pertinuisse,
1022 2851 1115 2897 aut
1141 2843 1470 2913 descriptum
1522 2844 1688 2900 fuisse

95 2954 122 2992 a
179 2936 351 2992 simili
381 2936 593 3002 codice,
624 2936 714 3007 qui
763 2935 831 2991 ad
867 2934 1114 2992 eamdem
1143 2934 1442 2991 Ecclesium
1476 2945 1690 3006 specta-

93 3039 196 3085 ret.
386 3035 390 3037 ’

161 3122 301 3178 Xlll.
351 3121 530 3177 Porro
565 3119 850 3192 Catalogus
879 3119 969 3178 ille
1011 3119 1488 3191 Neapolitanorum
1539 3122 1682 3176 anti-

99 3216 282 3269 stitum.
308 3211 528 3270 confert
573 3212 866 3283 plurimum
916 3212 985 3268 ad
1028 3213 1484 3268 corroborandam
1535 3213 1686 3267 chro-

100 3307 380 3375 nologiam,
433 3304 709 3360 historiam
741 3313 788 3358 et
824 3305 1183 3376 antiquitatem
1229 3305 1409 3375 operis
1453 3305 1685 3361 Anasta-

101 3398 245 3452 siani.
296 3394 545 3466 Singulis
574 3395 721 3451 enim
748 3396 1018 3467 episcopis
1040 3394 1409 3466 Neapolitanis
1443 3399 1685 3469 assignat

100 3511 257 3552 annos
304 3495 698 3567 episcopatus,
762 3493 1080 3566 plerumque
1141 3494 1306 3549 etiam
1358 3510 1571 3552 menses
1621 3511 1685 3552 ac

101 3588 204 3642 dies
231 3606 242 3640 :
274 3595 398 3642 tum
453 3585 606 3641 addit
628 3583 844 3640 nomina
872 3583 1190 3655 pontificum
1217 3585 1588 3642 Romanorum
1629 3597 1685 3643 et

101 3680 490 3748 imperatorum
516 3678 609 3748 qni
639 3691 737 3748 per
763 3676 982 3732 eosdem
1007 3691 1176 3732 annos
1197 3676 1480 3731 vixerunt:
1513 3693 1685 3748 eoque

101 3774 308 3828 nomine
350 3770 618 3827 contestis
647 3775 730 3824 est
756 3767 1118 3839 chronologiaa
1146 3767 1437 3838 pontificis:
1465 3767 1684 3838 plurimi

103 3865 399 3928 faciendus,
423 3862 728 3933 praesertim
751 3875 874 3916 cum
901 3861 1272 3916 adnotaverim
1295 3860 1348 3914 in
1368 3858 1686 3930 prtefatione

103 3959 288 4026 prioris
345 3954 485 4011 tomi
533 3953 695 4023 hujus
719 3953 968 4009 editionis
1001 3967 1228 4007 numero
1252 3951 1344 4018 26,
1377 3952 1429 4006 in
1454 3951 1684 4008 ecclesia

104 4047 293 4103 Nolana
319 4047 553 4116 ejusque
579 4045 955 4100 vetustissima
1002 4043 1224 4100 basilica
1275 4054 1331 4101 et
1369 4045 1683 4102 cmmeterio

105 4138 152 4192 S.
183 4139 380 4195 Felicis
407 4139 464 4192 in
493 4135 681 4193 Pincis
703 4137 868 4203 dicto,
905 4137 1200 4209 plurimum
1225 4147 1489 4193 exornata
1518 4139 1683 4194 musi-

105 4235 177 4286 vis
213 4233 480 4305 operibus
508 4245 574 4285 ac
597 4230 847 4286 versibus
877 4245 908 4284 a
940 4228 1003 4283 Β.
1031 4227 1280 4297 Paulino,
1320 4231 1497 4286 adhuc
1526 4245 1684 4302 supe-

106 4341 245 4382 resse
269 4333 349 4382 tot
379 4331 634 4381 vetustas
675 4323 1074 4394 inscriptiones,
1108 4332 1239 4393 quot
1261 4321 1461 4378 ibidem
1497 4323 1677 4391 retuli,

105 4425 450 4495 consignatas
479 4418 790 4476 nominibus
839 4418 1156 4489 pontiﬁcum
1205 4416 1558 4485 Nolanorum,
1587 4433 1683 4474 eo—

104 4531 325 4586 rumque
365 4511 533 4568 annis
560 4513 924 4582 episcOpatus,
954 4526 1056 4566 nec
1078 4525 1184 4565 non
1209 4509 1540 4576 consulibus,
1571 4509 1692 4580 qui-

106 4611 198 4666 bus
215 4610 651 4681 deponebantur.
679 4605 893 4663 Vicinia
913 4606 1196 4677 utriusque
1210 4602 1472 4671 ecclesiae,
1487 4603 1690 4674 Neapo-

108 4703 275 4759 litana:
305 4719 375 4758 ac
399 4699 647 4768 Nolana},
698 4707 754 4755 et
804 4698 1119 4755 cmmeteria
1164 4695 1428 4752 Romanis
1470 4695 1688 4764 similia,

110 4815 219 4870 qua:
255 4796 490 4869 Neapoli
550 4795 980 4867 conspiciuntur,
1032 4802 1089 4849 et
1140 4790 1421 4846 abundant
1461 4790 1693 4844 vetustis

114 4887 554 4961 inscriptionibus
596 4886 844 4961 genuinis
898 4883 1049 4957 (mihi
1115 4881 1374 4955 spectatis
1427 4879 1691 4937 beneﬁcio

115 4979 525 5038 eminentissimi
573 4977 867 5036 cardinalis
913 4974 1192 5032 Canteloni
1239 4981 1354 5027 tum
1421 4973 1691 5044 archiepi-

117 5072 278 5142 scopi,
315 5086 479 5142 azque
503 5067 862 5127 sanctissimis
891 5067 1130 5123 moribus
1163 5080 1228 5120 ac
1260 5078 1415 5119 sacra
1446 5065 1692 5120 doctrina

118 5162 354 5229 illustris,
387 5163 682 5235 vigilantia,
717 5161 1042 5229 constantia,
1093 5157 1389 5234 prudentia
1439 5158 1696 5228 omnique

118 5254 369 5323 pasmrali
418 5255 607 5311 virtute
673 5253 952 5312 memoriae
1009 5263 1226 5311 teternse
1279 5249 1689 5321 commendati),

122 5347 488 5382 damnnclmnl
555 5349 792 5382 annulum:
847 5345 986 5382 ίΙΙίιια
1042 5344 1341 5382 πνηνῖηρῖφ
1389 5343 1688 5382 nnliclillli“

1789 1737 2051 1808 capellam
2101 1737 2156 1792 S.
2199 1736 2453 1801 Zenonis,
2494 1756 2524 1794 a
2581 1740 2637 1794 S.
2673 1739 2969 1800 Pascltalil
3019 1743 3269 1799 similiter
3327 1745 3380 1799 in

1786 1824 1968 1882 fronte
1992 1838 2328 1894 exornatam,
2363 1839 2418 1884 et
2450 1831 2503 1884 in
2531 1831 2790 1903 hypogaeo
2818 1834 3098 1903 utriusque
3124 1835 3383 1888 diaconim

1791 1917 1850 1974 S.
1878 1919 2056 1974 Marias
2091 1922 2142 1974 in
2177 1922 2264 1974 via
2288 1919 2443 1987 Lata,
2472 1932 2527 1978 et
2575 1922 2634 1977 S.
2691 1923 2894 1980 Nicolai
2927 1925 2978 1979 in
3007 1941 3225 1981 carcere
3254 1926 3384 1982 Tul-

1791 2010 1934 2064 liano
1983 2012 2372 2081 prophetarum
2405 2014 2666 2085 imagines
2716 2015 2975 2070 orbiculis
2999 2017 3262 2086 ejusmodi
3295 2017 3381 2072 in-

1791 2102 1971 2158 clusas
2020 2111 2076 2156 et
2107 2103 2380 2158 coloribus
2435 2102 2767 2168 edormatas,
2827 2106 3020 2160 additis
3071 2107 3383 2163 nominibus

1791 2194 2156 2264 singulorum.
2210 2194 2475 2265 Reperies
2506 2195 2646 2266 apud
2704 2196 2991 2266 pratsulem
3041 2197 3379 2268 Ciampinum

1791 2293 1938 2341 torno
1981 2285 2025 2339 ll
2087 2283 2344 2339 Veterum
2377 2284 2849 2351 Monimcntorum,
2879 2288 3162 2357 plerasque
3198 2304 3264 2343 ex
3293 2289 3376 2345 his

1795 2381 1965 2436 :rneis
1999 2378 2197 2434 tabulis
2228 2378 2446 2445 incisas;
2473 2388 2528 2434 et
2553 2381 2693 2448 apud
2719 2381 2991 2444 eumdem,
3026 2379 3232 2445 tomol,
3255 2397 3374 2451 cap.

1788 2474 1880 2538 2i,
1927 2474 1977 2527 in
2027 2473 2236 2527 musivo
2266 2472 2406 2526 tituli
2441 2471 2496 2526 S.
2551 2471 2764 2526 Sabime
2795 2472 2895 2526 sub
2917 2471 3211 2528 Caelestino
3245 2473 3288 2540 l,
3321 2483 3375 2530 ct

1791 2565 1845 2620 in
1867 2564 2106 2624 basilica:
2130 2563 2431 2618 Liberianze
2459 2579 2586 2618 arcu
2613 2563 2922 2633 triumphali
2947 2574 3000 2618 et
3041 2565 3262 2645 musivo.
3277 2567 3376 2622 sub

1789 2655 1946 2713 Xisto
1988 2656 2074 2722 lll,
2121 2655 2329 2712 videbis
2377 2671 2582 2712 morem
2617 2657 2690 2710 ita
2742 2669 3018 2714 servatum
3076 2667 3269 2729 quarto
3323 2666 3377 2714 et

1791 2748 1979 2817 quinto
2036 2747 2230 2802 saeculo
2261 2761 2382 2802 tera:
2416 2747 2759 2803 Cbristianm.
2794 2747 2927 2803 Nam
2976 2749 3241 2822 imagines
3272 2749 3372 2806 SS.

1791 2841 2156 2911 apostolorum
2187 2841 2332 2897 Petri
2357 2851 2409 2896 et
2435 2841 2584 2896 Pauli
2621 2842 2671 2894 in
2699 2841 2959 2898 orbiculis
3008 2843 3281 2903 coloratas
3320 2851 3372 2900 et

1793 2935 1950 2989 altari
1976 2935 2254 3005 impositas
2286 2950 2384 3004 pro
2419 2937 2590 2989 veteri
2618 2934 3009 2990 consuetudine
3032 2936 3250 2992 exhibet
3274 2952 3373 2992 no-

1714 3003 1760 3068 C
1789 3037 1960 3082 strum
2008 3027 2278 3081 musivum
2310 3025 2483 3096 quinti
2511 3025 2713 3089 seculi,
2751 3027 2803 3081 in
2831 3027 3052 3083 basilica
3085 3027 3372 3084 Liberiana

1787 3135 1818 3172 a
1848 3117 2001 3171 Xisto
2034 3115 2100 3170 lll
2124 3125 2515 3171 constructum.
2550 3116 2724 3183 Quam
2769 3118 3214 3173 consuetudinem
3267 3117 3375 3173 Ro-

1785 3227 1887 3266 ma:
1912 3209 2289 3264 docentetiam
2320 3207 2514 3264 saecula
2558 3209 2866 3278 superiora;
2904 3225 3028 3265 nam
3077 3211 3132 3265 in
3185 3210 3372 3266 vitreis

1785 3300 2042 3357 orbiculis
2070 3309 2230 3356 aetate
2251 3309 2552 3373 martyrum
2575 3316 2706 3355 auro
2735 3301 3028 3356 interrasili
3073 3301 3372 3357 dclineatas

1785 3403 1969 3452 nostra
1994 3394 2302 3449 coemeteria
2326 3392 2631 3449 suburbana
2660 3408 2900 3465 persaepe
2928 3391 3160 3448 offerunt
3186 3408 3372 3450 sacras

1786 3489 2046 3561 imagines
2077 3506 2198 3545 cum
2220 3489 2532 3544 nominibus
2558 3487 2759 3544 Christi
2787 3487 2998 3544 Domini
3018 3485 3242 3559 ejusque
3266 3488 3372 3544 vir-

1788 3584 1926 3656 ginis
1971 3584 2183 3649 matris,
2241 3583 2631 3654 apostolorum,
2685 3591 2986 3653 martyrum
3035 3581 3374 3650 aliorumque

1787 3682 2120 3739 sanctorum,
2167 3690 2302 3745 quas
2329 3673 2622 3744 Aringhius
2666 3673 2718 3726 in
2769 3673 2942 3728 Roma
2986 3671 3370 3739 Subtcrranea,

1786 3765 2075 3823 Fabrettus
2095 3768 2146 3820 in
2176 3777 2320 3822 lomo
2347 3767 2778 3836 inscriptionum,
2810 3777 2860 3820 et
2891 3767 3134 3822 omnium
3153 3765 3368 3837 elegan—

1787 3859 1996 3916 tissime
2029 3858 2318 3913 illustravit
2346 3858 2623 3926 Philippus
2674 3860 2958 3914 Bonarroti
3005 3868 3222 3915 senator
3248 3858 3372 3914 Flo«

1789 3953 2055 4018 rentinus,
2111 3953 2164 4006 in
2190 3951 2366 4006 studio
2398 3949 2494 4004 Rei
2543 3951 2874 4019 Antiquariaa
2904 3966 3148 4021 persaepe
3177 3951 3374 4007 emeri-

1788 4053 1876 4101 tus
1901 4043 2307 4116 Olympiadibus
2338 4055 2530 4097 nomen
2561 4041 2710 4096 dare.
2741 4040 3039 4096 Novissime
3059 4042 3222 4096 etiam
3246 4055 3373 4112 per-

1790 4139 2012 4198 strinxit
2041 4141 2182 4195 banc
2205 4152 2414 4194 sacram
2430 4145 2630 4191 metam
2649 4135 2926 4207 piissimus
2955 4143 3252 4208 martyrum
3274 4148 3373 4190 cu-

1787 4245 1920 4302 stos,
1969 4233 2144 4290 cultor
2191 4240 2247 4289 et
2281 4232 2580 4287 illustratur
2622 4229 2694 4284 lli.
2753 4229 3020 4286 Antonius
3077 4230 3372 4291 canonicus

1788 4329 2086 4395 Boldettus,
2116 4329 2210 4384 lib.
2243 4345 2283 4394 ι,
2315 4341 2433 4397 cap.
2467 4324 2554 4380 59.
2586 4323 3038 4380 Observationum
3063 4325 3130 4380 ad
3173 4338 3370 4380 coeme-

1791 4423 1952 4488 teria,
1974 4422 2169 4492 quibus
2192 4430 2304 4476 tum
2331 4419 2572 4475 Romana
2600 4425 2712 4473 tum
2739 4416 2896 4486 longe
2919 4415 3108 4472 dissita
3133 4414 3374 4472 luculen-

1792 4525 1876 4573 ter
1895 4525 2139 4571 exornat.

1865 4608 2003 4664 XIV.
2029 4607 2316 4677 Catalogus
2341 4606 2503 4678 igitur
2532 4604 2621 4660 ille
2643 4602 2935 4675 praesulum
2958 4602 3214 4660 Ecclesia:
3237 4601 3377 4657 Nea-

1793 4702 2069 4774 politame,
2115 4715 2346 4770 quorum
2376 4699 2640 4769 imagines
2664 4712 2729 4752 ac
2758 4697 2930 4752 series
2954 4695 3120 4752 veteri
3156 4709 3224 4749 ex
3243 4708 3376 4748 con-

1798 4793 2082 4850 suetudine
2111 4791 2370 4848 orbiculis
2395 4789 2800 4845 commendatas
2848 4787 2904 4841 in
2930 4787 3101 4844 sacris
3121 4794 3382 4840 cmmetee

1797 4886 1894 4940 riis
1917 4885 2324 4955 spectabantur,
2356 4883 2409 4937 in
2444 4880 2629 4936 codice
2651 4877 2938 4934 vetusliori
2961 4896 3027 4936 cx
3055 4877 3385 4934 Florentinis

1797 4976 2005 5047 integer
2035 4974 2340 5035 exhibetur,
2387 4978 2642 5038 tantoque
2667 4968 2720 5022 in
2741 4971 2922 5035 pretio
2957 4968 3237 5028 habendus
3280 4975 3386 5034 cst,

1796 5077 1856 5122 ut
1893 5067 2158 5136 integrum
2189 5063 2319 5116 dare
2353 5061 2722 5114 necessarium
2753 5058 2972 5118 ducam.
3013 5061 3206 5133 Opcris
3243 5059 3388 5114 enim

1798 5156 2140 5214 Anastasiani
2158 5153 2308 5209 testis
2330 5150 2550 5206 omnino
2572 5151 2792 5222 aequalis
2810 5162 2974 5212 mtatc
3003 5153 3243 5218 accedit;
3268 5165 3391 5206 cum

1801 5250 2009 5304 desinat
2030 5247 2084 5300 in
2113 5241 2531 5313 quadragesimo
2554 5244 2785 5314 septimo
2800 5246 3060 5320 episcopo
3084 5244 3394 5313 Stephano:
