3924 5382
86 351 196 421 233

1170 346 1459 417 APPEND.
1499 357 1591 415 AD
1629 352 1943 415 DISSERT.
1981 349 2299 412 PRECED.

3260 345 3369 411 254

87 481 341 538 Nicifori.
378 488 437 536 et
478 478 752 537 Stauraci.
782 486 838 535 et
866 476 1099 535 Micheli.
1133 486 1190 535 et
1228 476 1418 535 Leoni.
1451 485 1506 532 et
1543 474 1685 531 Con-
1712 479 1763 538 Α
1788 471 2106 543 Catalogum
2154 470 2301 525 hunc
2347 465 2698 539 spectabilem
2746 464 2801 521 in
2837 465 3025 522 codice
3055 465 3371 524 Florentino

90 553 316 610 stantini
360 551 492 622 imp.
541 550 677 619 xliij.
728 549 1188 622 Tiberiusgepisc.
1239 549 1354 622 sed.
1404 562 1677 622 ann.__xx.

92 640 268 680 mens.
302 623 403 694 iiij.
436 616 755 694 dicsng'Jn
775 622 964 677 diebus
992 616 1379 694 Theodenaud.
1410 625 1466 673 et
1496 616 1683 694 relicta

91 711 260 765 pre...
290 688 532 749 Antbimi
554 688 719 765 Ducis
744 692 1082 765 inpretoriu.
1111 690 1239 765 fecit
1268 688 1678 765 monasterium.

94 760 160 819 ad
192 780 394 821 nomen
426 764 599 819 sancti
629 760 920 818 Marcellini
948 772 1003 816 et
1028 761 1175 816 Petri
1203 770 1363 815 mart.
1390 760 1492 813 fuit
1516 768 1677 827 temp.

94 835 348 905 Eugenii.
397 834 687 890 Balentini.
732 832 1159 905 Gregoriiupap.
1202 842 1257 886 et
1300 830 1583 905 Michaelio
1629 836 1683 905 c_t

93 898 384 980 ThEOpbili
416 907 547 975 imp.
578 898 1339 980 ﬁliouejusixliiij.‘Johannes
1364 902 1543 980 episc;
1564 898 1679 980 sed.

94 970 371 1043 annfvij.
419 970 592 1031 mens.
643 970 776 1044 viiij'.
829 974 943 1029 dies
992 970 1124 1041 ἐξιῇ.
1162 973 1264 1026 fuit
1297 982 1458 1041 temp.
1510 970 1682 1044 Sergii

92 1062 219 1119 pap.
259 1040 600 1129 ethichaeli
647 1040 935 1129 imp.'_xlv.
983 1040 1311 1129 Athanasius
1348 1040 1681 1129 'cpisc.Ased;

95 1112 224 1172 ann.
259 1116 393 1186 xxij.
435 1132 613 1173 mens.
652 1112 873 1186 vjfdies
909 1114 1079 1183 xxiiij.
1118 1114 1214 1168 llic
1250 1112 1475 1168 ecclesia
1510 1112 1684 1164 sancti

66 1172 343 1263 lJanuarii
377 1198 535 1263 mart.
556 1186 1335 1263 intusepiscopiorenovavit.
1365 1181 1489 1263 Fuit
1518 1192 1681 1263 temp.

96 1260 287 1315 Leoni.
313 1269 372 1315 et
393 1258 688 1314 Benedicti.
722 1253 1171 1311 NicolaiAdriaui
1196 1270 1315 1325 pap.
1343 1263 1397 1309 et
1417 1253 1683 1325 Micltaeli.

97 1339 151 1385 et
174 1330 365 1411 Basilii
388 1331 520 1411 imp.
549 1328 681 1411 xlvj:
690 1328 1039 1411 Athanasius
1056 1326 1245 1411 episcz‘
1251 1323 1380 1411 sed.
1391 1340 1519 1405 ann.
1552 1323 1684 1411 xxij.

100 1418 276 1457 mens.
307 1400 382 1468 vj.
430 1395 546 1455 dies
574 1395 763 1468 ijIllic
803 1397 950 1468 fecit
967 1395 1184 1468 basilica
1201 1396 1269 1468 AS.
1299 1395 1683 1468 Juliani‘mart.

100 1418 276 1457 mens.
307 1416 382 1468 ν).
430 1414 546 1455 ("es
574 1418 587 1453 1
620 1440 631 1451 ι
665 1414 763 1454 HIC
803 1414 936 1454 [CCII
968 1414 1184 1452 υειειιιεεδ
1214 1414 1269 1448 ᾗ.
1299 1414 1493 1450 διιιιίιηι
1524 1414 1683 1448 man.

99 1471 404 1548 [orisurhe
434 1471 558 1548 sita.
587 1414 717 1548 li‘uit
736 1478 902 1540 temp.
925 1466 1410 1548 Johannigtlarini'.
1441 1464 1684 1548 Adriani.

100 1541 385 1613 Stephani.
442 1540 686 1613 Formosi
735 1536 867 1610 pap.
908 1536 1217 1613 _et__B_asi|i_i.
1273 1549 1327 1593 ct
1374 1536 1578 1613 Leoni,
1635 1542 1691 1613 et

96 1607 394 1668 Alexandri
427 1612 544 1682 ejus
571 1612 695 1667 ﬁliis
724 1607 851 1681 imp.
869 1609 1018 1664 xlvii.
1037 1609 1346 1680 Stephanus
1372 1607 1542 1678 episc.
1569 1607 1685 1663 sed.

98 1700 229 1739 ann.
258 1683 376 1754 viij.
407 1698 582 1740 mens.
614 1699 668 1737 ι.
700 1682 904 1737 dies....
940 1700 959 1734 ι

1785 570 1947 617 tanta:
1976 559 2340 631 antiquitatis,
2370 568 2628 630 quantam
2654 557 2895 614 declarat
2927 558 3200 629 specimen
3232 558 3370 613 scri-

1786 662 1954 722 ptura:
2000 666 2065 707 ac
2112 651 2284 707 series
2333 650 2681 721 pontiﬁcum;
2726 650 2843 721 ejus
2883 648 3109 706 Joannis
3158 649 3375 709 diaconi

1787 743 2096 799 testimonio
2133 742 2337 814 passim
2382 751 2609 797 utuntur
2656 741 2902 798 historici
2943 742 3198 797 Ecclesiae
3227 742 3372 799 Nea-

1785 834 2057 905 politante,
2087 840 2142 891 et
2170 849 2295 889 cum
2318 834 2403 889 his
2422 832 2700 905 Ughellius
2725 833 2890 889 Italia:
2907 833 3088 889 Sacrm
3111 844 3255 890 tomo
3278 832 3374 901 VI,

1785 926 1912 982 licet
1943 926 2262 998 Catalogum
2309 927 2483 997 ipsum
2524 927 2579 981 in
2623 926 2949 983 bibliotheca
2989 926 3167 982 sancti
3205 923 3376 984 Marci

1785 1018 2041 1074 latentem
2078 1034 2237 1074 nemo
2262 1020 2403 1089 quod
2432 1019 2600 1074 sciam
2628 1019 2891 1075 hactenus
2916 1020 3254 1090 produxerit.

1858 1110 2016 1166 XVII.
2066 1110 2124 1166 In
2184 1111 2365 1166 tabula
2421 1111 2656 1167 secunda
2709 1110 2868 1181 hujus
2902 1111 3229 1182 Appendicis
3268 1109 3369 1169 teri

1789 1203 1979 1268 incisa,
2027 1212 2149 1271 post
2196 1201 2555 1258 imitationem
2585 1202 2792 1258 codicis
2835 1202 3177 1267 Farnesiaui,
3210 1201 3377 1259 retuli

1788 1294 2061 1363 specimen
2086 1292 2327 1364 Catalogi
2357 1294 2673 1359 memorati,
2701 1302 2755 1350 et
2776 1294 2983 1365 primos
3004 1310 3194 1350 versus
3216 1294 3379 1352 Libri

1790 1383 2154 1451 Pontiﬁcalis,
2187 1384 2238 1439 in
2270 1385 2565 1441 vetustiore
2592 1401 2660 1440 cx
2690 1386 2901 1441 duobus
2925 1386 3205 1442 codicibus
3242 1385 3372 1443 Flo-

1791 1476 2020 1532 rentinis
2088 1476 2162 1531 ita
2212 1478 2541 1548 perscriptos
2601 1477 2826 1546 litteris,
2887 1494 3009 1550 quae
3064 1477 3381 1536 Holstenius

1790 1568 2078 1624 nominitat
2106 1566 2559 1638 Langobardicas.

1861 1660 2043 1715 XVIII.
2095 1660 2263 1716 Paulo
2303 1660 2625 1717 recentioris
2667 1668 2847 1717 aetatis
2891 1670 2977 1719 est
3020 1663 3158 1723 alter
3202 1664 3379 1722 codex

1788 1754 2135 1810 Florentinus
2166 1753 2223 1809 S.
2262 1753 2469 1820 Marci;
2517 1769 2623 1810 non
2661 1763 2841 1811 tamen
2872 1771 2901 1809 a
2938 1757 3203 1828 superiori
3239 1758 3384 1818 adeo

170 1847 315 1905 XVI.
357 1848 546 1905 Liceat
598 1846 853 1919 Catalogo
902 1848 1223 1904 subnectere
1270 1844 1579 1917 periocliam
1633 1842 1689 1900 in
1720 1839 1765 1902 Β
1795 1853 2015 1899 remotae
2061 1854 2122 1899 ut
2164 1843 2419 1902 saeculum
2475 1844 2745 1901 decimum
2794 1854 3180 1916 consequatur.
3224 1845 3380 1916 Quod

99 1940 289 1997 eodem
326 1938 520 2001 codice
558 1938 634 1993 illi
663 1940 943 2011 prteﬁxam
987 1937 1277 1993 rubricatis
1305 1936 1500 1991 litteris
1529 1950 1691 1990 manu

100 2034 393 2100 Holstenii,
418 2034 474 2089 ni
504 2033 682 2101 fallor,
709 2034 794 2089 his
832 2034 1050 2091 verbis:
1080 2030 1173 2088 Est
1201 2032 1440 2104 Epitome
1467 2030 1693 2085 Joannis

98 2127 331 2193 diaconi,
362 2126 519 2195 cujus
561 2125 868 2197 opusculum
908 2125 973 2179 de
1010 2121 1282 2195 Episcopis
1328 2122 1694 2194 Neapolitanis

102 2218 321 2273 labetur
352 2218 407 2273 in
455 2218 760 2274 bibliotheca
796 2216 1073 2273 Vaticana.
1105 2217 1368 2274 Joannem
1409 2217 1693 2273 diaconum

101 2307 363 2365 Romana:
409 2309 669 2366 Ecclesia:
708 2310 810 2365 sub
848 2308 1056 2365 Joanne
1089 2325 1227 2381 papa
1252 2308 1385 2375 VIII,
1418 2309 1500 2364 cui
1529 2310 1693 2364 etiam

100 2400 381 2473 inscripsit
410 2399 590 2456 Vitam
632 2400 688 2456 S.
734 2400 982 2472 Gregorii
1018 2400 1214 2472 Magni,
1246 2411 1302 2456 et
1326 2401 1427 2456 sub
1457 2401 1691 2472 impera-

54 2480 59 2485 ’
101 2495 311 2551 toribus
343 2493 627 2551 Ludovico
663 2492 883 2551 Juniore
922 2504 978 2549 et
1011 2492 1204 2551 Carolo
1235 2494 1400 2550 Calvo
1431 2502 1697 2550 memorat

100 2583 418 2657 Sigibertus
441 2587 498 2642 in
528 2586 795 2643 Chronico
818 2588 885 2642 ad
908 2604 1108 2642 annum
1140 2588 1244 2643 875
1269 2596 1323 2642 et
1356 2587 1409 2641 in
1439 2586 1696 2657 Catalogo

98 2691 217 2749 cap.
253 2678 388 2745 107,
423 2687 538 2734 tum
583 2693 652 2734 ex
695 2693 762 2734 eo
800 2679 1024 2734 Vossius
1060 2677 1127 2733 de
1166 2676 1448 2733 Historicis
1488 2675 1696 2731 Latinis

95 2766 192 2826 lib.
224 2785 292 2837 II,
320 2786 446 2841 cap.
490 2769 582 2825 36.
624 2770 884 2826 Eumdem
915 2768 1179 2825 Joannem
1219 2767 1508 2823 diaconum
1551 2767 1697 2820 Ana-

96 2859 255 2917 stasii
298 2860 705 2917 Bibliothecarii
753 2876 859 2916 non
898 2860 1057 2917 modo
1092 2860 1374 2929 aequalem,
1409 2858 1501 2913 sed
1529 2857 1694 2913 etiam

97 2954 350 3010 amicum
419 2962 471 3009 et
533 2954 853 3010 familiarem
908 2953 1075 3010 fuisse
1122 2950 1350 3007 allirmat
1398 2950 1583 3006 Labbe
1628 2949 1696 3007 de

98 3044 318 3116 Script.
370 3044 771 3101 Ecclesiasticis
802 3060 909 3100 non
942 3060 1048 3099 uno
1092 3044 1147 3099 in
1189 3042 1326 3098 loco.
1370 3040 1549 3109 Quare
1583 3049 1696 3095 tum

100 3137 236 3194 nihil
289 3136 510 3193 alIinius
549 3137 678 3193 huic
720 3136 869 3209 operi
897 3134 1167 3208 compingi
1206 3141 1416 3206 poterat
1442 3134 1495 3188 in
1527 3148 1693 3188 unum

100 3228 379 3293 codicem,
413 3242 527 3282 tum
573 3225 706 3282 nihil
749 3226 962 3281 atllnius
1007 3225 1267 3281 accedere
1294 3223 1419 3279 huic
1448 3223 1695 3291 editioni,

98 3330 153 3376 et
182 3333 284 3392 per
315 3335 423 3376 nos
464 3319 663 3385 aﬁ'erri,
694 3320 807 3375 sive
847 3318 913 3374 ad
942 3326 1154 3374 aetatem
1199 3318 1312 3373 sive
1348 3314 1413 3371 ad
1446 3316 1693 3373 testimo-

101 3414 252 3469 nium
278 3412 621 3468 collectionis
642 3410 889 3466 Vitarum
913 3409 1372 3482 comprobandum
1399 3408 1696 3481 aequalibus

100 3503 456 3559 documentis
485 3503 823 3574 :praesertim
872 3519 992 3559 cum
1038 3506 1228 3560 eodem
1286 3502 1482 3560 saeculo
1527 3517 1692 3570 nono,

101 3597 245 3667 quod
279 3596 576 3667 Catalogus
604 3598 705 3652 iste
734 3596 954 3662 claudit,
982 3595 1351 3668 praecessisset
1377 3595 1475 3652 sub
1501 3594 1696 3652 Carolo

102 3688 304 3759 Magno
337 3688 563 3744 illustris
588 3688 675 3744 ille
702 3689 962 3745 diaconus
988 3686 1191 3745 Paulus
1218 3686 1491 3745 Wenifrid
1520 3687 1697 3760 (cujus

100 3796 270 3854 opera
317 3798 445 3838 cum
474 3781 697 3839 Joannis
740 3783 951 3840 diaconi
985 3783 1221 3841 Miscella
1265 3784 1433 3840 fuisse
1471 3781 1696 3838 confusa

102 3891 387 3934 nonnemo
431 3875 571 3948 apud
612 3874 888 3933 Labbeum
929 3887 985 3933 et
1012 3876 1262 3934 Vossium
1304 3874 1602 3947 observat),
1645 3883 1700 3931 et

101 3967 437 4026 Metensium
484 3968 861 4039 episcoporum
909 3969 1108 4025 seriem
1149 3984 1214 4024 ac
1263 3976 1417 4038 gesta
1461 3967 1700 4023 conscri-

100 4060 342 4132 psisset,
397 4059 678 4131 ﬂagitante
727 4059 1017 4132 Angerano
1065 4060 1471 4131 archiepiscopo
1523 4076 1538 4115 :
1591 4075 1698 4116 non

104 4166 267 4209 secus
318 4166 385 4208 ac
434 4149 675 4207 Joannes
731 4150 831 4207 iste
884 4151 1145 4207 diaconus
1196 4151 1393 4207 seriem
1445 4159 1501 4207 et
1548 4158 1700 4223 gesta

103 4246 493 4316 episcoporum
536 4241 1034 4315 Neapolitanorum,
1067 4243 1283 4299 hortatu
1327 4238 1569 4299 forsitan
1602 4241 1701 4297 ali-

100 4338 263 4409 cujus
306 4336 859 4408 antistitis'ejusdem
906 4336 1182 4405 Ecclesiae,
1214 4351 1313 4408 pro
1358 4352 1510 4393 more
1558 4335 1701 4394 illius

100 4432 307 4498 aetatis,
339 4446 464 4501 quae
511 4429 714 4486 imitari
759 4431 923 4502 coepit
963 4429 1405 4486 bibliothecarios
1442 4430 1701 4486 Romanae

100 4525 253 4580 sedis
292 4523 349 4579 in
387 4522 538 4578 serie
572 4537 635 4578 ac
662 4520 830 4593 gestis
858 4536 1080 4579 suorum
1118 4521 1409 4593 praesulum
1440 4520 1698 4592 colligen-

100 4618 211 4685 dis,
243 4616 327 4673 uti
369 4624 590 4672 constat
627 4629 695 4670 ex
730 4602 940 4686 Agn'elli
970 4615 1145 4687 Opere
1173 4615 1239 4670 de
1267 4614 1704 4686 Archiepiscopis

102 4708 562 4773 Ravennatibus,
619 4706 851 4776 aliisque
904 4708 970 4763 ad
1026 4708 1165 4763 hanc
1216 4705 1436 4761 circiter
1486 4712 1702 4760 aetatem

101 4800 443 4859 referendis.
470 4800 715 4855 lndicare
743 4799 909 4854 etiam
936 4814 1220 4869 possumus
1250 4796 1414 4851 alium
1440 4795 1704 4852 Joannem

101 4894 407 4965 diaconum
452 4891 625 4947 sancti
654 4889 936 4954 Januarii,
981 4906 1012 4946 a
1055 4904 1161 4961 quo
1204 4889 1340 4944 Acta
1383 4887 1527 4943 illius
1560 4887 1705 4943 beati

101 4984 356 5057 episcopi
380 4998 447 5040 ac
468 4984 744 5057 martyris,
772 4982 1023 5053 Sosiique
1049 4998 1112 5039 ac
1138 4982 1412 5038 sociorum
1435 4981 1707 5051 descripta

102 5076 282 5132 fuisse
310 5075 546 5145 legimus
571 5077 711 5147 apud
746 5073 999 5130 Vossium
1026 5077 1090 5132 de
1118 5074 1257 5130 Hist.
1286 5074 1402 5130 Lat.
1424 5089 1549 5145 pag.
1580 5071 1703 5138 708,

103 5184 229 5200 (suam
266 5169 586 5200 Mra-vnn'nm
618 5167 963 5200 Ι-ηηοιηΙῖΛι-ιῖ
1008 5166 1309 5200 ἶηΙΛυΓιιΔιοῖΙ
1369 5167 1490 5200 "nol
1522 5182 1548 5200 σι
1573 5164 1709 5200 νῆα-

1794 1950 1860 1990 ex
1890 1934 2100 2004 adjecto
2155 1934 2211 1990 in
2273 1935 2461 1991 cadent
2523 1935 2706 1990 tabula
2773 1936 3070 2008 specimine
3124 1948 3383 1996 constare

1794 2034 1991 2096 potest.
2638 2048 2639 2051 η

1866 2118 2079 2174 Codicis
2120 2119 2279 2175 istius
2323 2119 2561 2191 (pariter
2607 2122 3043 2193 membranacei)
3070 2121 3198 2179 folia
3230 2121 3384 2179 Vitas

1794 2209 2116 2265 Pontiﬁcum
2176 2212 2478 2280 perducunt
2542 2213 2608 2267 ad
2654 2222 2951 2269 sectionem
3004 2214 3223 2270 circiter
3276 2212 3387 2270 393

1796 2312 1995 2356 nostrae
2028 2302 2282 2357 editionis
2328 2302 2382 2357 in
2422 2302 2542 2359 Vita
2587 2304 2811 2359 Adriani
2837 2304 2878 2359 I.
2906 2304 3217 2361 Succedunt
3254 2304 3387 2363 folia

1795 2406 1850 2450 et
1891 2397 2277 2465 quaterniones
2318 2398 2561 2453 nonnulli
2611 2400 2966 2469 expositionis
2995 2401 3054 2454 Β.
3106 2401 3383 2459 Ambrosii

1794 2488 2033 2559 episcopi
2060 2488 2113 2543 in
2154 2488 2377 2545 Cantica
2416 2490 2773 2546 canticorum.

1869 2580 2007 2635 XIX.
2059 2578 2136 2636 Ne
2163 2581 2439 2652 quidpiam
2479 2597 2579 2652 per
2624 2599 2724 2640 nos
2776 2583 3063 2640 omittatur
3095 2586 3240 2657 quod
3268 2585 3384 2643 illu-

1796 2680 1970 2728 strare
2023 2672 2202 2728 valeat
2266 2683 2377 2729 tum
2433 2674 2758 2730 documenta
2794 2676 3079 2746 scripturae
3136 2677 3385 2733 Vitarum

1795 2765 2022 2835 aequalia
2051 2764 2358 2821 collectioni
2386 2766 2680 2833 Anastasii,
2703 2775 2815 2822 tum
2838 2768 3126 2824 observata
3160 2770 3383 2841 Appen-

1796 2855 1932 2910 dicis
1981 2864 2180 2913 nostrae
2217 2857 2284 2912 ad
2326 2858 2763 2915 dissertationem
2796 2857 3170 2916 Schelestratii
3209 2859 3388 2917 tribus

1797 2950 1850 3005 in
1887 2951 2161 3007 codicibus
2199 2951 2628 3017 commendatis,
2672 2951 2897 3023 apposui
2940 2952 2994 3007 iu
3026 2951 3209 3009 tabula
3259 2967 3387 3025 spe-

1796 3042 2013 3099 ciminis
2072 3042 2448 3101 characterum
2514 3045 2719 3101 codicis
2782 3044 3103 3107 Farnesiani
3171 3045 3388 3103 initium

1801 3134 1937 3189 Vita:
1982 3132 2041 3189 S.
2083 3133 2233 3190 Pauli
2288 3150 2441 3206 papae
2492 3135 2653 3206 primi
2703 3136 2808 3191 :in
2850 3151 2959 3207 quo
3003 3134 3181 3191 littera
3228 3135 3386 3206 prin-

1727 3212 1772 3276 C
1803 3240 1931 3296 ceps
1977 3226 2198 3281 exhibet
2225 3234 2508 3296 protomeu
2553 3225 2794 3297 ejusdem
2825 3226 3100 3299 pontiﬁcis
3130 3226 3389 3299 graphice

1797 3318 2123 3375 delineatam
2164 3319 2217 3374 in
2259 3318 2553 3375 orbiculari
2584 3321 2776 3391 ﬁgura,
2815 3320 3083 3392 persimili
3118 3318 3382 3392 clypeatis

1797 3412 2125 3484 imaginibus
2160 3411 2477 3484 pontiﬁcum
2526 3411 2921 3479 Romanorum,
2976 3414 3285 3485 spectandis
3327 3413 3387 3468 in

1796 3504 2019 3563 basilica
2061 3504 2121 3561 S.
2170 3504 2324 3561 Pauli
2378 3505 2474 3561 Via
2519 3504 2783 3571 Ostiensi,
2837 3504 3065 3576 aliisque
3104 3503 3387 3571 Romanis,

1797 3598 2051 3655 indicatis
2110 3599 2215 3655 hac
2277 3599 2334 3655 in
2402 3597 2701 3669 appendice
2774 3613 2925 3653 num.
2974 3598 3043 3653 15
3101 3606 3159 3653 et
3212 3596 3389 3653 fusius

1796 3691 2130 3763 exponendis
2176 3691 2231 3746 in
2273 3691 2523 3761 proxima
2569 3690 2973 3747 dissertatione.
3020 3689 3274 3746 Poteram
3328 3698 3388 3744 et

1797 3781 1934 3838 alias
1976 3781 2238 3853 imagines
2265 3780 2511 3852 proferre
2548 3796 2613 3838 ex
2654 3780 2848 3838 eodem
2877 3781 3063 3837 codice
3113 3780 3390 3851 pontiﬁcis

1797 3873 2201 3940 henedicentis,
2250 3888 2373 3943 qua:
2415 3874 2662 3928 visuntur
2704 3873 2761 3929 in
2804 3872 2913 3929 ﬁne
2957 3873 3015 3928 S.
3062 3870 3257 3943 Leonis
3290 3873 3386 3938 III,

1798 3977 1925 4025 ante
1952 3967 2159 4025 initiuz
2199 3965 2336 4023 Vitae
2364 3966 2423 4022 S.
2452 3968 2702 4034 Adriani,
2726 3977 2782 4023 et
2807 3967 3111 4039 persimiles
3154 3977 3280 4023 sunt
3322 3969 3393 4025 iis

1798 4074 1921 4131 quae
1946 4065 2263 4128 spectantur
2292 4056 2349 4112 in
2380 4055 2606 4113 musivis
2629 4057 2982 4113 ecclesiarum
3008 4054 3171 4112 Urbis
3196 4057 3387 4112 eadem

1799 4164 1957 4212 aetate
1995 4156 2344 4213 constructis.
2380 4155 2581 4213 Verum
2613 4155 2848 4217 ea,satis
2886 4167 3008 4209 esse
3043 4167 3165 4208 sum
3210 4161 3387 4217 ratus,

1798 4264 1919 4320 qua:
1957 4246 2155 4306 includi
2212 4247 2493 4305 commode
2553 4254 2804 4319 poterant
2847 4246 2899 4300 in
2946 4260 3095 4300 amca
3146 4242 3387 4311 lamina,

1802 4340 2103 4395 litterarum
2144 4339 2426 4411 specimini
2470 4337 2776 4399 exhibendo
2821 4335 3112 4392 destinata.

1872 4432 1992 4489 XX.
2036 4434 2335 4491 Dolendum
2367 4448 2497 4491 vero
2529 4440 2613 4489 est
2648 4433 2703 4488 in
2730 4446 2798 4488 eo
2839 4432 3028 4489 codice
3056 4430 3396 4489 Farnesiano

1806 4525 2104 4581 desiderari
2145 4525 2300 4582 Vitas
2336 4526 2581 4597 priorum
2616 4522 2930 4596 pontiﬁcum
2967 4538 2999 4578 a
3032 4522 3090 4579 S.
3119 4522 3284 4579 Petro
3318 4521 3393 4578 ad

1809 4616 1867 4673 S.
1901 4616 2188 4672 Silverium
2225 4634 2240 4672 :
2271 4633 2392 4688 quae
2429 4616 2477 4673 si
2518 4623 2891 4687 superessent,
2942 4614 3163 4686 epocha:
3203 4611 3394 4684 singu-

1807 4708 1983 4763 lorum
2034 4707 2270 4764 conferri
2321 4715 2576 4779 poterant
2631 4721 2754 4762 cum
2814 4705 2939 4760 aliis
2990 4701 3396 4773 exemplaribus

1809 4801 2088 4868 Vitarum,
2132 4809 2190 4857 et
2228 4815 2350 4857 cum
2397 4800 2640 4856 numeris
2683 4796 3083 4867 chronologicis
3125 4793 3393 4866 supersti-

1812 4894 1957 4949 tibus
1991 4894 2134 4948 inter
2172 4894 2412 4964 picturas
2444 4892 2763 4964 pontiﬁcum
2803 4897 3120 4945 memorata
3147 4886 3391 4946 basilica

1810 4987 2049 5044 Paulina:
2078 4987 2165 5042 via
2190 4986 2423 5044 Ostiensi
2446 5002 2478 5041 a
2518 4986 2575 5040 S.
2611 4984 2771 5039 Petro
2816 4983 2883 5038 ad
2913 4983 2972 5038 S.
3016 4980 3398 5041 Innocentium

1807 5082 2076 5154 primum,
2123 5089 2429 5136 reservatas
2477 5077 2545 5131 ad
2598 5075 2981 5133 illustrandum
3038 5077 3093 5135 in
3150 5074 3405 5145 proxima

1808 5183 1991 5200 ...νη-η.
2023 5171 2395 5200 ,Ιιορ-Ααοηιζηηιι
2449 5166 2711 5200 Qun-Jama
2739 5175 2922 5200 lamna
2953 5169 3194 5200 Ληαιηιυιι-
3231 5167 3403 5200 ΑιδΙυῖ-
