3924 5382
459 460 564 523 Ξ59

1178 453 1273 515 AD
1303 451 1745 516 ΑΝΑδτΑδιυιι
1795 447 2307 513 PROLEGOMENA
2341 452 2520 514 EDIT.
2557 449 2983 515 ROM.-VATIC.

3602 447 3710 512 αιο

457 579 658 654 epocha
689 576 872 651 Cyrini
889 617 906 644 ,
931 591 961 631 a
993 574 1053 632 S.
1079 575 1224 632 Luca
1253 585 1549 631 memorata
1569 616 1582 641 ,
1611 575 1686 629 ita
1716 572 1878 629 sentit
1904 571 2029 628 Am-
2057 577 2106 635 A
2134 574 2456 644 scriptorum
2484 576 2902 646 praacellentium
2929 574 3114 632 retulit
3139 589 3435 634 consensus
3461 575 3709 633 omnium

454 672 782 744 brosius(a).
817 689 833 720 ι
857 669 1112 734 Prmside,
1159 667 1356 738 inquit,
1384 665 1604 737 Cyrino,
1641 664 1780 718 facta
1809 670 1894 717 est
1920 662 2035 716 haec

455 749 629 836 prima
654 760 951 833 professio,
987 768 1046 814 ut
1080 759 1236 829 quasi
1274 755 1548 813 consulem
1581 754 1868 825 quemdam
1897 751 2034 823 signi

457 844 635 927 gratia
681 851 807 908 huic
851 850 988 906 libro
1013 848 1344 920 evangelista
1385 846 1739 917 adscripsisse
1765 844 2031 899 videatur.

457 945 596 1003 Nam
616 946 661 1002 si
677 943 925 1001 consules
938 942 1284 998 ascribuntur
1298 940 1490 996 tabulis
1507 938 1817 1010 emptionis,
1833 945 2036 1007 quanto

461 1020 636 1108 magis
672 1032 1026 1105 redemptioni
1065 1032 1302 1086 omnium
1336 1029 1518 1084 debuit
1551 1037 1760 1099 tempus
1796 1026 2036 1082 ascribi?

464 1125 645 1184 Habes
673 1142 801 1198 ergo
821 1117 1003 1181 lomnia
1036 1138 1154 1194 qua:
1180 1122 1234 1176 in
1265 1119 1630 1176 contractibus
1661 1133 1782 1173 esse
1810 1131 2036 1173 consue-

464 1228 680 1278 verunt.
710 1216 1032 1274 Vocabulum
1072 1229 1337 1270 summam
1365 1212 1472 1267 illic
1497 1218 1819 1280 potestatem
1847 1223 2038 1279 geren-

463 1311 570 1377 tis,
602 1311 775 1375 diem,
810 1308 1018 1372 locum,
1051 1320 1271 1361 causam
1292 1344 1307 1370 ,
1337 1311 1501 1358 testes
1526 1315 1741 1370 quoque
1780 1300 2037 1354 adhibere

460 1393 655 1460 solent.
687 1401 796 1456 llos
825 1415 1040 1471 quoque
1069 1397 1340 1452 nativitati
1370 1410 1479 1450 sua:
1511 1403 1566 1448 et
1594 1391 1928 1465 generationi
1955 1407 2038 1448 se-

456 1497 692 1554 cundum
743 1509 962 1550 carnem
1026 1491 1275 1548 Christus
1333 1489 1579 1544 adhibuit
1625 1487 1713 1556 qui
1761 1487 2038 1558 signarent

448 1588 804 1658 Evangelium
822 1627 836 1652 ,
867 1587 1056 1640 dicens
1084 1600 1097 1638 :
1141 1580 1242 1636 Vos
1265 1582 1409 1636 eritis
1432 1581 1559 1633 mihi
1587 1589 1739 1634 testes
1763 1580 1817 1632 in
1841 1576 2036 1632 Hieru-

453 1681 639 1738 salem.
664 1701 682 1733 ι
727 1679 801 1735 De
831 1676 1079 1732 secunda:
1120 1672 1480 1743 chronologiae
1501 1669 1904 1725 characteribus
1930 1667 2036 1722 late

455 1773 675 1830 disserit
720 1771 779 1825 S.
829 1767 1124 1840 Gregorius
1177 1765 1250 1837 (ὑ)
1300 1765 1451 1836 plura
1497 1779 1563 1819 ex
1615 1763 1844 1835 mystico
1872 1775 2034 1817 sensu

455 1867 778 1939 producens,
801 1877 868 1917 ex
897 1859 1113 1916 litterali
1138 1873 1268 1914 vero
1295 1858 1346 1913 id
1371 1853 1698 1929 praecipuum
1732 1868 2028 1925 exponens,

2136 676 2380 721 :etatum.
2408 667 2606 722 Italum
2637 668 2770 735 illis,
2799 669 3022 740 perinde
3049 683 3113 725 ac
3140 668 3326 734 nobis,
3348 667 3454 723 fuit
3474 665 3710 722 mutuari

2137 757 2456 812 documenta
2483 765 2779 827 temporum
2810 774 2872 814 ac
2902 774 3081 814 rerum
3103 774 3238 829 quas
3259 765 3589 814 enarrarent
3605 795 3622 823 ,
3641 771 3711 814 ex

2137 849 2366 918 publicis
2428 850 2788 906 monumentis
2843 851 3078 906 maxime
3122 851 3395 921 probatis,
3446 864 3513 904 ac
3555 857 3710 903 aetate

2137 940 2358 1012 locoque
2405 943 2668 1012 proximis
2715 941 2875 998 rebus
2927 942 3114 997 iisdem
3166 941 3268 997 sibi
3317 938 3710 1012 propositisad

2139 1033 2435 1089 historiam.
2469 1033 2799 1091 Proﬁtentur
2825 1034 2969 1090 enim
2997 1032 3200 1105 passim
3235 1032 3323 1087 illa
3341 1048 3463 1102 quae
3490 1039 3713 1086 narrant

2137 1139 2168 1178 a
2222 1141 2280 1180 se
2324 1125 2489 1182 fuisse
2524 1135 2773 1198 percepta
2815 1140 2883 1180 ex
2919 1125 3201 1179 annalibus
3247 1123 3600 1195 pontiﬁcum,
3643 1137 3710 1178 ex

2137 1219 2289 1276 libris
2353 1220 2643 1285 censoriis,
2700 1235 2770 1275 ex
2827 1219 2976 1275 Actis
3021 1217 3245 1289 publicis
3289 1233 3354 1273 ac
3397 1217 3709 1283 tabulariis,

2137 1311 2396 1382 librisque
2463 1312 2641 1368 linteis
2681 1306 2777 1367 ac
2849 1311 3210 1382 elephantinis
3265 1311 3708 1380 .magistratuum

2139 1400 2460 1460 auctoritate
2535 1404 2886 1476 perscriptis,
2958 1413 3118 1474 atque
3170 1403 3384 1458 illorum
3443 1403 3537 1473 qui
3590 1401 3711 1459 Rei-

2137 1497 2363 1568 publica:
2410 1506 2676 1567 praeerant
2701 1497 2854 1565 jussu
2913 1496 3173 1567 depositis
3230 1495 3284 1551 in
3340 1495 3709 1561 bibliothecis,

2137 1589 2250 1644 sive
2296 1589 2459 1644 etiam
2502 1589 2556 1643 in
2608 1588 2863 1644 sacrariis
2915 1595 2969 1643 et
3019 1587 3178 1644 fanis.
3229 1587 3354 1643 Haec
3391 1587 3715 1644 luculentitts

2136 1696 2256 1736 sum
2332 1688 2650 1751 prosecutus
2726 1679 2780 1734 in
2857 1678 3176 1734 Praefatione
3261 1678 3350 1750 ad.
3423 1678 3712 1734 Historiam

2141 1773 2544 1840 Universalem,
2589 1788 2708 1843 cap.
2736 1773 2804 1837 4,
2844 1788 2911 1828 ex
2941 1770 3012 1826 Μ.
3061 1771 3236 1827 ΤιιΙΙίο
3281 1771 3335 1826 in
3383 1771 3523 1828 libro
3565 1787 3605 1828 ιι
3649 1771 3714 1828 de

2138 1866 2399 1934 Oratore,
2429 1867 2520 1922 ubi
2550 1867 2627 1922 ait
2657 1883 2670 1920 :
2710 1885 2728 1918 ‹
2771 1866 2900 1920 Erat
2931 1866 3157 1921 historia
3189 1864 3264 1921 nil
3306 1865 3454 1920 aliud
3487 1864 3591 1920 nisi
3625 1880 3713 1921 an-

454 1930 756 2026 temporum
784 1951 994 2007 scilicet
1022 1947 1424 2004 enarrationem
1471 1946 1545 2001 ita
1579 1944 1890 2015 diligentem
1935 1957 2034 2014 pro

2138 1959 2338 2014 nalium
2369 1959 2669 2026 confectio;
2703 1957 2859 2030 cujus
2889 1959 2969 2013 rei
3011 1959 3392 2028 memoriaeque
3421 1957 3714 2014 retinenda:

451 2057 608 2100 more
651 2051 894 2096 veterum
945 2038 1330 2109 prophetarum
1379 2035 1546 2090 tuisse
1589 2035 1656 2088 ab
1705 2031 2035 2104 evangelista

455 2141 724 2191 servatam
773 2143 832 2186 ut
882 2130 1027 2186 nulla
1067 2129 1280 2185 deesset
1315 2127 1611 2184 auctoritas
1657 2125 2035 2192 instrumenti,

451 2223 635 2279 divina
672 2222 797 2278 licet
827 2220 933 2276 ﬁde
969 2219 1126 2291 longe
1157 2219 1384 2274 solidius
1415 2217 1650 2284 ﬁrmati,
1680 2232 1746 2272 ex
1782 2215 1850 2272 iis
1898 2215 2038 2272 indi-

453 2315 789 2382 cationibus,
825 2330 960 2385 quas
989 2306 1325 2368 rationabilis
1353 2327 1486 2368 cura
1517 2309 1655 2365 solet
1703 2309 1756 2364 in
1805 2309 2036 2379 publicis

454 2417 510 2466 et
542 2407 877 2480 gravissimis
905 2405 1116 2462 actibus
1148 2405 1428 2460 adnotare.
1472 2402 1654 2473 Longe
1679 2410 1806 2456 ante
1833 2399 2038 2471 Grego-

454 2499 594 2555 rium
625 2499 676 2554 id
707 2499 1016 2568 perviderat
1043 2506 1097 2552 et
1124 2497 1192 2550 ab
1218 2494 1512 2566 apostolica
1536 2502 1695 2548 aetate
1721 2499 2038 2563 perceperat

453 2592 820 2648 Tertullianus
867 2591 974 2661 (c),
1021 2589 1076 2644 in
1120 2587 1468 2659 Apologetico
1526 2586 1784 2641 adversus
1849 2590 2036 2652 gentes

453 2683 735 2755 professus
780 2682 922 2736 hanc
970 2679 1308 2750 disciplinam
1334 2717 1349 2743 ,
1399 2686 1458 2731 ut
1512 2684 1690 2730 certas
1735 2683 2037 2742 temporum

454 2784 613 2832 notas
643 2772 873 2845 publicis
898 2769 1237 2827 documentis
1252 2767 1591 2840 antiquitatis
1616 2777 1670 2821 et
1694 2765 2035 2821 archivorurn

453 2880 773 2939 expressas,
804 2873 1075 2920 contestes
1104 2858 1558 2928 advocaretejus,
1583 2874 1702 2930 qua:
1728 2865 2036 2913 nostrorum

457 2959 784 3031 scriptorum
813 2967 1078 3028 perpetua
1104 2963 1189 3011 est
1217 2952 1455 3018 assecla,
1480 2950 1748 3006 veritatis.
1779 2949 1861 3004 Ita
1892 2948 2036 3004 enim

457 3049 650 3107 scribit
673 3063 790 3118 cap.
841 3046 907 3102 l9
942 3063 956 3100 :
995 3063 1014 3096 ‹
1051 3045 1290 3100 Primum
1336 3041 1708 3098 instrumentis
1737 3039 1855 3096 istis
1891 3058 1909 3090 ι
1939 3038 2040 3110 (lo-

456 3145 642 3216 quitur
685 3142 752 3198 de
796 3139 991 3196 divinis
1025 3138 1179 3194 libris
1225 3135 1431 3206 antiqui
1480 3134 1727 3199 ftedcris,
1762 3131 1854 3202 qui
1897 3131 2038 3201 apud

458 3235 776 3304 Serapzeum
795 3229 1071 3303 Ptolennei
1094 3227 1437 3285 bibliotheca:
1457 3240 1576 3281 cum
1601 3223 1734 3294 ipsis
1755 3219 2036 3300 Hebraicis

453 3293 652 3382 litteris
677 3301 1016 3386 exhibentur,
1060 3328 1115 3376 et
1160 3335 1192 3374 a
1235 3317 1435 3374 Iudaeis
1472 3293 1650 3387 palam
1700 3297 2034 3382 lectitantur)
2064 3293 2109 3355 C

461 3436 482 3470 ι
509 3416 887 3472 auctoritatem
917 3427 1126 3468 summa
1151 3408 1448 3480 antiquitas
1467 3406 1726 3462 vindicat.
1764 3403 1918 3473 Apud
1940 3417 2037 3458 vos

453 3527 673 3586 quoque
705 3507 983 3580 religionis
1027 3515 1112 3562 est
1164 3505 1338 3559 instar
1390 3501 1548 3556 ﬁdem
1597 3497 1664 3554 de
1699 3495 2034 3586 temporibus

455 3580 724 3659 asserere.
757 3619 774 3652 ι
810 3599 992 3667 Quare
1021 3593 1232 3659 intulit,
1263 3603 1578 3663 germanam
1621 3585 1835 3658 praxim
1876 3580 2035 3651 hujus

455 3693 584 3749 ﬁdei
617 3692 682 3746 de
719 3687 1052 3757 temporibus
1094 3680 1400 3739 asserenda:
1423 3693 1543 3734 eam
1569 3691 1719 3741 esse,
1744 3682 1805 3728 ut
1830 3687 2037 3729 resera-

459 3793 653 3840 rentur
679 3782 902 3837 archiva
949 3778 1186 3850 gentium
1217 3773 1622 3834 universarum,
1646 3784 1766 3838 qua:
1797 3763 2034 3836 antiqui-

458 3885 570 3932 tate
599 3880 952 3946 przestarent,
985 3878 1039 3925 et
1068 3866 1315 3938 genuinis
1335 3864 1478 3920 notis
1500 3870 1803 3917 nostrorum
1832 3867 2037 3928 tempo-

456 3981 578 4022 rum
600 3945 686 4018 iac
723 3961 1052 4018 voluminum
1096 3954 1493 4012 conferrentur.
1546 3970 1564 4002 ι
1602 3950 1727 4005 Haec
1772 3948 1846 4002 ait
1893 3945 2034 4018 (cap.

453 4060 545 4133 20)
576 4059 771 4130 quibus
814 4053 1094 4111 ordinibus
1140 4049 1358 4123 probari
1389 4046 1594 4118 possint
1622 4059 1728 4100 non
1758 4052 1867 4096 tam
1898 4039 2038 4133 dim:

454 4129 560 4208 cile
586 4129 671 4206 est
697 4147 853 4205 nobis
879 4158 1148 4217 exponere
1170 4156 1331 4212 quam
1359 4151 1581 4194 enorme
1602 4142 1657 4190 et
1676 4129 2038 4189 arduum.Sed

453 4243 671 4300 interim
694 4241 911 4311 longum
953 4235 1136 4292 multis
1165 4229 1540 4287 instrumentis
1581 4240 1702 4281 cum
1748 4223 2036 4294 digitorum

455 4330 784 4403 supputariis
826 4326 1100 4400 gesticulis
1148 4320 1496 4378 assidendum
1542 4323 1644 4371 est.
1723 4311 2037 4368 Reseranda

454 4421 956 4493 antiquissimarum
1002 4417 1165 4471 etiam
1209 4411 1446 4484 gentium
1477 4405 1694 4463 archiva
1715 4444 1731 4472 ,
1765 4403 2040 4476 (Egyptio-

455 4528 578 4570 rum
603 4509 1011 4572 Chaldaeorum,
1050 4502 1403 4566 Phoenicum,
1451 4518 1470 4552 ι
1509 4505 1615 4554 etc.

524 4670 752 4728 Constat
817 4665 1002 4738 itaque
1074 4661 1283 4720 divinas
1327 4658 1568 4723 litteras,
1615 4662 1800 4726 utpote
1856 4650 2035 4708 omnis
2068 4653 2115 4712 Ι)

455 4768 704 4826 veritatis
733 4765 1024 4838 magistras
1045 4802 1061 4829 ,
1093 4761 1220 4817 huic
1260 4757 1426 4813 etiam
1456 4753 1830 4824 experimento
1859 4747 2033 4802 facem

451 4864 746 4934 praeferre,
778 4870 840 4914 ut
876 4857 932 4912 in
965 4855 1177 4911 ratione
1215 4862 1520 4919 temporum
1547 4843 1871 4901 vindicanda
1893 4882 1909 4907 ,
1940 4839 2035 4894 do-

397 5009 402 5014 .
455 4932 710 5010 cumenta
737 4950 968 5020 genuina
995 4947 1064 5002 ab
1088 4943 1238 5001 omni
1261 4939 1606 5010 antiquitate,
1633 4951 1794 5007 quam
1819 4932 2031 5005 publica

397 5057 405 5098 ε
453 5058 588 5100 cura
635 5041 920 5112 diligenter
958 5054 991 5094 a
1035 5053 1095 5093 se
1141 5032 1468 5092 custoditam
1524 5027 1828 5091 ministret,
1878 5021 2032 5078 avide

395 5115 407 5202 ἰ
453 5132 870 5205 conquirantur.

394 5216 403 5241 1

621 5267 821 5292 ιτΑ-ιὶσυι
851 5269 907 5292 ..ι
938 5260 1235 5292 ηιιινὶῖιῖηηῖο
1266 5256 1499 5292 οιιιιαηιίίῖ
1528 5255 1687 5292 undae
1719 5251 1882 5292 nrinr‘i
1909 5250 2034 5292 Ιιιιῖρ

2137 2065 2304 2106 causa
2335 2050 2403 2106 ab
2431 2049 2586 2104 initio
2612 2063 2792 2103 rerum
2825 2048 3188 2103 Romanarum
3220 2063 3390 2118 usque
3420 2047 3490 2102 ad
3519 2047 3582 2102 P.
3614 2045 3717 2101 Mu-

2135 2142 2277 2197 cium
2319 2140 2627 2212 pontificem
2677 2140 2971 2195 maximum
3019 2154 3106 2195 res
3149 2155 3338 2195 omnes
3383 2139 3712 2212 singulorum

2139 2248 2403 2288 annorum
2430 2230 2726 2287 mandabat
2768 2231 2966 2286 litteris
2990 2229 3232 2300 pontifex
3264 2230 3538 2286 maximus
3556 2271 3572 2295 ,
3596 2228 3715 2286 edc-

2143 2325 2404 2394 rebatquc
2449 2323 2503 2378 in
2541 2321 2755 2390 album,
2790 2323 3234 2394 proponebatquc
3267 2321 3500 2377 tabulam
3539 2321 3714 2390 domi,

2142 2429 2382 2492 potestas
2408 2427 2467 2473 ut
2493 2426 2637 2474 esset
2669 2417 2866 2489 populo
2893 2417 3291 2489 cognoscendi;
3329 2416 3366 2470 ii
3409 2415 3503 2486 qui
3558 2416 3714 2470 etiam

2139 2528 2281 2566 nunc
2337 2510 2590 2574 annales,
2643 2508 2863 2563 maximi
2911 2509 3281 2564 nominantur.
3315 2527 3335 2561 ι
3393 2507 3507 2563 Hoc
3559 2507 3716 2562 etiam

2140 2603 2424 2658 conﬁrmat
2473 2601 2779 2656 Macrobius
2819 2598 3093 2655 Saturnal.
3144 2599 3239 2654 lih.
3275 2614 3350 2665 ιι,
3383 2612 3506 2668 cap.
3538 2597 3609 2664 2,
3637 2594 3717 2652 cui

2140 2693 2548 2764 praemittendus
2568 2701 2652 2748 est
2672 2691 2857 2748 Livius
2883 2691 2976 2746 lib.
3003 2707 3074 2756 iv,
3103 2706 3255 2747 num.
3285 2690 3355 2746 20
3373 2732 3387 2756 ,
3413 2705 3718 2746 memorans

2143 2797 2352 2843 veteres
2397 2784 2656 2852 annales,
2705 2793 2763 2839 et
2807 2783 2974 2839 libros
3022 2783 3439 2854 magistratuum
3491 2779 3719 2844 linteos,

2141 2879 2406 2950 repositos
2436 2878 2492 2934 in
2517 2879 2631 2934 aede
2653 2875 2904 2942 Monetae,
2927 2890 3062 2945 quos
3085 2874 3264 2931 Macer
3284 2873 3573 2930 Livineius
3598 2873 3723 2930 citat

2140 2972 2434 3028 identidem
2478 2978 2759 3034 auctores,
2808 2976 2868 3023 ut
2913 2967 3106 3038 probet
3151 2981 3294 3022 nono
3339 2975 3466 3037 post
3508 2965 3722 3022 demum

2142 3082 2282 3122 anno
2313 3082 2435 3122 cum
2469 3065 2533 3120 T.
2581 3063 2836 3133 Quinctio
2878 3063 2944 3118 A.
2987 3061 3294 3119 Cornelium
3327 3060 3561 3118 Cossum
3595 3076 3721 3117 con-

2141 3158 2286 3214 sules
2304 3158 2524 3213 habere.
2552 3155 2628 3212 De
2650 3153 3058 3211 connuentariis
3081 3163 3262 3209 autem
3284 3152 3555 3209 censoriis
3575 3151 3721 3208 Livio

2142 3251 2420 3322 proximus
2449 3249 2737 3320 Dionysius
2778 3247 3224 3303 Halicarnasseus
3252 3245 3346 3301 lib.
3380 3262 3430 3311 ι,
3465 3261 3593 3318 pag.
3623 3246 3720 3312 6t),

2141 3341 2270 3398 edit.
2300 3340 2366 3397 G.
2417 3339 2480 3395 L.
2525 3339 2833 3411 Sylburgii,
2880 3338 3081 3393 fatetur
3112 3339 3210 3393 hos
3239 3353 3270 3392 a
3311 3337 3562 3407 patribus
3591 3337 3724 3393 ﬁlios

2137 3452 2234 3506 per
2282 3449 2474 3490 manus
2509 3433 2756 3502 accipere
2805 3430 3192 3497 consuevisse,
3239 3441 3298 3486 ut
3343 3430 3446 3501 ipsi
3495 3430 3722 3502 posteris

2136 3528 2252 3598 pari
2301 3543 2431 3584 cura
2479 3526 2900 3594 contraderent,
2947 3525 3092 3580 haud
3152 3539 3310 3580 secus
3360 3539 3529 3594 quam
3575 3538 3723 3580 sacra

2135 3629 2358 3690 paterna
2386 3626 2441 3674 et
2471 3617 2758 3687 gentilitia.
2791 3616 2872 3673 Ad
2897 3616 3013 3672 haec
3040 3615 3222 3685 itaque
3251 3626 3607 3672 monumenta
3632 3630 3723 3688 pu-

2137 3710 2276 3765 blica
2349 3717 2645 3779 provocant
2695 3708 2916 3778 [passim
2982 3706 3231 3763 historici
3289 3707 3368 3762 rei
3431 3707 3722 3775 Romanae,

2137 3798 2352 3868 quando
2387 3799 2733 3854 statuendum
2764 3807 2847 3853 est
2873 3797 2939 3852 de
2967 3798 3194 3852 veritate
3213 3837 3228 3862 ,
3275 3797 3437 3853 modo
3461 3807 3562 3853 aut
3589 3808 3721 3854 tem-

2137 3906 2268 3961 pore
2299 3891 2376 3946 rei
2419 3899 2604 3962 gestas.
2633 3889 2744 3945 llos
2772 3889 2937 3961 igitur
2963 3889 3138 3946 fontes
3164 3889 3442 3946 adeundos
3471 3905 3598 3947 esse
3624 3888 3721 3946 sibi

2138 3991 2192 4038 et
2225 3981 2550 4038 hauriendos
2588 3991 2955 4053 cognoverunt
2981 3983 3146 4038 etiam
3182 3997 3213 4039 e
3237 3980 3446 4039 Grzecis
3476 3983 3720 4040 celeber-

2140 4071 2296 4138 rimi,
2325 4071 2500 4142 qualis
2529 4072 2792 4127 Diodorus
2820 4071 3034 4129 Siculus
3061 4073 3149 4129 lib.
3185 4091 3238 4140 ι,
3265 4085 3399 4131 sect.
3429 4074 3498 4143 4;
3529 4077 3723 4146 Diony—

2139 4164 2252 4220 sius
2293 4164 2772 4229 Halicarnasseus,
2818 4165 3090 4234 Appianus
3131 4165 3565 4233 Alexandrinus,
3607 4168 3720 4223 alii-

2138 4269 2261 4324 que.
2296 4253 2492 4309 Solidae
2514 4254 2640 4308 huic
2665 4254 2783 4318 basi
2813 4255 3259 4312 documentorum
3284 4257 3499 4327 publice
3527 4261 3725 4328 posito-

2141 4361 2261 4400 rum
2291 4347 2768 4414 superstruendam
2798 4346 2994 4403 molem
3026 4347 3332 4404 universam
3359 4350 3724 4420 chronologize

2140 4445 2303 4507 atque
2332 4435 2600 4501 historire,
2650 4437 2817 4491 etiam
2861 4437 2928 4493 ad
2979 4439 3369 4495 remotissimas
3408 4449 3603 4497 aztates
3629 4457 3721 4497 ex-

2143 4536 2344 4591 tensae,
2375 4528 2626 4596 cognovit
2661 4528 3034 4602 Euhemerus,
3069 4544 3301 4600 eumque
3347 4540 3581 4587 secutus
3619 4531 3718 4585 La-

2142 4619 2377 4674 ctantius
2412 4617 2724 4674 Divinarum
2754 4619 3152 4677 lnstitutionnm
3200 4621 3293 4678 lib.
3343 4639 3397 4688 ι,
3442 4639 3569 4694 cap.
3626 4624 3716 4689 ll;

2141 4713 2388 4784 exemplo
2403 4713 2562 4770 Tullii
2577 4725 2633 4770 et
2646 4716 2894 4782 Varonis,
2913 4718 2966 4772 in
2983 4733 3041 4771 re
3059 4717 3376 4789 gravissima
3401 4719 3685 4774 statuenda
3699 4755 3716 4784 ,

2141 4820 2276 4873 quos
2321 4805 2483 4860 etiam
2528 4805 2773 4861 imitatur
2820 4806 3114 4862 Arnobius.
3147 4806 3282 4861 Nam
3332 4817 3392 4862 ut
3433 4810 3720 4864 ostendant

2140 4895 2385 4951 homines
2422 4895 2587 4951 fuisse
2613 4911 2706 4951 eos
2743 4911 2878 4968 quos
2921 4898 3262 4953 ethnicorum
3295 4899 3612 4967 superstitio
3643 4895 3719 4953 uti

2139 4989 2270 5044 deos
2301 4989 2461 5059 impie
2484 4988 2728 5056 colebat,
2751 4990 2940 5045 Jovem
2971 4990 3124 5057 dico,
3161 4989 3459 5045 Saturnum
3480 5031 3496 5056 ,
3526 4991 3718 5062 Neptu-

2141 5097 2268 5136 num
2294 5093 2350 5136 et
2379 5081 2650 5154 reliquos,
2684 5083 2997 5139 earumdem
3029 5083 3310 5138 historiam
3365 5098 3432 5138 ac
3478 5081 3746 5154 tempora:

2137 5173 2457 5238 ostendunt,
2507 5153 2604 5245 per
2646 5174 3016 5230 Euhemerum
3063 5175 3352 5246 diligenter
3399 5153 3745 5234 collectaexi

2165 5264 2304 5288 ειηιε..
2340 5265 2640 5286 --.,--1-η-1⁶1
2669 5282 2692 5283 η
2823 5273 2835 5282 .
2871 5266 2883 5278 ο
3021 5265 3032 5278 ο
3082 5265 3112 5278 ,α
3192 5264 3224 5278 ιι
3486 5265 3498 5274 ο

3854 401 3857 598 1

3855 617 3859 776 Ι

3859 808 3861 934 Ι

3861 992 3863 1142 Ι

3863 1176 3865 1302 1

3865 1358 3867 1440 ι
