3976 6312
1118 272 1127 281 κ
1150 272 1159 278 ι
1181 272 1215 286 εμπ

213 376 325 440 241

942 365 1313 427 emacem)
1348 317 1664 426 asserui
1700 311 1996 420 beam.
2038 312 2155 414 na.
2196 311 2400 415 rem.
2441 351 2782 409 cauum.

2826 266 2937 288 ’ςὶώΙι

2880 295 2887 305 ο

3390 333 3500 398 242

218 502 429 568 sacris,
473 512 595 572 quae
634 494 689 553 in
746 491 961 566 templis
1015 492 1411 563 antiquissimis
1461 487 1822 549 habebantur,
1852 486 1900 546 Α
1930 482 2174 554 gulorum
2204 475 2469 548 ejusmodi
2499 474 2820 572 scriptorum
2848 466 2965 541 (aut
2989 464 3172 567 verius
3200 464 3503 572 descripto-

220 597 579 663 maximeque
608 590 661 645 in
692 588 818 644 fano
846 585 995 642 Jovis
1030 582 1281 655 Triphilii
1302 622 1316 647 ,
1350 581 1441 637 ubi
1477 594 1698 634 auream
1731 594 1820 631 co—

220 689 476 743 lumnam
503 683 737 755 positam
764 694 884 735 esse
910 678 978 732 ab
1007 691 1125 747 ipso
1145 675 1276 755 Jove
1304 674 1492 728 titulus
1518 670 1818 733 indicabat;

221 799 280 840 in
303 794 419 851 qua
442 754 626 833 altaria
655 790 751 829 sua
775 783 924 844 gesta
945 754 1308 841 praescripsit,
1335 774 1395 820 ut
1415 771 1822 820 monumentum

222 850 380 927 esset
411 865 648 939 posteris
679 878 859 918 rerum
887 868 1180 929 gestarum.
1211 877 1227 910 ι
1264 855 1402 910 Tum
1430 854 1609 908 addit:
1635 870 1653 903 ι
1678 850 1826 905 llanc

224 957 529 1018 historiam
549 996 564 1022 ,
598 962 653 1010 et
673 948 1176 1023 interpretationem
1199 947 1407 1001 Ennius
1426 954 1508 999 est
1532 951 1768 998 secutus.
1801 959 1818 992 ι

298 1050 447 1106 Cum
472 1048 639 1120 igitur
660 1047 982 1101 documenta
1005 1040 1217 1112 publice
1240 1039 1413 1109 posita
1438 1037 1615 1107 gentis
1639 1035 1825 1098 totius,

229 1153 326 1199 aut
382 1139 798 1199 universitatis,
860 1144 954 1189 aut
1022 1132 1473 1204 magistratuum,
1529 1128 1829 1182 habeantur

228 1229 558 1289 testimonia
586 1227 822 1282 maxime
848 1224 1037 1278 idonea
1067 1221 1133 1275 ad
1159 1236 1248 1275 res
1272 1229 1451 1289 gestas
1480 1215 1831 1287 comproban-

230 1325 367 1388 das,
401 1318 579 1376 multo
609 1315 922 1388 praeclarius
968 1322 1130 1382 atque
1177 1310 1445 1366 efﬁcacius
1480 1310 1532 1364 id
1571 1315 1830 1379 praestent

231 1427 471 1473 necesse
495 1420 581 1468 est
611 1411 663 1464 in
696 1406 1124 1463 determiuandis
1165 1404 1501 1475 temporibus
1527 1411 1679 1457 extra
1711 1415 1831 1472 quae

234 1524 323 1567 res
368 1507 492 1580 geri
531 1502 751 1560 minime
780 1505 1093 1570 potuerunt.
1127 1496 1454 1566 Temporum
1488 1502 1667 1547 autem
1709 1504 1834 1561 par-

238 1602 361 1658 titio
412 1597 568 1652 varia
609 1609 734 1651 cum
769 1591 929 1646 fuerit
983 1589 1123 1660 apud
1163 1589 1413 1643 nationes
1455 1587 1727 1648 diversas,
1778 1592 1833 1639 et

240 1691 385 1763 apud
414 1688 665 1743 eamdem
689 1683 961 1739 nationem
984 1695 1107 1736 cum
1131 1678 1419 1748 aliquando
1439 1678 1507 1732 sit
1525 1677 1831 1739 immutata,

240 1781 605 1853 consequitur
632 1786 692 1831 ut
724 1791 755 1831 e
796 1771 1165 1830 monumentis
1200 1770 1432 1842 publicis
1457 1769 1653 1824 seriem
1698 1776 1835 1821 tem-

1926 570 2066 639 rum)
2080 569 2237 625 dictis
2248 565 2572 638 praeferatur
2590 581 2602 617 :
2622 560 2763 632 quod
2780 556 3257 614 ﬁtamanuensium
3287 556 3502 612 codices

1923 663 2185 734 exigendo
2210 662 2275 717 ad
2303 676 2367 715 ea
2395 659 2726 715 documenta-
2756 654 2952 725 quibus
2985 649 3278 705 auctoritas
3306 647 3490 719 populi

1924 772 1987 812 ac
2017 756 2433 825 magistratuum
2468 760 2548 806 tot
2575 749 2815 805 calculos
2844 744 3041 814 adjecit
3088 750 3218 814 quot
3247 742 3506 799 assertio-

1925 866 2055 905 num
2086 848 2329 905 vindices
2354 862 2387 904 c
2410 832 2859 916 conspectorihus
2885 841 3032 897 fecit.

2409 980 2687 1056 aecum
2724 995 2999 1053 TERTIA.

1999 1141 2054 1194 7.
2094 1139 2275 1194 Tertia
2306 1135 2489 1209 regula
2533 1136 2641 1191 sit:
2689 1133 2757 1189 Ut
2809 1151 2874 1189 ea:
2924 1132 3247 1187 documentis
3300 1128 3516 1185 aliunde

1928 1233 2236 1288 ministratis
2266 1249 2423 1303 quam
2452 1247 2515 1286 ea:
2536 1230 2649 1285 loco
2675 1231 2762 1284 ubi
2792 1247 2873 1283 res
2902 1230 3136 1299 proxime
3179 1226 3513 1299 gerebantur,

1929 1330 2172 1401 suffragii
2226 1328 2573 1399 prtcrogativa
2622 1327 2686 1379 sit
2735 1342 2887 1396 penes
2934 1323 3067 1377 illud
3110 1324 3262 1393 cujus
3311 1322 3517 1375 auctori

1932 1437 2091 1475 causa
2118 1419 2366 1479 scientiw,
2394 1418 2578 1487 peritia
2604 1414 2896 1486 disciplina:
2923 1431 2985 1468 ac
3015 1414 3246 1468 studium
3282 1412 3517 1467 ueritatis

1930 1510 2234 1583 facultatem
2297 1508 2498 1563 dederit
2557 1506 2861 1577 ampliorem
2923 1506 3166 1576 temporis
3223 1522 3287 1558 ac
3344 1507 3517 1557 rerum

1931 1600 2396 1673 perquirendarum

2007 1692 2154 1749 Hanc
2185 1691 2423 1763 regulam
2448 1689 2784 1746 tradiderunt
2825 1697 3087 1759 quotquot
3130 1687 3391 1743 familiam
3425 1688 3521 1741 dn-

1938 1798 2068 1844 cnnt
2110 1788 2164 1841 in
2222 1787 2431 1841 ratione
2484 1793 2784 1854 temporum
2836 1782 3133 1851 ordinanda
3186 1782 3300 1837 sive
3358 1781 3525 1834 histo-

242 1887 439 1946 l’omm
465 1865 903 1938 comprobatum
939 1862 1029 1917 ma
1058 1862 1169 1917 Sim
1194 1860 1444 1915 habenda
1474 1858 1686 1929 Ρθίίοτθ
1718 1873 1836 1926 ⁶Ῑ¹¹ί¹²
1868 1847 1912 1904 Β
1942 1879 2059 1945 rici,
2087 1878 2200 1934 sive
2240 1877 2573 1946 chronologi.
2594 1847 2677 1931 -Ut
2719 1876 2864 1930 enim
2910 1877 3051 1931 inter
3082 1847 3297 1930 veteres
3326 1872 3530 1927 Fabius

245 1964 593 2038 proximiora
609 1958 955 2030 reperiantur
974 1955 1109 2011 locis
1122 1968 1186 2009 ac
1201 1953 1535 2024 temporibus
1557 1951 1622 2006 de
1642 1952 1839 2021 quibus

246 2073 416 2127 quam
453 2055 693 2111 maxime
719 2052 914 2122 agitur.
946 2047 1038 2104 Uti
1066 2046 1211 2102 enim
1263 2044 1392 2100 facti
1442 2044 1675 2100 recentis
1708 2044 1840 2098 vici-

244 2149 402 2203 niora
439 2144 752 2201 testimonia
798 2138 1072 2194 lubentius
1099 2136 1340 2192 admittit
1358 2133 1557 2204 judex,
1589 2134 1681 2205 qui
1708 2150 1839 2190 cau-

248 2253 364 2296 sam
406 2235 495 2292 sci
516 2233 657 2285 uitiae
701 2231 993 2300 prudenter
1044 2228 1275 2299 requirit
1324 2228 1377 2283 in
1409 2235 1681 2281 assertore
1719 2240 1843 2297 per—

250 2336 466 2397 ceptam
514 2321 763 2393 proximo
792 2336 855 2376 ac
878 2320 1059 2375 vivido
1084 2334 1306 2375 sensum
1338 2318 1742 2387 experimento,
1788 2324 1843 2370 et

251 2416 425 2471 oculis
454 2413 699 2483 subjecta
746 2411 992 2468 ﬁdelibus
1021 2411 1243 2483 praefert
1273 2411 1339 2465 iis
1373 2424 1494 2478 quae
1524 2408 1843 2462 transmissa

252 2523 347 2578 per
373 2521 542 2561 aures
569 2506 623 2562 in
650 2506 891 2561 animum
923 2504 1176 2559 testantis
1202 2500 1458 2573 languida
1482 2500 1846 2556 insinuatione

254 2615 312 2655 se
361 2597 703 2661 infuderint,
748 2597 824 2650 ita
868 2596 1032 2651 etiam
1083 2594 1137 2648 in
1182 2592 1547 2648 monumentis
1577 2606 1756 2647 rerum
1786 2605 1847 2645 ac

258 2700 567 2761 temporum
599 2687 947 2742 admittendis
986 2686 1070 2741 vis
1099 2684 1345 2754 quaedam
1378 2683 1559 2754 potior
1577 2681 1701 2751 jure
1748 2680 1844 2735 tri-

256 2782 444 2838 buitur
490 2778 849 2850 proximitati.
883 2775 1059 2832 Eﬁicit
1100 2776 1247 2832 enim
1295 2781 1355 2828 ut
1389 2788 1567 2843 neque
1612 2770 1849 2825 artiﬁces

261 2876 720 2930 monimentorum
749 2873 919 2927 videri
950 2870 1156 2942 possint
1178 2867 1441 2923 memoria
1470 2866 1642 2937 lapsi,
1674 2879 1849 2935 neque

268 2968 497 3023 audaces
525 2967 581 3022 in
625 2965 965 3029 mentiendo,
997 2963 1111 3019 sive
1155 2962 1211 3016 in
1256 2948 1460 3016 temere
1488 2958 1851 3029 preponendis

264 3057 414 3112 falsis
461 3056 950 3129 signiﬁcationibus
997 3069 1179 3110 rerum
1244 3060 1327 3107 ac'
1368 3060 1671 3122 temporum
1726 3058 1851 3104 ante

260 3150 450 3205 oculos
490 3165 680 3205 eorum
708 3162 938 3219 quorum
971 3147 1023 3201 in
1068 3153 1362 3216 conspectu
1394 3143 1485 3198 illa
1525 3143 1844 3214 agebantur,

260 3257 381 3298 cum
414 3240 641 3297 cordato
671 3238 866 3309 cuique
898 3238 1015 3292 viro
1043 3236 1260 3292 eosdem
1303 3233 1564 3305 arguendi
1595 3242 1649 3289 et
1673 3234 1847 3288 corri-

260 3336 444 3407 piendi
468 3334 690 3389 libertas
712 3332 871 3387 foret.

329 3429 467 3482 Esto
498 3427 662 3496 igitur
690 3425 895 3481 criterii
923 3423 1097 3479 nostri
1121 3421 1489 3493 chronologici
1519 3421 1634 3477 haec
1664 3421 1850 3492 regula

262 3520 563 3591 princeps:
610 3514 675 3569 Ut
716 3516 770 3569 in
810 3515 1125 3586 temporibus
1175 3513 1465 3568 asserendis
1514 3523 1851 3566 monumenta

262 3610 473 3679 publica
492 3651 507 3674 ,
540 3608 585 3663 si
607 3625 722 3677 qua:
744 3616 865 3661 sunt
885 3648 899 3672 ,
923 3605 1295 3679 consulamus;
1320 3620 1482 3674 eaque
1504 3604 1850 3674 prmferamus

264 3720 291 3757 e
324 3702 553 3773 publicis
578 3717 843 3771 qum,'per
871 3700 1008 3754 viros
1038 3698 1253 3751 idoneos
1282 3697 1483 3767 posita,
1510 3696 1622 3748 loco
1652 3712 1713 3747 ac
1733 3704 1856 3747 tem-

264 3812 384 3867 pore
420 3796 526 3849 sint
551 3794 872 3864 proximiora
894 3791 1036 3847 (etuti
1055 3791 1118 3845 de
1141 3807 1245 3861 qua
1270 3806 1387 3843 cum
1410 3789 1636 3843 maxime
1657 3788 1851 3858 agitur.

732 3926 1013 3984 REGULA
1065 3925 1402 3983 SECUNDA.

337 4047 392 4102 5.
436 4045 557 4103 Erit
582 4044 855 4100 secundus
883 4058 1059 4099 canon
1087 4060 1099 4097 :
1134 4041 1203 4097 Ut
1226 4058 1253 4097 e
1275 4039 1498 4112 publicis
1520 4057 1582 4095 ac
1605 4038 1856 4110 proximis

270 4146 377 4192 tum
409 4146 567 4192 trtate
602 4146 711 4189 tum
760 4134 875 4188 loco
906 4132 1263 4197 documentis,
1296 4131 1698 4201 magistratuum
1728 4144 1858 4183 cura

270 4238 316 4281 et
342 4227 661 4282 auctoritate
687 4224 886 4294 positis,
918 4222 1011 4276 illa
1035 4222 1389 4293 prmferantur
1413 4236 1532 4291 qua:
1551 4218 1709 4273 semel
1735 4235 1860 4272 con-

273 4323 455 4375 stituta
479 4334 573 4389 per
598 4318 812 4371 idoneos
843 4333 903 4369 ac
945 4314 1202 4386 legitimos
1232 4297 1500 4368 curatores
1528 4310 1750 4381 publica:
1779 4328 1861 4365 υο-

273 4412 531 4475 luntatis,
575 4409 706 4463 adeo
748 4409 949 4478 integra
977 4416 1024 4460 et
1063 4406 1323 4460 custodita
1362 4405 1772 4475 permanserint,
1803 4412 1859 4456 ut

277 4502 480 4555 nullum
506 4499 849 4569 prwseferant
875 4497 1125 4552 indicium
1148 4496 1403 4550 erasionis
1418 4495 1860 4560 autmutationis;

274 4593 361 4647 sed
389 4607 558 4661 neque
583 4599 772 4643 temere
790 4587 975 4655 violari
1001 4588 1230 4658 potuisse
1256 4587 1426 4657 reipsa
1447 4595 1662 4641 constet.

345 4682 425 4738 Ex
453 4683 559 4737 hoc
582 4680 821 4736 secundo
857 4694 1066 4735 canone
1094 4678 1465 4747 consequitur.
1536 4711 1548 4721 ο

871 4804 1245 4845 (ῖοιιοῑιωιιιυιι

344 4884 398 4939 6.
443 4882 519 4940 Ut
543 4883 792 4940 codicum
834 4883 1182 4952 antiquorum
1207 4882 1274 4954 (si
1302 4882 1632 4953 autographa
1660 4880 1862 4951 scripta

279 4992 383 5033 non
426 4977 539 5032 sint
585 4978 650 5032 iis
680 4977 734 5032 in
773 4978 1082 5043 codicibus,
1114 4979 1209 5033 sed
1259 4976 1525 5047 exempla)
1558 4975 1865 5049 emendatio

280 5067 512 5137 petenda
543 5067 615 5123 sit
641 5066 710 5122 ab
736 5067 1073 5138 inspectione
1096 5075 1150 5123 et
1179 5068 1584 5137 comparatione
1613 5083 1735 5121 cum
1768 5081 1867 5135 pu-

281 5159 440 5217 blicis
460 5160 802 5217 documentis
824 5159 1066 5231 ejusdem
1096 5159 1272 5216 aetatis
1297 5170 1389 5214 aut
1415 5159 1674 5230 proximae
1703 5172 1866 5227 supra

286 5252 556 5310 indicatis.

354 5342 492 5398 Nam
539 5354 695 5400 vetus
738 5343 1045 5414 exemplum
1100 5342 1380 5413 scriptoris
1423 5342 1620 5413 privati
1664 5341 1873 5397 inducit

288 5434 562 5493 hominem
588 5437 885 5492 solitarium
908 5434 1025 5505 ejus
1050 5435 1290 5490 historiae
1311 5450 1377 5489 ac
1402 5433 1648 5489 veritatis
1673 5434 1863 5488 vadem

288 5540 344 5586 et
372 5539 721 5586 assertorem.
752 5529 825 5583 At
865 5528 1076 5600 publica
1108 5529 1430 5583 documenta
1476 5534 1745 5582 eontestes
1775 5525 1868 5581 ad-

290 5617 478 5677 hibent
506 5621 881 5677 atnrmationis
908 5635 1020 5676 suae
1055 5618 1141 5674 vel
1171 5617 1396 5689 populos
1415 5658 1430 5684 ,
1460 5617 1545 5673 vel
1583 5617 1869 5688 magistra-

292 5718 400 5764 tus.
430 5708 669 5780 Equum
706 5710 871 5781 igitur
893 5720 977 5765 est
1002 5717 1064 5764 ut
1084 5707 1217 5763 ﬁdes
1242 5706 1473 5779 publica,
1497 5706 1583 5762 cui
1604 5705 1868 5775 judicium

292 5798 623 5870 privatarum
661 5800 1108 5872 publicarumque
1141 5814 1322 5856 rerum
1368 5798 1733 5865 concreditur,
1766 5799 1869 5853 sin-

1938 1975 2122 2031 Pictor
2149 2015 2164 2039 ,
2204 1972 2266 2028 L.
2295 1972 2527 2029 Cencius
2552 2012 2566 2037 ,
2620 1970 2690 2025 M.
2731 1970 2885 2035 Cato,
2924 1969 2985 2025 C.
3026 1969 3263 2025 Licinius
3308 1967 3524 2030 Macer,

1940 2066 2014 2122 Μ.
2040 2064 2328 2121 Terentius
2378 2061 2570 2129 Varro,
2618 2063 2680 2117 'l‘.
2713 2061 3040 2132 Pomponius
3084 2059 3295 2115 Atticus
3321 2099 3335 2123 ,
3393 2057 3466 2112 ita
3499 2071 3529 2110 e

1941 2155 2332 2214 recentioribus
2357 2154 2738 2225 Cuspinianus,
2770 2152 3047 2225 Sigonius,
3080 2150 3395 2213 Panvinius,
3430 2147 3530 2201 Ba-

1942 2251 2145 2311 ronius,
2170 2249 2443 2315 Petavius,
2474 2246 2720 2302 Norisius
2742 2247 2982 2301 omnium
3006 2240 3524 2299 commendatissimi

1943 2342 2203 2412 colligunt
2225 2341 2461 2412 undique
2490 2339 2799 2394 testimonia
2825 2339 2892 2393 ad
2926 2338 3177 2393 notiones
3224 2344 3529 2406 temporum

1945 2451 2011 2491 ac
2063 2444 2337 2505 gestorum
2386 2433 2742 2488 stabiliendas
2790 2440 2845 2486 et
2909 2430 3288 2501 castigandas;
3351 2428 3423 2482 ita
3476 2435 3534 2481 ut

1946 2525 2172 2596 singulis
2202 2523 2375 2594 aptari
2426 2522 2599 2593 possit
2636 2520 2781 2591 quod
2812 2521 2877 2576 de
2903 2518 3233 2590 Cuspiniano
3263 2526 3531 2574 memorat

1946 2616 2199 2671 Nicolaus
2220 2614 2505 2672 Gerbelius
2528 2614 2581 2669 in
2610 2611 2928 2684 praefatione
2949 2610 3016 2665 ad
3047 2608 3285 2679 ejusdem
3316 2608 3525 2665 Fastos.

1954 2724 1972 2758 ι
2015 2705 2256 2769 Collatis,
2326 2703 2522 2774 inquit,
2570 2700 2953 2757 vetustissimis
2999 2700 3279 2769 utriusque
3340 2697 3535 2768 lingua:

1950 2796 2281 2861 auctoribus,
2332 2795 2376 2850 si
2422 2808 2559 2865 quos
2608 2793 2661 2847 in
2718 2793 2838 2848 istis
2881 2790 3251 2861 deprehendat
3296 2802 3533 2851 errores,

1948 2905 2042 2945 eos
2082 2887 2515 2943 moderatissime
2542 2884 2844 2956 castigavit.
2896 2882 3101 2937 Deinde
3129 2896 3258 2935 vero
3295 2895 3401 2949 qua
3445 2895 3534 2932 ra-

1952 2982 2121 3047 tione,
2137 2996 2244 3050 quo
2269 2979 2432 3035 modo
2451 2978 2820 3048 discrepantes
2842 2974 3273 3043 dissidentesque
3303 2973 3443 3026 inter
3479 2987 3536 3025 se

1951 3071 2269 3129 conciliandi
2313 3069 2420 3125 sint
2444 3085 2459 3135 ;
2487 3068 2614 3138 quid
2645 3066 2951 3121 addendum
2996 3064 3111 3129 uni,
3140 3062 3267 3132 quid
3293 3060 3537 3116 adimen-

1953 3165 2080 3219 dum
2130 3161 2311 3225 alteri,
2347 3158 2647 3215 incredibili
2676 3172 2809 3213 cura
2858 3156 3230 3225 industriaque
3258 3168 3537 3209 common-

1950 3254 2163 3311 stravit.
2194 3252 2453 3322 Quodque
2500 3250 2759 3322 singulari
2802 3265 2927 3305 cum
2981 3248 3255 3319 voluptate
3298 3245 3446 3317 leges
3494 3245 3539 3299 si

1951 3349 2046 3421 qui
2084 3348 2237 3403 inter
2267 3359 2326 3401 se
2372 3342 2768 3407 consenserint,
2821 3354 3045 3412 remque
3076 3339 3295 3394 tandem
3350 3337 3541 3393 iisdem

1951 3441 2131 3496 verbis
2155 3437 2527 3509 exposuerint,
2557 3452 2650 3492 eos
2675 3451 2864 3492 omnes
2902 3436 2955 3491 in
2998 3449 3163 3489 unam
3212 3433 3377 3489 veluti
3406 3432 3545 3487 clas-

1955 3546 2069 3587 sem
2099 3530 2394 3596 contrahit,
2442 3528 2749 3600 colligitque
2783 3526 3195 3583 studiosissime.
3246 3525 3376 3593 Quae
3418 3524 3545 3579 dili-

1957 3620 2137 3694 gentia
2165 3629 2427 3691 quantum
2456 3620 2590 3675 locis
2616 3618 2865 3675 obscuris
2902 3618 3314 3686 tenebrosisque
3367 3615 3544 3671 lucem

1956 3712 2166 3778 alferat,
2198 3710 2753 3782 quantamintricatis
2803 3710 3141 3775 claritatem,
3190 3708 3547 3779 perspicuita-

1956 3814 2089 3871 tem,
2120 3804 2380 3871 confusis,
2408 3819 2566 3859 nemo
2594 3818 2724 3870 non,
2744 3802 2837 3875 qui
2871 3801 3200 3859 mediocriin
3233 3800 3428 3856 litteris
3452 3797 3543 3867 ju-

1956 3898 2099 3953 dicio
2128 3896 2315 3968 pollet,
2348 3897 2614 3968 intelligit.
2664 3896 2928 3961 Breviter,
2982 3892 3117 3948 nihil
3149 3891 3548 3962 inexploratum

1958 3986 2200 4057 reliquit,
2230 3986 2470 4042 excussit
2493 3985 2674 4040 omnia
2728 4000 2849 4055 quae
2898 3983 3001 4039 sibi
3047 3982 3168 4038 usui
3220 3981 3403 4037 futura
3433 3995 3552 4035 cre-

1959 4077 2140 4133 debat.
2169 4075 2529 4131 Bibliothecas
2557 4075 2816 4145 plurimas
2846 4073 3196 4145 perlustravit
3223 4090 3236 4127 :
3269 4073 3403 4128 nihil
3438 4081 3549 4127 tam

1958 4184 2169 4232 recens,
2201 4167 2335 4223 nihil
2366 4176 2472 4221 tam
2500 4175 2678 4231 vetus,
2706 4165 2849 4236 quod
2884 4180 2990 4220 non
3020 4178 3233 4219 summa
3270 4163 3547 4232 vigilantia

1959 4260 2422 4333 pervestigaverit.
2466 4257 2681 4313 Nullum
2734 4259 2954 4314 omnino
3000 4270 3188 4311 saxum
3238 4254 3550 4325 nullumque

1960 4353 2242 4425 lapidem,
2294 4349 2495 4406 nullum
2558 4348 2935 4421 triumphalem
2987 4362 3214 4413 arcum,
3260 4346 3405 4402 nulla
3452 4346 3553 4400 im-

1960 4454 2272 4517 peratorum
2314 4444 2487 4500 edicta
2513 4484 2528 4510 ,
2566 4442 2740 4498 nullas
2787 4457 3119 4497 marmorum
3168 4441 3367 4507 bases,
3426 4438 3548 4495 nul-

1890 4538 2047 4619 Dlos
2093 4538 2327 4609 parietes
2391 4544 2485 4591 aut
2538 4550 2724 4591 muros
2794 4533 3180 4605 praetermisit,
3244 4547 3310 4588 ex
3359 4532 3553 4602 quibus

1969 4646 2077 4684 non
2128 4629 2339 4693 titulos,
2396 4627 2814 4698 inscriptiones,
2867 4625 3137 4696 epitapbia
3207 4624 3555 4695 deprompse-

1968 4725 2080 4789 rit,
2109 4724 2273 4795 inque
2328 4722 2672 4777 doctissimos
2700 4721 2800 4776 hos
2842 4717 3263 4775 commentarios
3315 4725 3554 4772 transtu-

1965 4817 2111 4874 lerit.
2152 4836 2170 4869 ι
3156 4844 3159 4847 .
3605 4860 3612 4870 ι

2038 4910 2115 4962 Ex
2152 4908 2253 4963 hac
2302 4921 2432 4961 vero
2469 4905 2630 4961 tertia
2683 4902 2889 4975 regula,
2942 4902 3078 4958 viris
3119 4898 3448 4957 doctissimis
3478 4899 3551 4954 ita
3599 4932 3609 4951 ~.

1964 5000 2209 5069 probata,
2235 4998 2340 5051 duo
2363 4974 3020 5060 descenduntcorollaria,
3048 4994 3102 5049 in
3126 5009 3282 5049 usum
3308 5002 3552 5049 nostrum
3598 4974 3624 5033 Ῡ

1968 5089 2255 5144 admodum
2285 5088 2584 5159 profutura.

2451 5237 2825 5280 COROLLARIUI
2863 5237 3086 5278 Ριιυίωι.

2041 5340 2092 5393 8.
2128 5335 2384 5393 Veritatis
2430 5335 2673 5391 historiae
2741 5335 3124 5392 iudicationem
3177 5348 3298 5390 esse
3346 5334 3554 5405 perSpi-

1971 5442 2127 5483 cuam
2159 5441 2480 5481 consensum
2508 5426 2764 5496 plurium,
2795 5426 2909 5480 sive
2934 5425 3262 5495 scriptorum
3308 5439 3374 5477 ex
3413 5423 3555 5492 peri‘

1970 5518 2198 5573 tioribus
2224 5526 2279 5571 et
2306 5517 2726 5587 proximioribus
2764 5518 2883 5573 loco
2912 5532 2977 5572 ac
3009 5525 3268 5586 tempore,
3318 5514 3433 5569 sive
3462 5514 3558 5567 do-

1969 5619 2342 5666 cumentorum
2376 5652 2390 5672 ,
2442 5612 2514 5665 ita
2564 5612 2770 5682 pariter
2820 5609 3099 5675 aﬁinium,
3155 5609 3453 5679 praesertim
3509 5609 3554 5662 si

1967 5701 2180 5775 publica
2218 5702 2538 5758 auctoritate
2566 5712 2680 5759 tum
2727 5702 3019 5773 scriptores
3068 5700 3165 5768 illi,
3219 5709 3330 5755 tum
3388 5699 3557 5755 docu-

1970 5805 2151 5853 menta
2180 5800 2512 5855 inuniamur.
