3976 6312
502 511 613 572 9.ιὸ

932 635 1308 683 ωιωωιιιιι
1354 635 1657 677 σεοωωιιιι.

574 738 936 798 lndlcatlones
959 746 1017 795 et
1063 750 1361 794 consensus
1387 748 1550 806 supra
1595 732 1863 787 indicatos
1886 729 2091 785 habere

506 836 615 890 vim
642 834 931 889 maximam
958 825 1356 886 rationabiliter
1382 824 1681 897 castigandi
1715 831 1880 892 atque
1907 835 2089 875 emen-
2130 836 2137 844 ·

509 926 671 982 dandi
699 924 941 995 exempla
969 922 1237 994 posterius
1266 918 1537 989 descripta
1565 955 1581 991 ,
1629 914 1723 971 ubi
1759 928 1791 968 a
1822 924 2091 967 consensu

506 1007 807 1079 memorato
836 1014 1092 1070 recedant

578 1108 943 1166 Corollsrium
987 1114 1296 1173 utrumque,
1340 1109 1403 1156 ut
1429 1114 1531 1172 ego
1576 1097 1814 1153 arbitror
1839 1133 1855 1161 ,
1906 1107 2089 1165 quem-

509 1202 796 1260 admodum
821 1209 877 1257 et
902 1198 1108 1271 regula,
1137 1211 1243 1254 non
1272 1193 1477 1264 indiget
1506 1189 1840 1264 argumentis
1880 1195 1942 1242 ut
1968 1200 2095 1258 pro.

509 1295 688 1360 betur,
717 1292 814 1346 sed
844 1298 1051 1345 tantum
1080 1285 1341 1358 exemplis
1371 1293 1431 1339 nt
1453 1289 1772 1355 exponetur.
1825 1277 2092 1333 Sexcenta

511 1391 830 1449 occurrent,
844 1390 906 1437 ut
917 1378 1201 1438 Cerbclius
1222 1376 1517 1439 iudicabat,
1537 1376 1591 1431 iu
1605 1370 1954 1444 Cuspiniano,
1969 1383 2094 1424 con-

486 1490 491 1495 '
515 1491 736 1533 sensum
788 1474 1101 1531 attendente
1125 1472 1179 1529 in
1206 1467 1629 1540 proximioribus
1652 1473 1707 1520 et
1724 1461 2091 1537 peritioribus,

517 1570 585 1625 ad
601 1566 974 1624 conciliandos
988 1565 1102 1621 sive
1116 1558 1479 1616 emendandos
1511 1557 1830 1613 remotiores
1859 1562 1914 1610 et
1929 1554 2095 1625 impe-

514 1664 770 1729 ritiores,
810 1671 924 1717 tum
951 1674 1022 1716 ex
1045 1655 1358 1713 auctoribus
1379 1691 1396 1721 ,
1428 1661 1541 1707 tum
1570 1665 1640 1707 ex
1687 1648 1925 1729 librariis
1947 1686 1967 1715 ,
1996 1646 2090 1717 qui

510 1725 853 1811 dissentiant.
894 1751 1079 1820 Neque
1129 1745 1507 1817 infrequentia
1535 1743 1694 1799 nobis
1714 1725 2004 1797 occurrent
2035 1738 2094 1795 in

512 1846 725 1903 caeteris
752 1859 916 1915 supra
941 1840 1174 1898 laudatis
1200 1837 1574 1910 scriptoribus,
1608 1835 1656 1892 si
1693 1834 1876 1891 lubeat
1895 1848 1962 1888 ex
1987 1830 2095 1887 No-

514 1940 734 1997 risianis
758 1937 1023 2010 Operibus
1047 1935 1265 1991 unicam
1296 1930 1581 2004 epistolam
1605 1927 1945 1986 consularem
1971 1940 2094 1998 per-

514 2045 756 2091 currere.
789 2030 990 2087 Verum
1017 2043 1085 2083 es
1115 2026 1201 2083 his
1236 2021 1643 2094 Prolegomenis
1672 2018 1873 2076 nostris
1919 2017 2093 2095 placet

517 2122 827 2192 exemplum
856 2118 1113 2185 mutuari,
1152 2126 1212 2172 ut
1233 2115 1441 2186 judieet
1467 2114 1723 2170 cordatus
1763 2111 1934 2167 lector
1961 2123 2094 2165 num

517 2215 691 2271 tertiae
716 2214 875 2284 hujus
894 2211 1092 2283 regulae
1121 2208 1347 2281 ejusque
1366 2205 1698 2264 eorrollariis
1724 2201 1978 2261 assentiri
1994 2216 2092 2259 ne-

514 2321 669 2365 cesse
684 2306 787 2365 sit.

585 2397 760 2470 Hujus
786 2397 970 2467 itaque
995 2394 1198 2468 regulae
1236 2391 1409 2450 tertiae
1446 2390 1610 2447 ductu
1652 2402 1816 2460 supra
1855 2385 1910 2442 in
1952 2382 2096 2441 notis

514 2493 585 2550 ad
619 2491 1022 2563 chronologiam
1074 2487 1320 2559 Catalogi
1369 2484 1735 2540 Romanorum
1777 2476 2095 2553 pontiﬁcum

514 2586 808 2644 conciliem
831 2592 1062 2642 conatus
1097 2597 1221 2641 sum
1254 2597 1381 2637 cum
1411 2578 1650 2634 Victorio
1696 2576 1968 2646 Aquitano
2001 2587 2098 2628 ve-

514 2690 664 2737 teres
704 2679 916 2743 Patres,
941 2685 998 2732 et
1020 2675 1249 2744 aqualis
1276 2673 1625 2736 documenta,
1648 2668 1706 2723 in
1734 2668 1939 2738 epocha
1970 2680 2100 2738 pas-

515 2761 689 2828 sionis
737 2768 941 2825 Christi
988 2766 1260 2838 alliganda
1308 2778 1435 2821 eum
1478 2777 1622 2819 anno
1677 2760 1915 2832 vulgaris
1974 2773 2100 2819 tene

516 2857 933 2919 Christiantn28
976 2865 1033 2913 et
1065 2868 1189 2912 cum
1223 2854 1435 2911 duobus
1475 2850 1718 2909 Geminis
1765 2847 2098 2907 consulibus.

517 2954 630 3010 Cur
657 2949 806 3008 enim
834 2950 892 3005 in
934 2948 1180 3004 Romana
1222 2943 1571 3015 ehronologia
1596 2979 1614 3009 ,
1664 2949 1773 2997 tam
1827 2936 2100 2997 consulari

523 3057 682 3120 quam
712 3043 981 3109 Caesarea,
1008 3054 1216 3097 necnon
1233 3036 1529 3110 pontiﬁcis,
1561 3049 1658 3093 eos
1691 3034 1855 3091 duces
1887 3049 1996 3091 non
2016 3047 2101 3090 se-

517 3151 739 3209 querer,
770 3133 856 3190 vel
889 3132 1182 3198 Romanos,
1228 3128 1313 3185 vel
1350 3125 1737 3199 provinciales,
1786 3124 1878 3196 qui
1924 3138 2102 3194 arqua-

519 3230 653 3286 lium
679 3240 901 3283 suorum
925 3223 1133 3295 judicio
1156 3228 1479 3294 praeterunt
1503 3218 1714 3275 caeteris
1738 3217 1796 3273 in
1841 3215 2101 3288 colligen-

520 3320 608 3377 dis
647 3329 811 3391 atque
828 3317 1145 3374 ordinandis
1176 3313 1587 3371 eharaeteribus
1615 3309 1953 3381 temporum?
1989 3309 2101 3366 Aut

519 3426 620 3470 cur
691 3422 796 3467 non
857 3407 1125 3467 deferrem
1170 3421 1285 3478 prae
1327 3405 1443 3464 suis
1502 3402 1799 3480 aequalibus
1863 3400 2102 3456 Vietorio

518 3502 791 3574 Aquitano
820 3502 876 3556 in
917 3510 1029 3556 aera
1077 3496 1361 3554 Paschalis
1399 3508 1463 3550 ac
1508 3493 1777 3565 passionis
1811 3490 2104 3551 Dominica‘.

520 3594 882 3660 stabilienda,
930 3604 1054 3649 eum
1110 3591 1253 3647 hunc
1290 3590 1469 3661 ipsum
1515 3587 1795 3643 videamus
1846 3584 2105 3643 selectum

517 3686 725 3761 judicio
760 3688 991 3743 duorum
1023 3682 1340 3756 pontiﬁcum
1389 3678 1758 3737 Romanorum
1796 3674 2000 3746 (Hilari
2040 3688 2105 3730 ac

524 3779 726 3837 Leonis
760 3778 960 3850 stagni)
996 3778 1068 3834 ad
1106 3775 1378 3835 rationem
1421 3781 1726 3844 temporum
1748 3766 2106 3831 ordinandam

522 3883 582 3927 et
609 3868 1020 3931 instaurandum
1038 3868 1063 3924 ἲ

998 3998 1137 4060 BEG
1148 3998 1280 4059 ULA
1321 3996 1627 4071 QUARTA.

592 4123 649 4179 9.
686 4121 890 4191 Quarta
935 4120 1123 4195 regula
1161 4116 1525 4190 ehronologia:
1567 4106 1952 4172 concinnandae
2000 4110 2112 4168 erit

525 4227 845 4273 commentus
881 4224 1194 4285 temporum,
1236 4212 1300 4267 ab
1326 4209 1589 4269 historicis
1624 4205 1947 4263 documentis
1970 4202 2111 4260 indi-

526 4315 785 4372 catorum,
827 4320 946 4359 cum
988 4303 1171 4359 diebus
1211 4301 1455 4373 legitimis
1481 4316 1513 4353 a
1538 4298 1662 4370 jure
1705 4296 1997 4351 constitutis
2040 4296 2110 4350 ad

527 4413 589 4451 ea
616 4396 916 4468 peragenda
949 4411 1067 4468 quae
1104 4402 1251 4469 gesta
1292 4401 1670 4449 memorantur.
1724 4378 1987 4463 Regulam
2018 4387 2111 4446 de-

528 4486 700 4543 claret
726 4484 1054 4559 exemplum.

602 4580 733 4636 Dies
767 4579 1040 4651 legitimus
1080 4591 1361 4635 sacrarum
1415 4573 1836 4641 ordinationum,
1886 4584 2113 4647 prteser-

531 4666 1109 4745 timepiscopalium,
1164 4666 1265 4725 fuit
1313 4669 1478 4725 etiam
1529 4667 1801 4739 prioribus
1857 4665 2113 4723 Ecclesiae

530 4765 853 4821 Christianze
891 4763 1105 4820 seculis
1143 4762 1256 4818 dies
1293 4759 1632 4826 Dominicus,
1681 4762 1805 4831 post
1850 4757 2117 4832 jejunium
2144 4726 2196 4787 ι)

534 4865 591 4915 et
654 4856 867 4927 vigilias
936 4853 1196 4922 Sabbati,
1250 4851 1701 4925 quemadmodum
1756 4850 2119 4923 comperimus

531 4956 646 5003 tum
694 4961 761 5001 ex
792 4945 1037 5002 doctrina
1066 4958 1370 5010 canonum,
1422 4951 1536 4996 tum
1582 4956 1651 4997 ex
1695 4939 1895 4996 Leonis
1937 4940 2116 5012 Magni

533 5039 892 5096 sermonibus.
926 5037 982 5093 Si
1014 5053 1120 5107 qua
1150 5036 1313 5105 igitur
1356 5031 1720 5105 discrepantia
1762 5033 1833 5088 sit
1876 5032 1930 5086 in
1957 5030 2116 5088 Cata-

534 5131 673 5202 logis
702 5131 963 5200 epocham
1011 5129 1238 5199 alicujus
1286 5126 1559 5198 pontiﬁcis
1609 5123 1966 5179 diversimode
2002 5137 2113 5177 Sta-

424 5284 428 5288 ,
533 5222 842 5288 tuentibus,
890 5218 1088 5275 indicio
1129 5216 1287 5286 hujus
1330 5216 1565 5287 regulae,
1604 5214 1751 5269 illam
1782 5212 2111 5283 praetulerim
2136 5260 2149 5277 ,,

530 5316 943 5388 chronologiam
974 5313 1222 5386 (exteris
1266 5312 1520 5385 paribus)
1561 5324 1681 5382 qua:
1717 5309 2113 5366 Ordinationcm

536 5410 721 5481 alliget
749 5406 986 5477 legitimo
1018 5401 1282 5474 temperi;
1322 5402 1541 5472 reliquis
1564 5416 1724 5467 vero,
1767 5414 1889 5470 quae
1916 5401 2116 5457 consti-

536 5509 657 5559 tuta
688 5515 720 5555 a
748 5497 1046 5568 majoribus
1072 5503 1315 5563 tempora
1340 5492 1396 5548 in
1418 5492 1760 5549 ordinatione
1780 5498 2109 5562 pervertant,

536 5591 764 5650 minime
810 5588 1007 5653 ﬁdam,
1058 5584 1164 5641 nisi
1209 5583 1424 5641 aliunde
1469 5582 1774 5643 constiterit
1817 5581 2115 5653 perspicuis

539 5681 881 5741 documentis
906 5680 1224 5751 densatum
1247 5676 1415 5736 fuisse
1432 5675 1807 5739 consuetudini
1828 5682 1888 5733 et
1908 5673 2118 5746 legibus

542 5790 809 5834 canonum
840 5771 1149 5829 rationabili
1173 5787 1239 5827 ex
1265 5784 1429 5828 causa
1458 5784 1555 5841 per
1580 5783 1677 5829 eos
1704 5770 1802 5841 qui
1823 5767 2115 5838 domandi

541 5875 808 5937 potestate
832 5863 1113 5934 pollerent.

618 5959 702 6011 to.
744 5956 1116 6024 Proponantur
1143 5954 1323 6022 itaque
1351 5951 1481 6007 mihi
1506 5950 1573 6007 de
1601 5951 1806 6022 epoeha
1836 5948 2115 6023 pontiﬁca-

1230 503 1323 560 AD
1357 498 1807 560 ANASTASIUM
1846 494 2358 557 PROLEGOMENA
2399 493 2581 554 EDIT.
2620 492 3047 555 ROM.-YATIC.

3666 496 3770 555 2M

2119 621 2173 682 Α
2200 598 2290 671 tus
2318 612 2376 670 S.
2405 611 2623 670 Damasi
2643 628 2797 686 papae
2821 610 3115 685 inquirenti
3146 606 3427 670 sententiae
3455 606 3576 667 dua!
3604 608 3659 666 in
3684 611 3767 669 illa

2192 704 2568 761 constituenda
2597 705 2740 762 inter
2763 720 2823 761 se
2850 704 3237 778 discrepantes.
3266 700 3489 760 Asserat
3511 714 3624 758 una
3650 718 3767 759 cum

2190 794 2571 851 vetustissimis
2602 795 3043 867 inscriptionibus
3072 811 3137 851 ac
3172 794 3401 868 picturis
3437 792 3681 851 basilica:
3709 792 3767 850 8.

2192 885 2367 955 Pauli,
2396 898 2452 944 et
2480 904 2603 945 cum
2628 886 2897 961 Catalogis
2921 887 3035 944 fere
3066 888 3348 954 omnibus,
3380 882 3694 954 historicis,
3719 896 3770 943 et

2193 981 2554 1053 chronologis,
2580 981 2640 1036 Β.
2665 980 2952 1037 Damasum
2982 979 3187 1037 sedisse
3214 995 3382 1036 annos
3404 996 3542 1037 xvnt
3562 1021 3577 1048 ,
3626 993 3770 1035 men-

2193 1085 2282 1129 ses
2308 1087 2370 1137 ιι,
2400 1072 2518 1127 dies
2543 1087 2619 1127 XI.
2647 1071 2833 1128 Altera
2863 1088 2992 1129 vero
3019 1072 3310 1140 sententia,
3340 1070 3571 1128 subnixa
3618 1070 3772 1126 forsi-

2194 1170 2287 1218 tan
2318 1164 2477 1219 unieo
2504 1162 2576 1219 illi
2606 1163 2894 1238 Catalogo,
2944 1180 3105 1237 quem
3134 1162 3554 1221 Schelcstratius
3585 1176 3772 1220 secun-

2196 1256 2326 1312 dum
2377 1257 2610 1328 appellat
2658 1258 2800 1315 inter
2845 1274 2940 1315 eos
2966 1268 3118 1329 'quos
3144 1257 3400 1329 produxit
3427 1264 3577 1313 tomo
3604 1256 3772 1327 primo

2194 1345 2548 1418 Antiquitatis
2570 1348 2849 1416 Ecclesiae,
2874 1336 3065 1405 tribuit
3090 1365 3262 1405 annos
3288 1362 3427 1416 χιιι,
3452 1362 3671 1405 menses
3695 1364 3771 1415 nt,

2197 1440 2310 1496 dies
2360 1456 2448 1506 ιιι,
2501 1440 2584 1497 vel
2623 1457 2688 1497 ex
2735 1440 2954 1497 Baronii
2986 1440 3243 1514 sullragio
3288 1456 3501 1497 menses
3552 1457 3626 1507 ll,
3668 1439 3775 1496 dies

2196 1546 2346 1587 xxvii
2376 1545 2536 1602 supra
2565 1547 2735 1587 annos
2771 1547 2904 1599 xvii,
2950 1547 3086 1602 quos
3113 1531 3189 1586 illi
3220 1531 3395 1603 placet
3426 1530 3500 1585 ita
3527 1528 3775 1585 breviare

2196 1639 2265 1681 ex
2296 1640 2428 1683 svnt
2452 1624 2657 1692 solidis,
2687 1625 2974 1697 assignatis
3002 1640 3034 1680 a
3070 1625 3129 1680 S.
3162 1622 3492 1696 Hieronymo
3514 1634 3573 1680 et
3599 1639 3629 1679 ει
3656 1621 3777 1679 Pro-

2195 1729 2359 1786 spero
2378 1756 2394 1783 ,
2441 1714 2736 1787 a-qualibus
2765 1699 3029 1783 Damaso,
3075 1724 3135 1770 ut
3162 1712 3216 1769 in
3245 1710 3463 1769 Maximi
3493 1711 3777 1786 praefectu-

2198 1824 2316 1864 ram
2337 1824 2510 1865 annus
2531 1808 2849 1865 initiationis
2871 1808 3110 1879 ejusdem
3135 1807 3351 1865 Damasi
3373 1807 3598 1877 incidat,
3625 1824 3778 1863 secus

2190 1895 2528 1969 iudicaturo,
2575 1898 2621 1956 si
2661 1900 3059 1955 observavisset
3102 1896 3280 1971 (quod
3320 1896 3410 1954 alii
3458 1900 3621 1975 paulo
3666 1908 3780 1975 post

2123 1987 2172 2049 B
2205 1978 2618 2047 adnotarunt'in
2647 1988 2976 2046 membranis
3001 1988 3383 2061 prmfectorum
3414 1986 3580 2045 Urbis
3605 2006 3636 2044 a
3682 1988 3780 2044 Bu-

2198 2080 2385 2137 cherio
2411 2078 2568 2135 editis
2590 2120 2608 2148 ,
2634 2090 2689 2136 et
2715 2080 2784 2136 ad
2811 2080 3068 2137 sacculum
3097 2078 3314 2136 Damasi
3362 2078 3778 2153 pertinentibus)

2196 2169 2482 2243 praefectos
2516 2166 2646 2226 Urbi
2672 2186 2779 2229 non
2809 2186 2876 2226 ex
2905 2168 3161 2227 Kalendis
3186 2170 3424 2226 Januarii
3449 2187 3550 2242 per
3582 2187 3779 2226 annum

2199 2263 2456 2333 solidum,
2492 2263 2571 2323 uti
2599 2260 2850 2321 consules
2874 2260 3157 2332 ordinarii,
3203 2262 3298 2319 sed
3327 2277 3394 2317 ex
3420 2261 3669 2334 qualibet
3700 2276 3783 2316 an-

2198 2356 2256 2413 ni
2281 2356 2368 2412 die
2396 2355 2462 2411 ad
2496 2366 2736 2428 tempus,
2784 2372 2885 2428 pro
2917 2355 3184 2411 arbitratu
3214 2355 3609 2427 imperatorum
3659 2353 3784 2411 deli-

2200 2447 2458 2503 nienduni
2485 2448 2555 2505 ad
2581 2462 2795 2505 menses
2819 2445 3003 2521 plures
3027 2445 3111 2502 vel
3158 2448 3465 2519 pauciores,
3511 2444 3658 2502 intra
3706 2448 3784 2505 vel

2200 2537 2343 2593 ultra
2372 2538 2501 2593 anni
2532 2548 2724 2605 metas,
2754 2538 3131 2610 magistratum
3158 2538 3410 2613 gessisse.

2274 2626 2569 2685 Sententia:
2597 2628 2779 2699 itaque
2820 2629 2967 2699 duae,
3014 2624 3099 2683 vel
3123 2629 3287 2684 etiam
3316 2626 3532 2701 plures,
3581 2626 3714 2686 licet
3736 2631 3782 2686 in

2202 2734 2416 2777 summa
2457 2720 2531 2777 ita
2562 2718 2837 2777 discordes
2857 2762 2873 2790 ,
2932 2728 3173 2777 attamen
3219 2720 3275 2778 in
3302 2738 3410 2777 uno
3439 2738 3509 2779 ex
3540 2724 3785 2781 terminis

2202 2825 2472 2865 summam
2499 2803 2803 2879 claudente,
2841 2810 2928 2867 die
2974 2808 3184 2867 scilicet
3228 2821 3283 2868 et
3327 2829 3468 2870 anno
3501 2816 3783 2872 emortuali

2201 2898 2268 2957 B.
2299 2903 2539 2973 Damasi,
2569 2918 2795 2962 necesse
2818 2913 2902 2961 est
2928 2914 2987 2963 ut
3012 2908 3338 2963 conveniant
3378 2925 3391 2960 :
3428 2925 3549 2980 quae
3574 2907 3696 2967 dies
3723 2911 3787 2966 sit

2204 2994 2268 3050 ll
2319 2992 2667 3062 Decembris,
2719 2994 3001 3053 Recimere
3043 3006 3098 3053 et
3141 2997 3401 3054 Clearcho
3442 3016 3621 3068 eoss.,
3673 3018 3787 3058 rem

2204 3085 2409 3144 Christi
2446 3087 2748 3145 communis
2775 3087 2897 3144 584.
2931 3087 3081 3144 Diem
3118 3090 3262 3145 enim
3306 3093 3665 3164 comprobant
3695 3093 3788 3150 Ec-

2205 3182 2387 3240 clesia:
2418 3180 2705 3247 tabularia,
2752 3193 2809 3240 et
2838 3180 3059 3239 rituales
3084 3183 3230 3251 libri,
3277 3182 3668 3259 Martyrologia
3696 3185 3788 3243 Be-

2208 3274 2311 3340 dze,
2345 3271 2599 3339 Usuardi,
2629 3272 2854 3341 Adonis,
2884 3275 3081 3345 quibus
3126 3274 3397 3332 consentit
3442 3274 3711 3333 Baronius
3739 3279 3788 3334 in

2128 3360 2174 3423 C
2206 3367 2476 3435 Romano,
2519 3366 2648 3424 licet
2691 3383 2859 3423 unum
2904 3367 2991 3424 vel
3019 3368 3248 3425 alterum
3281 3369 3525 3425 retrahat
3549 3371 3618 3425 ad
3654 3371 3788 3426 diem

2210 3458 2277 3516 l0
2326 3459 2635 3516 Decembris
2681 3458 2821 3530 apud
2867 3457 3260 3517 Florentinum.
3309 3461 3526 3519 Annum
3565 3477 3699 3518 vero
3741 3475 3791 3519 et

2208 3552 2460 3612 consules
2484 3554 2819 3610 Recimerem
2841 3561 2895 3610 et
2919 3552 3239 3610 Clearchum
3268 3553 3450 3610 retulit
3480 3553 3538 3609 in
3560 3554 3791 3611 Chroni-

2208 3663 2333 3707 Cum
2379 3663 2539 3706 suum
2565 3644 2817 3720 Prosper,
2848 3646 2942 3719 qui
2970 3656 3099 3703 tunc
3123 3646 3417 3703 scribebat.
3448 3642 3528 3701 Es
3572 3646 3665 3702 die
3701 3647 3791 3720 igi—

2210 3748 2300 3795 tur
2348 3739 2411 3795 ll
2471 3738 2786 3799 Decembris
2833 3739 2964 3795 anni
3009 3738 3208 3796 Christi
3258 3738 3363 3797 584
3408 3740 3789 3796 recedentibus

2208 3828 2450 3886 nobisin
2493 3830 2775 3900 superiora
2804 3838 3045 3902 tempora
3070 3846 3167 3902 per
3193 3846 3366 3887 annos
3392 3831 3595 3888 solidos
3628 3850 3789 3901 xvtn,

2209 3934 2428 3976 menses
2456 3935 2520 3986 ιι,
2553 3920 2669 3976 dies
2697 3932 2753 3987 ι,
2775 3917 2931 3990 juxta
2961 3920 3196 3991 priorem
3238 3922 3562 3978 sententiam
3589 3922 3793 3981 Roma-

2210 4010 2300 4068 nis
2326 4011 2693 4071 monumentis
2715 4010 2993 4078 inuisam,
3041 4011 3313 4083 colligitur
3337 4012 3454 4069 dies
3498 4015 3739 4086 suscepti
3767 4030 3793 4069 a

2212 4104 2447 4162 Damaso
2492 4104 2838 4175 pontiﬁcatus
2874 4106 3118 4163 incidens
3147 4106 3202 4163 in
3246 4106 3520 4166 Kalendas
3546 4108 3795 4168 Octobris

2212 4194 2418 4252 Christi
2448 4209 2591 4250 anno
2621 4194 2751 4263 366,
2781 4194 3043 4252 Gratiano
3071 4204 3128 4252 et
3154 4196 3453 4269 Dsglaipho
3487 4214 3635 4257 coss.
3675 4199 3794 4257 Lit-

2214 4296 2333 4344 tera
2356 4285 2714 4345 Domiuicalis
2735 4287 2781 4344 Δ
2805 4287 3049 4358 ejusdem
3072 4289 3202 4345 anni
3227 4291 3570 4349 demonstrat
3598 4293 3795 4351 Kalen-

2215 4380 2314 4438 das
2354 4379 2630 4450 Octobris,
2664 4381 2862 4452 quibus
2886 4380 3047 4438 allisa
3070 4391 3183 4448 est.
3215 4385 3418 4454 pariari
3444 4396 3567 4443 eum
3617 4389 3796 4445 Domi-

2215 4474 2343 4530 nica
2361 4473 2483 4541 die;
2509 4487 2633 4545 qua
2653 4488 2780 4530 cum
2807 4473 2881 4530 sit
2918 4483 3046 4546 apta
3065 4477 3464 4533 consecrationi
3503 4479 3796 4553 episcopali

2209 4569 2369 4642 juxta
2396 4566 2543 4639 leges
2565 4581 2846 4624 sacrorum
2868 4583 3163 4637 canonum,
3193 4581 3401 4641 quarta)
3424 4570 3550 4629 huic
3574 4574 3793 4647 regulis,

2222 4662 2289 4716 ad
2331 4659 2738 4733 chronologiam
2800 4659 3133 4730 pontiﬁcium
3178 4661 3515 4735 dirigendae:
3566 4679 3605 4721 ιι
3645 4667 3797 4723 nobis

2226 4751 2499 4818 adhibitae,
2550 4751 2948 4809 ﬁrmamentum
2974 4763 3216 4825 pricstat.
3250 4754 3490 4811 Mutuum
3519 4772 3650 4813 vero
3668 4775 3794 4830 pra-

2218 4844 2417 4903 sidium
2448 4843 2635 4916 regula
2658 4841 2872 4903 eonl‘ert
2894 4845 2962 4899 ad
2986 4859 3106 4901 eam
3135 4846 3372 4917 priorem
3393 4848 3794 4921 chronologiam

2216 4935 2565 5009 pontiﬁcatus
2609 4936 2828 4993 Damasi
2860 4936 3253 5009 praeferendam
3296 4943 3578 5008 seminus,
3621 4944 3793 5001 eidem

2220 5029 2518 5102 assignanti
2548 5044 2720 5086 annos
2747 5044 2882 5096 xvn,
2912 5045 3126 5087 menses
3146 5047 3231 5098 nt,
3260 5031 3377 5088 dies
3399 5047 3479 5098 ιι,
3500 5049 3628 5090 cum
3648 5035 3794 5105 prior

2216 5122 2310 5181 illa
2347 5121 2492 5179 diem
2520 5121 2815 5193 legitimam
2861 5124 3103 5196 assignet
3144 5124 3516 5195 ordinationi;
3561 5127 3795 5193 sectanda

2215 5231 2347 5272 vero
2375 5205 2565 5269 feriam
2596 5230 2669 5281 vi,
2699 5215 2802 5270 hoc
2825 5224 2908 5271 est
2929 5217 3323 5272 consecrationi
3347 5218 3568 5274 minime
3594 5229 3792 5290 aptam;

2216 5324 2338 5381 quae
2368 5308 2469 5364 fuit
2496 5307 2726 5365 Kalend.
2759 5306 3096 5379 Septembris
3116 5310 3246 5367 anni
3270 5308 3373 5367 567
3399 5324 3416 5365 ε
3449 5312 3592 5367 unde
3610 5324 3793 5367 nume-

2217 5408 2471 5461 rarentur
2498 5400 2568 5459 ad
2591 5400 2735 5459 diem
2762 5401 2824 5455 tl
2857 5399 3171 5461 Decembris
3197 5401 3301 5467 εει
3329 5402 3461 5463 anni
3490 5418 3625 5472 stu,
3646 5417 3792 5463 metr

2220 5506 2308 5549 ses
2348 5507 2435 5559 ιιι,
2462 5492 2580 5547 dies
2627 5508 2705 5549 ιι.
2732 5490 3003 5551 Praterea
3031 5494 3079 5549 si
3112 5506 3307 5559 octavo
3332 5495 3606 5555 Kalendas
3639 5495 3793 5556 Octo-

2218 5581 2334 5641 bris
2373 5582 2760 5643 mortalitatem
2804 5584 2960 5649 esuit
3001 5585 3250 5651 Liberius
3293 5586 3470 5661 (utin
3515 5588 3697 5653 libelle
3732 5587 3793 5644 ad

2219 5675 2588 5737 Theodosium
2634 5686 2905 5739 testantur
2948 5678 3242 5741 Faustinus
3284 5689 3345 5741 et
3384 5681 3789 5755 Heraclitus).

2219 5769 2465 5842 tim
2486 5770 2611 5831 ἀίω
2646 5770 2887 5843 “litim
2931 5775 3265 5835 «nemoris
3290 5774 3524 5846 eligendi
3564 5786 3793 5847 prmer-

2222 5870 2338 5920 tere
2363 5878 2470 5918 non
2497 5864 2674 5933 potuit
2697 5879 2818 5919 eam
2848 5874 3080 5922 mortem
3109 5868 3299 5925 diebus
3322 5884 3479 5923 mn.
3511 5867 3790 5923 Rursnseiu

2223 5969 2289 6012 eo
2316 5953 2497 6011 libello
2525 5954 2873 6025 consignatur
2895 5957 3074 6014 obitus
3104 5957 3301 6016 Liberii
3328 5958 3585 6015 Gratiano
3623 5969 3677 6015 et
3706 5957 3774 6011 Da
