3924 5382
223 470 338 527 945

950 471 1314 530 BLANCHINI
1357 469 1665 530 DlSSERT.
1709 471 1798 526 DE
1834 468 1990 525 ANT.
2033 468 2147 524 RR.
2187 466 2389 524 PONT.
2432 461 2769 522 CATALOG.

3383 455 3492 514 216

225 583 445 655 glaiplto
478 586 661 651 00653.
702 602 800 644 vni
825 587 946 648 Kal.
973 586 1261 646 Octobris:
1292 588 1589 659 eodemque
1626 602 1813 644 consu-
1841 588 1889 650 Α
1917 584 2162 644 consules
2205 591 2562 660 aperuerunt,
2615 579 2916 642 ostenditur
2964 577 3129 636 fuisse
3178 573 3494 632 cmortualis

226 675 343 734 latu
389 677 639 749 signatur
674 679 742 736 ab
769 678 1096 752 Hieronymo
1145 680 1196 740 in
1246 680 1515 738 Chronico
1549 678 1820 736 ordinatio

229 767 452 826 Damasi
520 772 872 831 successoris.
943 772 1175 834 Eosdem
1233 771 1482 832 consules
1539 771 1820 843 aperuisse

174 909 178 912 _
226 872 436 916 annum
462 875 586 916 serae
633 860 834 920 Christi
862 862 968 920 366
996 871 1206 924 eertum
1234 871 1318 918 est
1351 862 1493 935 apud
1538 862 1823 918 chronolo.

227 967 353 1023 gos,
397 962 452 1008 ct
495 954 776 1012 evidenter
820 971 918 1026 per
963 971 1062 1014 nos
1105 957 1426 1028 probabitur
1469 957 1524 1016 in
1573 955 1820 1026 exemplo

230 1046 436 1115 regula:
483 1047 708 1116 quinae,
751 1063 854 1117 qua
901 1057 1062 1119 caput
1085 1049 1190 1108 hoc
1233 1049 1636 1108 concludamus.
1686 1049 1824 1106 Sunt

231 1139 405 1211 igitur
433 1141 558 1196 anni
590 1141 749 1196 solidi
779 1156 934 1210 xvut,
965 1156 1065 1198 nec
1098 1149 1304 1198 tantum
1336 1157 1473 1211 xvu,
1503 1143 1574 1198 ab
1599 1140 1822 1202 Octobri

228 1228 366 1284 anui
399 1228 503 1285 566
552 1230 622 1286 ad
671 1231 1022 1292 Decembrem
1053 1231 1181 1292 anui
1227 1231 1334 1291 εει
1375 1246 1497 1290 cum
1545 1230 1823 1290 mensibus

233 1320 444 1376 duobus
492 1322 888 1390 enumerandi,
933 1333 988 1379 et
1029 1323 1319 1395 pontiﬁcis:
1368 1323 1820 1383 administrationi

234 1409 297 1466 Β.
349 1412 562 1470 Damasi
617 1414 937 1472 tribuendi:
980 1431 1083 1488 ope
1132 1415 1291 1486 hujus
1337 1416 1535 1489 regula:
1582 1425 1820 1488 quartae.

232 1516 398 1573 quam
423 1503 479 1558 in
507 1504 740 1570 eriterio
785 1505 1171 1579 cln'onologico
1193 1507 1557 1570 successionis
1594 1515 1649 1567 et
1679 1506 1823 1568 sedis

235 1590 606 1649 Romanorum
637 1595 953 1672 pontiﬁcum
984 1597 1325 1658 adhibemus.

729 1728 1012 1788 REGULA
1052 1727 1332 1798 QUINTA.

307 1843 399 1902 ll.
440 1844 642 1916 Quinta
689 1847 902 1918 regula,
937 1863 1027 1902 seu
1055 1847 1232 1922 potius
1261 1847 1636 1904 demonstratio
1667 1847 1823 1904 citro.-

1922 675 2131 734 Joviani
2159 685 2287 736 ante
2313 676 2451 732 diem
2484 691 2575 734 vttt
2606 674 2730 732 ldus
2762 670 2904 742 Maii,
2935 685 3056 732 cum
3100 665 3358 726 Iovianus
3397 678 3494 718 vo-

1923 777 2074 822 cetur
2102 768 2256 822 divus
2284 767 2336 829 in
2375 782 2436 826 ea
2467 765 2832 844 inscriptione.
2867 759 3152 834 [intrepius
3183 757 3236 813 id
3279 754 3494 828 egregie

1921 860 2321 934 conﬁrmat,qui
2352 860 2453 916 hoc
2475 873 2592 934 ipso
2622 855 2902 918 consulatu
2936 869 2999 912 ac
3015 850 3200 908 funere
3225 863 3376 914 suam
3408 847 3494 902 hi-

1923 953 2146 1014 storiam
2175 952 2403 1019 claudit;
2433 951 2521 1012 ubi
2555 950 2618 1010 de
2643 947 2869 1011 Joviano
2897 945 3120 1016 loquens
3153 943 3224 998 ita
3255 936 3492 1020 perscri-

1923 1043 2018 1100 bit.
2052 1061 2068 1102 ς
2104 1041 2344 1104 Decessit
2372 1040 2581 1114 imperii
2613 1053 2798 1100 mense
2823 1037 3070 1110 septimo,
3117 1039 3310 1104 quarto
3345 1027 3493 1083 deci-

1922 1149 2012 1197 mo
2040 1132 2156 1194 Kal.
2189 1132 2428 1197 Martias,
2481 1131 2675 1200 aetatis.
2709 1139 2763 1194 ut
2805 1128 2895 1208 qui
2926 1125 3212 1200 plurimum
3246 1137 3310 1178 ac
3339 1118 3496 1175 mini-

1923 1241 2068 1286 mum
2095 1225 2330 1296 tradunt,
2346 1223 2503 1283 tertio
2521 1233 2574 1282 et
2597 1221 2872 1300 trigesimo
2893 1233 3064 1280 anno:
3089 1231 3150 1271 ac
3170 1210 3500 1286 benignitate

1924 1315 2246 1388 principum,
2294 1313 2384 1386 qui
2429 1313 2476 1368 ei
2503 1319 2898 1384 successeruntI
2951 1309 3092 1364 inter
3118 1306 3267 1366 divos
3296 1301 3497 1357 relatus

1923 1417 2024 1468 est.
2061 1407 2126 1464 Et
2153 1406 2200 1462 Is
2225 1415 2398 1472 status
2431 1415 2548 1470 erat
2577 1405 2832 1464 Romanae
2859 1401 2936 1470 rei
2967 1401 3194 1466 Joviano
3223 1397 3411 1456 eodem
3445 1403 3500 1450 et

1925 1500 2262 1562 Varroniano
2299 1514 2478 1566 coss.,
2546 1513 2686 1560 anno
2738 1495 2897 1564 Urbis
2941 1493 3168 1558 condita:
3213 1483 3501 1552 millesimo

1923 1597 2218 1664 centesimo
2244 1606 2298 1656 et
2326 1611 2468 1660 nono
2498 1594 2729 1658 decimo,
2762 1612 2780 1651 ι

1994 1687 2142 1750 Fasti
2173 1686 2482 1748 consulares
2526 1685 2667 1746 idem
2699 1682 2982 1758 collegium
3030 1677 3307 1736 consulum
3353 1689 3502 1729 eam-

1925 1783 2153 1861 demque
2198 1789 2428 1845 mortem
2475 1778 2718 1840 referunt
2772 1777 2837 1836 ad
2885 1789 3083 1838 annum
3132 1786 3253 1838 mra!
3298 1765 3500 1824 Christi

1924 1875 2160 1946 vulgaris
2187 1873 2322 1944 56-1,
2372 1872 2464 1948 qui
2511 1869 2807 1932 bissextilis
2850 1867 2967 1930 fuit.
3018 1863 3075 1919 lu
3123 1876 3319 1917 annum
3371 1871 3500 1911 vero

236 1936 463 2009 uologiw
495 1948 632 1994 recte
660 1939 952 1994 constituta:
981 1939 1084 2034 erit.
1107 1938 1378 2034 character
1399 1937 1606 2034 aliquis
1650 1939 1823 1994 obser-
1852 1969 1895 2034 Β
1924 1936 2255 2032 “gen-“em
2285 1936 2555 2028 incidisse
2595 1970 2823 2020 mortem
2873 1952 3232 2017 Valentiniani
3273 1957 3504 2010 testatur

235 2031 343 2085 vati
371 2041 547 2084 motus
579 2030 797 2085 caelestis
831 2031 978 2100 (puta
1007 2029 1222 2099 eclipsis
1251 2029 1442 2084 solaris
1467 2039 1562 2085 aut
1591 2028 1819 2096 lunaris,

231 2121 322 2179 vel
347 2123 584 2180 aliorum
609 2123 844 2177 siderum
871 2121 1223 2175 inerrantium
1254 2121 1462 2192 positus
1489 2119 1628 2175 inter
1656 2136 1734 2185 se,
1768 2128 1824 2175 et

229 2212 529 2288 ﬁguratio)
579 2213 667 2288 qui
701 2223 879 2270 exacte
921 2211 1224 2281 respondeat
1265 2210 1535 2267 intervallo
1581 2211 1822 2282 temporis

234 2305 492 2378 requisita
517 2303 584 2360 ad
609 2303 814 2366 eosdem
843 2314 1010 2360 motus
1037 2302 1316 2358 cmlestium
1363 2319 1637 2376 corporum
1661 2304 1822 2379 perﬁ-

231 2396 484 2454 cicadas.

312 2488 621 2550 Axiomatis
650 2489 756 2549 vim
785 2487 950 2544 habet
977 2487 1116 2564 apud
1145 2487 1504 2557 ehronologos
1533 2502 1597 2544 ea
1617 2473 1690 2544 de
1720 2502 1824 2561 qua

234 2579 524 2651 loquimur
553 2577 754 2650 regula.
784 2576 950 2640 Nemo
977 2579 1121 2638 enim
1157 2589 1239 2640 est
1265 2578 1338 2638 ita
1365 2575 1556 2634 leviter
1580 2587 1827 2634 versatus

236 2673 297 2727 in
338 2673 690 2744 chronologia
719 2679 774 2728 et
803 2671 1026 2732 historia
1047 2713 1061 2740 ,
1109 2673 1199 2744 qui
1245 2671 1455 2730 nesciat
1498 2687 1617 2729 esse
1645 2671 1828 2744 praeci-

238 2779 414 2838 puam
465 2764 640 2819 :etatis
668 2763 1184 2824 demonstrationem
1215 2763 1268 2824 in
1313 2763 1451 2819 bello
1498 2762 1828 2834 Peloponne-

241 2862 401 2918 siaco
429 2861 544 2918 suis
587 2860 915 2934 temporibus
957 2861 1281 2932 assignando
1325 2875 1443 2918 eam
1488 2875 1648 2930 quam
1675 2858 1832 2920 mini-

245 2960 435 3010 strant
460 2951 688 3024 eclipses
716 2968 747 3008 a
793 2952 1106 3026 Thucydide
1136 2953 1435 3014 recensitze.
1483 2952 1828 3028 Assyriorum

237 3047 460 3120 pariter
490 3060 674 3118 regum
700 3047 827 3104 anni
851 3047 988 3106 certi
1019 3047 1314 3111 redduntur
1337 3047 1390 3103 in
1419 3062 1527 3104 aera
1556 3046 1832 3108 Nabonas-

238 3141 359 3196 sari
384 3155 453 3195 ex
485 3139 593 3196 illis
618 3139 924 3212 eclipsibus,
951 3155 1085 3213 quas
1107 3139 1428 3199 Ptoleuueus
1451 3139 1502 3198 in
1527 3129 1832 3214 Almagesto

241 3233 572 3289 recensuit:
604 3233 744 3301 quod
785 3231 1008 3305 perinde
1049 3239 1265 3306 aptatur
1317 3231 1590 3289 historicis
1630 3230 1834 3302 pariter

241 3332 304 3379 et
331 3323 680 3396 chronologis
702 3332 921 3382 relatum
945 3339 1011 3380 ac
1037 3324 1316 3398 regionum
1345 3325 1741 3390 universarum,
1765 3337 1828 3377 ex
1860 3331 1902 3392 ο

148 3465 160 3474 .
240 3429 359 3486 quo
383 3414 818 3486 amentissimus
848 3429 1030 3472 rerum
1048 3413 1307 3473 Conditor
1330 3413 1576 3470 cretestia
1602 3428 1830 3488 corpora

237 3506 324 3564 ita
351 3505 550 3562 librata
583 3505 712 3570 etin
739 3512 914 3562 motus
939 3504 1114 3562 varios
1137 3519 1168 3560 a
1198 3519 1258 3560 se
1282 3503 1488 3575 percita
1512 3502 1679 3560 fuisse
1703 3515 1831 3574 pro-

235 3595 431 3654 £e$sus
475 3603 587 3664 est,
635 3602 694 3656 ut
749 3601 930 3656 essent
977 3593 1296 3652 documenta
1343 3591 1604 3669 temporis
1642 3598 1833 3650 exacte

240 3685 605 3748 mensurandi
631 3700 730 3760 per
751 3700 943 3758 asinos,
969 3699 1182 3744 menses
1212 3699 1275 3741 ac
1302 3684 1435 3744 dies.

323 3777 418 3836 £2.
463 3776 578 3838 Non
618 3778 796 3850 patiar
848 3776 1010 3848 huius
1054 3776 1255 3850 regula:
1297 3785 1410 3836 tum
1469 3773 1830 3853 explicandae.

242 3862 365 3927 tum
394 3871 776 3930 confirmanda
797 3872 1100 3946 exemplum
1131 3871 1445 3932 desiderari.
1474 3870 1832 3934 Luculentum

243 3984 390 4028 vero
423 3979 667 4041 superest
691 3969 746 4026 in
775 3971 995 4041 antiquo
1019 3970 1214 4044 lapide,
1238 3984 1304 4025 ex
1335 3968 1658 4027 suburbanis
1678 3965 1834 4020 ϐίη-ῖς

239 4062 561 4119 stianorum
608 4062 934 4122 coemeteriis
1006 4060 1249 4118 Romano
1299 4061 1354 4120 in
1407 4074 1538 4128 agro
1595 4055 1790 4120 ellosso
1817 4097 1833 4123 ,

242 4161 305 4211 et
340 4151 490 4206 dono
516 4150 644 4208 mihi
696 4149 989 4210 liberaliter
1033 4152 1159 4208 dato
1199 4167 1232 4208 a
1278 4149 1342 4206 γ.
1388 4148 1450 4206 C.
1483 4149 1554 4217 Μ.
1598 4147 1836 4208 Antonio

243 4240 504 4296 Boldetto
530 4240 769 4296 basilicae
802 4239 1014 4303 Sancta:
1041 4240 1224 4300 Maria:
1252 4240 1639 4300 Transtiberim
1670 4253 1835 4296 cano-

247 4337 422 4400 nico;
470 4325 530 4389 ut
577 4336 630 4390 in
681 4335 893 4392 erudito
953 4336 1069 4407 ejus
1113 4334 1512 4392 Commentario
1560 4334 1627 4392 de
1665 4333 1837 4392 sacris

248 4433 560 4496 martyrum
595 4424 934 4482 Cmmeteriis
959 4441 1134 4497 nuper
1159 4425 1302 4480 edito
1341 4424 1508 4494 leges,
1537 4423 1625 4478 lib.
1653 4440 1690 4488 ι,
1713 4439 1834 4494 cap.

252 4517 350 4580 19,
409 4532 524 4587 pag.
558 4518 644 4573 84.
701 4515 876 4572 Verba
925 4527 1104 4573 autem
1134 4515 1360 4573 ﬁdeliter
1390 4517 1597 4578 reddita
1627 4532 1692 4571 ex
1723 4517 1838 4588 ipso

250 4603 532 4666 marmore
563 4607 676 4665 haec
700 4617 827 4664 sunt
858 4623 871 4662 :

437 4736 619 4794 PVER
657 4738 886 4795 NA'l‘VS
957 4739 1000 4796 Λ
1033 4737 1104 4800 W

442 4808 602 4880 alvo
637 4809 917 4880 lOYlANO
954 4805 1094 4880 Avc
1129 4811 1216 4880 ET

440 4873 888 4946 VAllRONlANO
958 4879 1132 4938 COSS

555 4949 716 5008 om
756 4948 997 5006 NOCTIS
1030 4947 1120 5020 nu

436 5023 504 5078 IN
540 5023 704 5080 VXIT
748 5021 857 5075 Vlll
896 5013 1342 5076 IDVS'VMADIAS

437 5095 546 5150 DIE
581 5091 924 5151 SATYRNIS
957 5091 1142 5147 LVNA
1177 5089 1498 5146 VlGESlMA

437 5163 640 5226 statvo
672 5165 786 5226 AP!
824 5163 1008 5224 anno
1041 5160 1302 5223 nonius
1335 5159 1699 5235 sunrwtvs

1923 2061 2059 2122 alius
2086 2058 2381 2118 historicus
2407 2054 2655 2134 teqnalis,
2691 2051 2898 2118 scilicet
2933 2036 3503 2134 Annnianuslllarceb

1922 2152 2100 2216 linus,
2145 2151 2387 2208 referens
2417 2132 2560 2206 circa
2590 2143 2751 2206 linem
2782 2140 2901 2198 libri
2948 2153 3053 2194 xxv
3099 2143 3154 2191 et
3199 2132 3349 2190 initio
3376 2144 3502 2183 xxvt

1921 2245 2132 2307 Joviani
2180 2243 2406 2317 Augusti
2436 2253 2746 2318 processum
2775 2234 3113 2296 consularem
3150 2245 3271 2288 cum
3305 2225 3505 2318 Varro-

1923 2340 2088 2400 niano
2116 2336 2226 2394 lilio
2255 2315 2504 2405 vagiente
2532 2332 2585 2392 et
2612 2327 2964 2403 pertinaciter
3010 2323 3312 2388 reluctante.
3348 2332 3414 2372 ne
3447 2315 3501 2368 in

1923 2430 2054 2496 sella
2083 2430 2370 2490 veheretur
2405 2441 2472 2490 ex
2507 2439 2694 2492 more,
2742 2419 3030 2484 subsecuta
3068 2411 3278 2478 Ioviani
3329 2416 3504 2468 tnorte

1925 2523 2083 2598 paulo
2108 2529 2225 2598 post
2265 2519 2629 2584 funestatum;
2663 2522 2717 2572 et
2739 2519 2860 2587 post
2889 2511 3002 2566 dies
3022 2506 3206 2598 decem
3231 2503 3298 2562 ab
3325 2515 3392 2598 eo
3419 2501 3506 2598 de-

1926 2589 2125 2678 cessu;
2150 2613 2345 2683 quibus
2376 2623 2533 2668 nemo
2559 2603 2729 2668 tenuit
2756 2599 2962 2679 imperii
3008 2590 3374 2676 gubernacula
3406 2589 3502 2683 ad-

1927 2707 2140 2766 venisse
2169 2682 2625 2764 V'alentiuianum,
2655 2694 3031 2756 universorum
3069 2685 3338 2756 suffragiis
3363 2682 3504 2738 acci-

1929 2811 2039 2862 tum
2070 2797 2136 2854 ad
2164 2794 2574 2871 imperandum;
2625 2785 2896 2847 distulisse
2927 2788 3107 2842 tamen
3136 2777 3203 2840 ad
3230 2776 3370 2840 diem
3395 2774 3504 2838 bis-

1929 2891 2106 2952 sextili
2155 2888 2456 2962 proximam
2513 2893 2855 2957 progressum
2926 2876 2980 2936 in
3039 2871 3310 2962 medium,
3378 2888 3397 2919 ι
3445 2875 3507 2922 ut

1930 2961 2224 3040 bissextum
2255 2979 2434 3038 vitans
2476 2970 2756 3032 Februarii
2781 2967 2983 3030 mensis
3011 2974 3138 3028 tunc
3168 2961 3506 3022 illucescens,

1931 3074 2074 3148 quod
2125 3069 2412 3144 aliquoties
2442 3065 2519 3124 rei
2550 3064 2806 3126 [initiante
2841 3057 3007 3148 fuisse
3037 3059 3295 3126 cognorat
3333 3045 3507 3112 infau-

1930 3146 2094 3230 Stum,
2132 3183 2150 3216 ι
2180 3161 2511 3238 pertingerci
2534 3153 2600 3216 ad
2629 3152 2770 3212 diem
2798 3146 3103 3226 proximam
3132 3161 3145 3198 :
3193 3160 3211 3196 ι
3245 3154 3347 3216 qua
3376 3153 3506 3238 pro-

1933 3275 2155 3332 gressus
2175 3232 2227 3316 in
2252 3232 2931 3324 campani,perinissusque
2954 3241 3192 3310 tribunal
3212 3232 3508 3332 ascendere

1933 3329 2131 3410 celsius
2171 3354 2472 3414 structum,
2520 3340 2862 3402 comitiorum
2909 3335 3091 3414 specie
3133 3340 3188 3393 et
3233 3329 3510 3392 voluntate

1935 3439 2278 3510 praesentium
2310 3431 2725 3495 secundissima,
2774 3437 2833 3484 ut
2876 3427 2961 3482 vir
2985 3423 3159 3481 serius
3186 3429 3367 3482 rector
3391 3432 3510 3497 pro-

1905 3531 2207 3588 nuntiatur
2239 3526 2468 3602 imperii.
2503 3524 2620 3584 Illos
2663 3519 2946 3598 principali
2989 3517 3172 3586 habitu
3206 3511 3542 3621 oit'cltmda.‘

1934 3635 2019 3685 tus
2047 3633 2102 3680 et
2128 3638 2347 3692 corona,
2376 3620 2648 3692 Augustus
2685 3622 3048 3686 nuncupatur,
3086 3629 3104 3668 ι
3147 3617 3252 3672 etc.
3413 3663 3416 3668 .

2002 3713 2304 3782 Bissextitis
2339 3721 2484 3783 nota,
2515 3723 2679 3783 quam
2729 3705 2974 3770 historici
3020 3707 3286 3766 asserunt.
3333 3696 3511 3760 locum

1935 3809 2152 3881 quidem
2179 3806 2305 3868 anni
2335 3804 2598 3866 indicaret
2619 3805 2673 3872 in
2696 3797 3072 3874 quadriennio,
3097 3791 3192 3856 sed
3216 3805 3512 3871 suspensos
3551 3837 3553 3844 .

1933 3901 2116 3960 adhuc
2145 3899 2406 3964 retineret
2433 3888 2645 3956 animos
2671 3906 2906 3967 quatiam
2943 3889 2998 3956 in
3030 3883 3384 3964 quadriennio
3409 3881 3494 3952 bis

1935 3992 2148 4052 sextilis
2169 4007 2200 4048 a
2225 3986 2603 4050 Valentiniano
2623 3985 2858 4048 evib’ttus
2887 3980 3238 4050 reperiretur,
3267 3975 3370 4046 nisi
3386 3973 3514 4036 cha-

1938 4094 2176 4140 racteres
2221 4078 2443 4137 Sabbati
2481 4077 2532 4132 in
2572 4078 2714 4131 diem
2759 4089 2853 4127 Vill
2881 4073 3002 4126 ldus
3054 4067 3221 4122 Maias
3273 4063 3515 4140 inciden-

1935 4175 2028 4240 tis,
2056 4189 2122 4234 ac
2161 4172 2300 4232 lunae
2341 4168 2548 4242 positus
2606 4167 2658 4222 in
2703 4163 2858 4237 signo
2915 4156 3230 4234 Capricorni
3281 4155 3407 4232 dum
3446 4154 3513 4208 ad

1933 4268 2172 4330 ortivum
2205 4264 2553 4328 [latitantem
2581 4255 3055 4320 deferreturcirca
3108 4250 3298 4312 hOram
3340 4246 3516 4308 noctis

1939 4367 2189 4430 quartam
2217 4355 2572 4423 eamdemque
2607 4349 2839 4406 natalem
2865 4346 3020 4418 pueri
3057 4341 3342 4416 Simplicii,
3451 4353 3517 4394 eo

1937 4465 2209 4517 marmore
2247 4447 2460 4518 sculpti,
2486 4453 2664 4504 certos
2691 4456 2788 4496 nos
2810 4439 3100 4495 redderent
3125 4433 3377 4491 consules
3400 4446 3519 4486 ms-

1940 4553 2181 4600 moratos
2209 4549 2263 4596 et
2307 4538 2706 4595 successionem
2756 4531 3121 4589 Valentiniani
3146 4528 3420 4614 pertinere
3449 4523 3520 4579 ad

1940 4649 2139 4689 aumnn
2161 4632 2381 4702 cpocha:
2406 4629 2606 4686 Christi
2639 4621 2940 4681 communis
2967 4619 3094 4677 564.

1863 4698 1915 4762 Ῑ)
2012 4698 2209 4798 Cyclas
2231 4724 2473 4778 decimus
2503 4719 2840 4781 Latinorum,
2869 4714 3027 4770 annis
3047 4704 3278 4769 Iulianis
3298 4704 3370 4764 84
3390 4717 3526 4798 con-

1944 4797 2118 4879 stans,
2149 4832 2178 4869 a
2201 4815 2266 4868 ll.
2307 4814 2365 4868 P.
2401 4814 2666 4868 bucherto
2689 4807 2886 4870 editus,
2922 4811 2975 4860 et
2999 4804 3066 4858 ab
3085 4797 3526 4874 eminentissimo

1947 4910 2094 4965 card.
2151 4909 2216 4962 de
2247 4905 2407 4960 Neris
2458 4904 2772 4974 explicatus,
2796 4903 3039 4968 coeperat
3092 4904 3232 4949 anno
3285 4885 3528 4974 vulgaris

1949 5018 2070 5058 aera:
2097 4999 2422 5054 Christianm
2445 4998 2573 5061 298,
2603 4987 2804 5055 Fausto
2825 4985 2872 5043 ll
2905 4994 2960 5045 et
2986 4985 3141 5043 Gallo
3175 4975 3530 5053 consulibus;

1952 5105 2118 5164 quare
2139 5104 2279 5144 anno
2305 5102 2425 5141 aera:
2456 5081 2773 5143 Christiana!
2801 5073 2910 5136 384
2936 5077 3219 5164 labebatur
3247 5074 3535 5164 ejnsrcycli

1955 5163 2128 5246 annus
2152 5179 2239 5243 64,
2272 5176 2589 5245 ferebatque
2613 5167 2868 5225 Kalendis
2895 5167 3171 5227 Januarlis
3190 5163 3330 5219 diem
3360 5163 3541 5235 Jovis,

3185 5268 3272 5286 σοι.
3297 5254 3351 5286 ..ι
3395 5261 3513 5286 nni:

2553 5277 2633 5286 ...σε
2666 5275 2740 5286 ..11
2805 5263 2884 5286 u-I:
2928 5263 3173 5286 --.--'---
