3924 5382
515 442 616 505 247

1161 432 1254 494 AD
1293 433 1734 494 ANASTASIUM
1783 425 2294 492 PROLECOMENA
2327 419 2506 479 EDIT.
2537 414 2952 477 ROM.-VA’I‘IC.

3599 490 3602 493 ι
3656 409 3754 464 248

514 553 772 618 ostendit,
809 551 935 609 luna
963 557 1082 608 erat
1126 547 1466 614 duodecima,
1495 536 1614 619 post
1653 533 1777 601 dies
1798 543 1893 598 121
1929 557 2079 598 com-
2115 545 2163 603 Α
2257 549 2353 589 vm
2378 532 2500 587 ldus
2530 529 2654 585 Maii
2678 529 2802 584 luna
2835 526 2937 582 fuit
2960 523 3055 594 iux

510 647 690 720 pleto's
719 645 798 717 (in
823 642 1110 706 bissextili,
1133 641 1225 697 ubi
1246 640 1362 696 dies
1383 637 1773 700 dissimulatur,
1799 640 2088 690 remanent

516 737 668 810 120),
683 737 809 792 luna
832 743 950 791 erat
976 733 1131 790 tertia
1154 732 1359 789 decima
1383 739 1440 786 et
1462 729 1712 802 postdies
1732 727 1764 782 7
1779 726 1942 782 fuerit
1960 726 2086 782 luna

402 841 408 845 '
516 829 802 895 vicesima,
823 827 900 882 uti
929 833 1244 882 numeratur
1265 824 1316 879 in
1353 820 1724 892 inscriptione.

584 919 849 985 Tandem,
880 927 942 974 ut
966 918 1034 972 ad
1061 917 1203 972 lunai
1223 913 1448 970 orientis
1469 913 1704 984 positum
1732 911 1785 966 in
1812 910 1967 982 signo
1989 909 2086 966 Ca-

510 1011 750 1087 pricorni
778 1011 909 1066 hora
934 1009 1110 1066 noctis
1137 1015 1330 1078 quarta
1351 1005 1590 1075 ejusdem
1625 1005 1731 1061 diei
1762 1013 1818 1060 et
1843 1005 1969 1058 anni
1995 1005 2086 1060 de-

457 1151 463 1155 .
509 1102 957 1160 monstrationem
991 1098 1246 1170 temporis
1267 1097 1547 1168 exigamus
1567 1110 1663 1167 per
1691 1094 1901 1150 tabulas
1915 1105 2110 1168 astro-_

510 1197 778 1261 uomicas,
815 1195 888 1250 ita
913 1193 1036 1248 'erit
1082 1190 1501 1263 procedendum.
1533 1190 1690 1244 Anno
1734 1204 1856 1244 aera:
1884 1188 2083 1244 Christi

511 1285 816 1344 communis
868 1284 1014 1354 564,
1078 1283 1164 1339 die
1209 1281 1244 1338 8
1290 1281 1451 1347 Maii,
1524 1279 1605 1335 sol
1662 1280 1984 1335 versabatur
2030 1279 2084 1334 in

517 1377 688 1454 gradu
745 1378 910 1434 Tauri
967 1375 1426 1441 duodevicesimo;
1485 1382 1543 1428 et
1591 1372 1681 1428 die
1733 1373 1961 1443 septima
2029 1371 2084 1427 in

511 1489 645 1530 meri
665 1472 740 1528 lie
797 1471 1149 1542 percurrebat
1222 1483 1304 1540 gr.
1373 1467 1437 1522 17
1517 1464 1703 1520 Tauri.
1782 1465 1879 1520 Die
1923 1464 2088 1535 igitur

510 1563 737 1634 septima
768 1562 1048 1618 occidente
1070 1560 1183 1616 sole
1213 1559 1489 1615 oriebatur
1514 1557 1713 1629 gradus
1741 1557 1807 1612 17
1838 1557 2088 1627 Scorpio-

487 1655 616 1712 ‘nis.
648 1654 776 1710 Post
800 1654 964 1710 horas
993 1661 1226 1724 quatuor
1256 1651 1344 1722 (ea
1361 1660 1446 1706 est
1468 1651 1602 1706 hora
1624 1658 1816 1720 quarta
1835 1649 2010 1705 noctis
2032 1649 2086 1704 in

507 1747 804 1820 epigrapbe
851 1743 1173 1814 memorata)
1207 1742 1481 1798 oriebatur
1502 1741 1700 1813 gradus
1747 1741 1815 1796 l8
1869 1741 2088 1795 circiter

507 1838 844 1910 Capricorni.
893 1837 1042 1893 Luna
1078 1850 1205 1891 vero
1236 1836 1381 1890 circa
1411 1833 1660 1889 eumdem
1692 1827 1917 1904 gradum
1944 1832 2084 1904 signi

2261 635 2313 682 ta
2343 632 2520 680 motus
2558 621 2763 676 medios
2797 619 2849 674 in
2875 618 3044 690 gradu
3156 614 3265 670 16-
3349 611 3440 669 21.
3555 611 3757 667 ILCa—

2189 717 2426 790 pricorni
2460 733 2474 783 ;
2509 715 2806 784 eademque
2871 712 3006 767 hora
3055 708 3254 780 gradus
3310 706 3400 762 ille
3447 704 3758 776 Capricorni

2189 825 2311 866 cum
2358 809 2483 864 luna
2523 805 2781 878 surgebat
2823 803 2891 860 ab
2917 801 3198 859 horizonte
3241 799 3417 855 ortivo
3451 797 3759 856 consulibus

2188 902 2312 958 divo
2377 897 2603 956 Joviano
2666 907 2722 952 et
2773 893 3108 950 Varroniano
3135 932 3151 958 ,
3207 903 3399 962 nempe
3449 904 3598 945 anno
3643 904 3757 946 aera

2187 992 2390 1048 Christi
2441 989 2747 1047 communis
2799 987 2926 1053 364,
2959 987 3256 1054 eodemque
3305 980 3602 1047 bissextili,
3641 981 3755 1037 du

2189 1101 2324 1158 puer
2352 1084 2664 1156 Simplicius
2693 1080 3038 1140 nascebatur.

2260 1176 2760 1234 Demonstrationes
2788 1175 2954 1246 igitur
2981 1181 3282 1242 temporum
3326 1169 3396 1224 ab
3429 1169 3591 1226 hisce
3635 1168 3754 1225 cha-

2189 1274 2489 1332 racteribus
2517 1270 2818 1328 observatis
2845 1267 3147 1324 caelestium
3163 1273 3428 1329 motuum,
3454 1265 3534 1318 ita
3551 1278 3759 1334 respou-

2189 1367 2430 1422 dentium
2478 1360 2774 1419 intervallis
2811 1373 3100 1423 annorum,
3146 1355 3416 1412 mensium
3448 1368 3514 1409 ac
3538 1353 3756 1418 dierum,

2189 1455 2384 1525 quibus
2408 1454 2476 1509 ab
2489 1460 2648 1508 aetate
2671 1459 2858 1506 nostra
2886 1448 3115 1512 distant,
3145 1455 3207 1502 ut
3227 1444 3426 1501 elicere
3451 1445 3760 1499 studeamus

2187 1561 2256 1602 ex
2302 1543 2598 1616 aequalibus
2623 1541 2974 1605 documentis,
3008 1539 3196 1609 quinta
3225 1537 3342 1593 hare
3380 1533 3575 1606 regula
3607 1534 3759 1590 chro-

2188 1637 2416 1708 nologize
2444 1634 2600 1690 nobis
2623 1631 2913 1704 proposita
2939 1628 3242 1686 constituit.
3269 1673 3281 1687 ,

2259 1729 2346 1784 15.
2377 1727 2650 1795 Quantum
2676 1737 2803 1778 vero
2836 1721 3015 1776 valeat
3047 1719 3113 1775 ad
3143 1717 3378 1790 epochas
3397 1717 3760 1772 Romanorum

2188 1820 2503 1894 pontiﬁcum
2526 1814 2874 1871 stabiliendas
2903 1829 2970 1870 ex
3001 1814 3106 1868 hoc
3130 1811 3247 1881 ipso
3271 1808 3562 1866 consulatu
3591 1803 3763 1864 Jovia-

507 1895 750 2004 eju'sdem
780 1939 906 1986 ωηο
927 1927 1246 1985 versabatur
1267 1925 1419 1996 juxta
1447 1933 1627 1982 πηοιυε
1651 1895 1878 1988 ηζέάίοε,
1904 1895 2082 1978 “(ex
2112 1903 2160 1962 Β
2188 1913 2242 1968 ni
2289 1919 2346 1967 et
2387 1906 2709 1964 Varroniani
2756 1915 2812 1961 et
2839 1902 3047 1960 Joviani
3077 1908 3286 1969 morte,
3314 1899 3602 2004 evidenter
3630 1895 3760 1951 refe-

509 2023 713 2079 tabulis
736 2020 1118 2078 astronomicis
1139 2027 1323 2091 patere
1365 2017 1562 2088 cuique
1591 2023 1788 2087 potest.
1817 2013 1896 2070 Ne
1929 2014 2086 2086 quid-

506 2112 653 2184 piam
685 2112 1021 2167 desideretur
1044 2109 1336 2165 incriterio
1362 2118 1472 2162 tam
1514 2107 1802 2162 illustrium
1833 2114 2083 2161 notarum

509 2201 771 2271 temporis
804 2241 818 2267 ,
871 2199 1156 2255 amxarum
1209 2197 1523 2254 consulibus
1565 2195 1792 2252 Joviano
1843 2197 1981 2266 Aug.
2029 2206 2086 2251 et

509 2289 871 2358 Varroniano,
900 2301 954 2347 et
978 2306 1120 2346 anno
1143 2290 1352 2347 Joviani
1373 2287 1676 2368 emortuali,
1703 2303 1822 2359 quae
1843 2287 2085 2342 collectae

506 2383 761 2455 leguntur
787 2384 838 2438 in
875 2380 1208 2437 memorabili
1237 2381 1339 2436 hoc
1365 2377 1562 2449 lapide,
1599 2386 1819 2449 prmstat
1846 2377 2081 2448 experiri

503 2493 606 2550 per
641 2475 907 2547 quaslibet
951 2474 1162 2530 tabulas
1191 2473 1429 2540 lunares,
1456 2471 1620 2528 etiam
1643 2470 1943 2525 mediorum
1969 2485 2084 2524 mo-

505 2581 658 2628 tuum
685 2572 703 2644 (
732 2579 791 2626 ut
813 2568 1058 2626 facilitati
1097 2568 1442 2625 consulamus
1467 2568 1559 2623 ubi
1602 2567 1902 2622 necessitas
1937 2566 2082 2622 nulla

506 2671 591 2718 est
619 2661 963 2718 consectandi
988 2675 1156 2715 unum
1188 2668 1282 2714 aut
1301 2658 1533 2714 alterum
1560 2658 1789 2729 gradum
1827 2657 2086 2727 aequatio-

507 2757 619 2820 nis,
651 2769 755 2824 qua
785 2770 855 2808 ex
902 2753 1094 2808 mediis
1131 2751 1367 2808 motibus
1389 2750 1704 2817 colligamus
1732 2748 1917 2818 verus)
1945 2747 2085 2802 luna:

508 2845 744 2917 positum
773 2844 826 2899 in
853 2842 1115 2914 signifero
1160 2842 1364 2898 circulo
1394 2843 1460 2897 ad
1497 2851 1707 2913 tempus
1738 2841 1791 2896 in
1815 2854 2087 2896 marmore

509 2935 800 3006 signatum,
832 2949 1025 3005 nempe
1048 2933 1114 2988 ad
1146 2933 1333 2988 horam
1383 2939 1633 3003 quartam
1680 2931 1876 2998 noctis,
1897 2945 2088 2986 conse-

509 3037 650 3085 cuta:
670 3042 923 3083 occasum
954 3025 1083 3082 solis
1109 3026 1194 3081 die
1222 3025 1452 3096 septima
1475 3023 1678 3080 mensis
1701 3023 1848 3088 Maii,
1867 3022 2086 3094 quando

509 3129 635 3192 post
665 3121 856 3176 horam
878 3119 1289 3189 sesquialteram
1320 3133 1350 3172 a
1369 3126 1564 3189 quarta
1599 3125 1884 3183 nocturna,
1907 3115 2083 3172 media

510 3219 672 3269 nocte
712 3210 999 3266 dirimente
1026 3209 1178 3278 juxta
1215 3209 1485 3264 Romanas
1505 3206 1649 3278 leges
1674 3207 1815 3262 diem
1841 3206 1871 3259 7
1906 3205 1974 3261 ab
1995 3221 2087 3262 oc-

2190 2001 2357 2057 renda
2382 1999 2448 2054 ad
2477 2013 2678 2054 annum
2708 2010 2830 2053 terte
2856 1993 3058 2050 Christi
3085 1990 3323 2063 vulgaris
3371 1987 3500 2052 564,
3535 1988 3762 2042 breviter

2188 2094 2491 2150 ostendam.

2259 2187 2492 2242 Sanctus
2533 2179 2914 2255 Hieronymus,
2939 2187 3069 2234 tunc
3121 2183 3282 2232 aetate
3333 2173 3562 2236 ﬂorens,
3591 2187 3646 2226 ιιι
3675 2170 3761 2225 ad-

2189 2277 2484 2333 ditamento
2521 2271 2774 2329 Chronici
2812 2271 2894 2326 sui
2945 2268 3013 2324 ad
3055 2265 3445 2328 Eusebianum,
3472 2271 3707 2318 mortem
3734 2275 3761 2314 ι

2187 2366 2415 2423 Joviano
2454 2365 2678 2429 ubitam,
2707 2362 2835 2418 dum
2882 2357 3221 2415 consulatum
3261 2369 3385 2410 cum
3427 2350 3768 2407 Varroniano

2187 2465 2420 2531 gereret,
2471 2454 2638 2510 refert
2669 2453 2735 2508 ad
2763 2464 2959 2506 annum
2990 2455 3240 2518 quartum
3267 2441 3596 2516 Olympiadis
3630 2440 3756 2506 εει,

2188 2565 2296 2605 una
2349 2562 2471 2604 cum
2519 2543 2864 2600 successione
2895 2537 3273 2595 Valentiniani.
3320 2535 3553 2592 Biennio
3585 2541 3760 2589 autem

2187 2647 2330 2711 post,
2362 2653 2502 2693 anno
2527 2635 2732 2691 scilicet
2768 2631 3004 2689 secundo
3033 2622 3357 2701 olyinpiadis
3378 2625 3511 2692 285,
3561 2624 3765 2679 obitum

2188 2727 2390 2784 Liberii
2415 2740 2565 2797 papze
2606 2731 2660 2779 et
2682 2721 3081 2779 successionem
3113 2717 3329 2773 Damasi
3345 2716 3652 2786 consignat.
3683 2713 3766 2769 cui

2190 2820 2305 2890 ipse
2348 2818 2420 2874 'ab
2470 2815 2716 2888 epistolis
2760 2812 2863 2868 fult
2888 2813 2942 2867 in
2970 2809 3314 2882 apostolatu-
3345 2806 3578 2862 Biennio
3601 2805 3764 2861 etiam

2190 2910 2393 2966 distant
2439 2924 2471 2964 a
2523 2907 2749 2963 Joviano
2775 2913 2831 2960 et
2858 2901 3198 2958 Varroniano
3244 2898 3580 2962 consulibus,
3612 2895 3764 2967 juxta

2189 3002 2570 3060 Cassiodorum
2600 3008 2656 3056 et
2684 3011 2909 3055 caeteros
2929 3053 2933 3057 ,
2957 2995 3217 3052 fastorum
3257 2993 3604 3055 collectores,
3630 3006 3761 3046 con-

2189 3094 2334 3150 sules
2357 3091 2651 3148 Gratianus
2693 3097 2750 3145 et
2784 3085 3132 3159 Daglaiphus,
3164 3084 3360 3155 quibus
3388 3082 3592 3138 Liberii
3622 3096 3766 3136 mors

2191 3183 2499 3256 assignatur
2519 3181 2574 3236 in
2589 3179 2770 3235 libello
2795 3192 3016 3249 precum
3035 3173 3280 3230 Faustini
3301 3180 3358 3228 et
3377 3170 3679 3227 Marcellini
3702 3169 3767 3225 ad

512 3260 670 3367 ἶεῖέξ
688 3260 1950 3368 ιῆὶέέι’ίᾟᾷἆὲἶῖιεέξἰιέῖιξιιυέέίειρρειιειιυι-
1987 3260 2085 3353 an

2207 3272 2580 3337 l‘heodosium,
2607 3284 2771 3341 supra
2806 3267 2974 3323 relato
3003 3266 3057 3322 in
3097 3264 3279 3337 regula
3321 3271 3543 3334 quarta.
3590 3260 3765 3317 Semel

511 3391 639 3449 ldus
662 3389 808 3458 Maii,
839 3391 1055 3448 ineunte
1079 3389 1338 3458 Sabbato,
1369 3390 1668 3459 Quiritibus
1709 3389 1854 3446 dicto
1885 3389 1970 3446 die
1993 3389 2092 3446 Sa-

512 3485 676 3542 turni.

583 3577 680 3634 Die
700 3578 732 3633 7
759 3576 884 3633 Maii
906 3576 988 3634 sol
1019 3578 1336 3632 versabatur
1365 3576 1418 3630 in
1445 3576 1614 3648 gradu
1650 3573 1815 3629 Tauri
1848 3575 1938 3640 l7,
1964 3575 2092 3631 urbi

515 3684 705 3726 arcum
734 3670 1198 3725 seminocturnum
1221 3667 1452 3723 Romani
1478 3666 1710 3722 climatis
1739 3664 1899 3720 efﬁcit
1932 3665 2094 3720 hora-

513 3774 636 3816 rum
682 3758 971 3829 aequalium
1015 3759 1273 3829 quinque.
1323 3756 1466 3812 Hora
1504 3756 1670 3828 igitur
1693 3765 1886 3827 quarta
1916 3756 2093 3812 noctis

515 3858 641 3923 post
654 3865 778 3906 eum
799 3864 1053 3906 occasum
1073 3851 1213 3920 apud
1239 3848 1534 3914 Romanos,
1562 3855 1779 3902 noctem
1799 3846 2098 3918 quamlibet

518 3941 826 3998 dividentes
846 3941 901 3996 in
924 3941 1087 3997 horas
1109 3956 1208 4006 xu,
1237 3944 1525 4011 respondet
1547 3940 1696 3996 boris
1714 3939 2096 3996 astronomicis

516 4040 643 4105 post
670 4032 952 4089 meridiem
1000 4031 1109 4089 diei
1149 4032 1391 4104 septimae
1413 4033 1502 4100 i0,
1533 4048 1656 4089 cum
1684 4032 1906 4088 minutis
1934 4033 2096 4088 bora-

517 4125 620 4182 riis
645 4124 735 4182 20.

589 4217 765 4274 Radix
792 4217 1097 4274 mediorum
1124 4223 1365 4272 motuum
1395 4216 1535 4271 lunae
1563 4217 1619 4271 in
1637 4214 1956 4293 meridiano
1984 4213 2093 4268 Ro-

519 4323 685 4366 mano
748 4299 1004 4365 Kalendis
1084 4306 1328 4364 Januarii
1388 4322 1497 4364 aera
1559 4306 1764 4364 Christi
1819 4304 2094 4361 communi

519 4400 744 4457 ineunte
771 4399 863 4456 dat

1403 4507 1556 4580 Sign.
1597 4508 1761 4566 Grad.
1802 4508 1932 4565 Min.
1974 4506 2096 4564 Sec.

521 4621 727 4682 Locum
755 4621 896 4677 lunai
931 4620 1166 4677 medium
1201 4619 1257 4675 in
1470 4619 1526 4674 4.
1639 4621 1727 4674 14.
1838 4620 1928 4676 55.

526 4715 657 4770 anni
686 4729 780 4771 ccc
803 4713 1055 4783 completi
1082 4712 1441 4768 dautmotum
1479 4712 1532 4768 6.
1642 4713 1732 4768 25.
1844 4713 1935 4769 30.
2043 4715 2098 4771 5.

522 4806 668 4866 Anni
691 4822 764 4863 ιιι
788 4805 1041 4876 completi
1485 4803 1537 4857 l.
1650 4801 1737 4857 l0.
1845 4803 1934 4857 42.
2048 4804 2099 4858 1.

521 4895 670 4953 Anni
695 4911 758 4952 ιιι
784 4895 1036 4966 completi
1473 4891 1528 4946 0.
1638 4891 1728 4948 28.
1880 4891 1936 4946 9.
2012 4891 2099 4946 10.

525 4985 1414 5060 Apriliseompletusannibissext.
1489 4983 1544 5038 5.
1680 4983 1737 5038 4.
1846 4983 1936 5038 20.
2011 4983 2100 5039 57.

528 5077 661 5136 Dies
679 5093 774 5134 sex
804 5078 960 5135 solidi
983 5091 1051 5132 ex
1071 5077 1262 5134 merid.
1297 5075 1403 5131 Ka-

603 5167 882 5206 Inndornm
929 5166 1050 5206 Μειίῖ
1111 5167 1176 5206 ad
1203 5167 1392 5206 mariti,

2042 4621 2181 4692 6.1)

2190 3366 2377 3439 igitur,
2406 3365 2771 3420 demonstrato
2791 3359 2935 3432 quod
2965 3359 3118 3432 paria
3144 3357 3346 3413 faciant
3375 3370 3554 3410 annus
3575 3368 3768 3409 consu-

2190 3457 2334 3512 latus
2357 3469 2422 3510 ac
2445 3454 2636 3510 mortis
2660 3451 2893 3517 Joviani,
2919 3449 3139 3521 collegae
3169 3448 3264 3504 lilii
3304 3447 3385 3502 sui
3417 3444 3762 3506 Varroniani,

2193 3563 2317 3603 cum
2347 3561 2488 3602 anno
2511 3558 2634 3600 aera:
2659 3543 2862 3600 Christi
2891 3539 3190 3599 communis
3216 3538 3343 3605 564,
3380 3536 3586 3592 Liberii
3619 3549 3766 3606 papa:

2193 3641 2373 3697 obitus
2422 3647 2546 3710 post
2575 3637 2851 3694 biennium
2897 3642 3221 3692 consecutus
3269 3629 3586 3688 testimonio
3635 3627 3766 3682 scri-

2191 3739 2408 3801 ptorum
2437 3727 2756 3800 aequalium,
2783 3741 2847 3781 ac
2876 3724 3093 3782 Damasi
3132 3721 3326 3781 electio
3353 3732 3580 3775 necesse
3609 3725 3693 3771 est
3719 3724 3770 3770 ut

2195 3820 2504 3876 referantur
2537 3835 2660 3876 cum
2682 3817 2991 3874 consulibus
3013 3817 3276 3873 Gratiano
3308 3822 3364 3869 et
3387 3809 3692 3881 Daglaipbo
3706 3807 3770 3862 ad

2195 3925 2398 3967 annum
2423 3925 2546 3966 aera:
2579 3909 2784 3966 Christi
2817 3909 3054 3980 vulgaris
3082 3907 3209 3964 366.
3673 3921 3676 3924 ’

2271 4005 2519 4077 Quinque
2571 4006 2721 4061 hisce
2773 4004 2971 4077 regulis
3019 4003 3617 4076 criteriichronologici
3653 4019 3771 4076 pro-

2197 4098 2390 4170 positis
2420 4135 2436 4164 ,
2494 4097 2754 4168 expositis
2816 4112 2880 4152 ac
2951 4096 3191 4166 probatis
3217 4134 3235 4162 ,
3300 4088 3600 4166 procedere
3663 4105 3772 4151 tuto

2197 4203 2486 4260 possumus
2515 4188 2583 4242 ad
2615 4196 2858 4258 tempora
2901 4185 3213 4256 pontiﬁcum
3243 4185 3619 4240 Romanorum
3664 4186 3772 4240 sin-

2201 4279 2429 4350 gillatim
2454 4278 2752 4335 ordinanda
2789 4293 2855 4334 ac
2891 4265 3307 4334 demonstranda
3337 4276 3610 4348 capitibus
3656 4276 3775 4332 sub-

2202 4370 2568 4442 sequentibus.

2706 4475 3040 4555 CAPUT
3116 4476 3267 4554 III.

2205 4585 2378 4642 δεῖξαι
2403 4588 2709 4663 pontiﬁcum
2730 4588 3083 4663 Romanorum
3109 4606 3392 4663 eorumque
3440 4591 3781 4663 chronologia

2187 4730 2193 4734 _
2274 4660 2582 4734 proponitur
2609 4659 2911 4734 deducenda
2938 4671 2985 4714 et
3016 4659 3326 4734 stabilienda
3351 4677 3416 4715 ea:
3444 4659 3782 4734 monumento

2276 4726 2484 4800 publica
2514 4727 3062 4800 EcclesimRomague,
3082 4731 3264 4800 adhuc
3296 4731 3576 4800 superstite
3605 4733 3663 4786 in
3691 4733 3778 4785 ba-

2278 4797 2427 4878 silica
2460 4797 2804 4878 patriarchafj
2948 4799 3107 4878 Paujj
3151 4797 3374 4870 apostoli
3411 4801 3497 4854 via
3531 4799 3777 4878 Ostiensi,

2278 4867 2469 4940 ibidem
2495 4869 2664 4940 posito
2702 4867 2818 4940 (ιε.
2846 4868 3018 4925 Leone
3048 4867 3241 4940 Magno
3265 4886 3372 4925 una
3399 4887 3524 4926 cum
3560 4873 3780 4932 musico,

2278 4936 2369 5011 ιιει⁸
2404 4955 2437 4990 a
2481 4936 2796 5011 .Syntmaclco
2828 4955 2965 5011 papa
2995 4941 3121 4994 dum
3143 4936 3299 4994 illam
3322 4940 3547 5009 picturis
3574 4948 3781 4998 ornaret

2279 5007 2460 5080 quinto
2483 5005 2677 5064 Christi
2705 5005 2919 5064 seculo.
3322 5005 3333 5009 ⁷
3381 5064 3383 5066 .

2677 5191 2690 5206 .
2732 5108 3034 5162 SYNOPSIS
3066 5108 3332 5163 CAPITIS.

2204 5187 2229 5206 ς
2271 5189 2440 5206 η--ο--
2488 5195 2529 5206 ,ι
2579 5194 2641 5206 --ι
