3976 6312
128 459 240 533 2535'

851 452 1222 531 iiLANClliNl
1261 469 1580 529 DISSERT.
1615 474 1706 530 DE
1742 473 1903 529 ANT.
1947 474 2062 532 RR.
2106 477 2308 537 ΡΟΝΤ.
2350 480 2691 541 CATALOG.

3295 489 3402 546 254

129 600 330 670 phoro,
359 597 452 668 qui
486 596 732 654 imminet
757 596 1129 653 columnarum
1158 583 1440 668 epistyliis,
1471 595 1721 652 videlicet
1747 609 1796 668 Α
1827 589 2020 662 obtigit
2054 594 2106 649 in
2129 596 2352 666 parietef
2383 601 2586 658 boreaii
2639 603 2972 663 numerando
2994 623 3024 663 a
3057 607 3234 666 fronte
3253 611 3404 665 basi—

131 693 189 748 in
217 691 619 747 orbicularibns
646 690 752 746 illis
792 690 962 762 signis
987 688 1240 746 indicatis
1263 689 1316 746 in
1345 688 1521 744 tabula
1550 705 1604 753 χ,
1635 688 1719 745 lit.

128 784 175 840 (ἶ
202 783 249 839 ii
281 783 494 855 depicta
539 782 908 840 Romanorum
945 779 1259 854 pontiﬁcum
1300 779 1478 850 capita
1502 821 1516 846 ,
1561 778 1721 835 sicuti

128 878 300 933 etiam
330 877 385 932 in
414 876 538 932 aliis
566 875 959 934 orbicuiaribus
980 875 1148 946 signis
1169 873 1255 930 his
1278 872 1632 946 superpositis
1661 880 1721 928 ut

128 969 334 1024 ibidem
373 967 572 1024 litteris
600 968 640 1032 Ι,
671 967 713 1024 L
755 977 812 1025 et
847 966 1048 1022 clarius
1090 963 1495 1024 demonstratur
1526 964 1578 1020 in
1615 963 1720 1019 alia

131 1061 320 1118 tabula
349 1077 408 1116 ιι
439 1061 495 1116 in
527 1059 842 1132 ampliorem
887 1059 1116 1116 formam
1156 1059 1435 1131 designata
1485 1059 1584 1115 sub
1629 1059 1721 1114 lit-

129 1154 263 1210 teris
293 1152 358 1220 Α,
405 1151 468 1220 Β,
512 1153 574 1218 C,
617 1152 684 1220 D,
713 1160 768 1209 et
796 1150 876 1210 sie
917 1152 984 1210 de
1024 1149 1266 1224 reliquis.
1300 1169 1321 1205 ι
1370 1147 1499 1208 Haec
1537 1150 1719 1208 Ciam-

125 1245 312 1316 pinus.

96 1391 98 1401 ς
205 1337 409 1396 Verum
453 1351 520 1392 ex
571 1336 768 1394 tabulis
813 1335 1046 1409 publicis
1075 1377 1092 1407 ,
1128 1320 1307 1395 ea'de
1348 1353 1409 1396 ro
1461 1335 1722 1395 confectis

128 1445 160 1484 a
195 1414 592 1486 commendato
639 1429 842 1488 Jacobo
890 1429 1195 1497 Grimaldi,
1243 1445 1310 1488 ex
1365 1431 1724 1488 destinatione

127 1523 282 1578 Pauli
311 1523 379 1592 ν,
410 1524 625 1581 notario
649 1523 716 1579 ad
765 1524 818 1579 id
853 1525 1094 1581 muneris
1120 1525 1350 1592 delecto,
1383 1524 1540 1596 cujus
1565 1533 1720 1597 auto-

126 1615 399 1689 graphum
423 1615 479 1670 in
499 1615 720 1672 archivo
743 1627 1104 1674 sacrosancta:
1135 1616 1372 1672 basilicae
1392 1616 1720 1675 custoditum

125 1706 421 1763 consulere
467 1721 533 1763 ac
578 1706 888 1764 describere
928 1707 1060 1764 mihi
1104 1707 1431 1779 permissum
1460 1707 1591 1773 fuit,
1625 1724 1720 1763 an-

125 1803 333 1854 nuente
353 1797 788 1853 eminentissimo
806 1809 872 1853 ac
894 1797 1348 1854 reverendissimo
1370 1797 1438 1854 Ι).
1461 1799 1718 1856 cardiuali

124 1885 339 1943 Albano
370 1887 865 1959 archipresbytero,
897 1896 953 1944 et
980 1903 1247 1946 consensu
1281 1889 1445 1944 totius
1467 1904 1717 1945 reveren-

1827 681 1964 750 licze,
1993 689 2275 755 proximus
2303 694 2545 763 pontifex
2566 697 2657 766 qui
2691 709 2916 771 occupat
2953 717 3152 758 nonum
3181 703 3404 757 orbieu~

1824 772 1935 830 lum
1963 776 2278 838 inscribitur
2328 783 2765 858 MARCELLUS,
2809 809 3002 866 nempe
3057 805 3266 866 martyr
3305 796 3406 851 sub

1824 866 2179 941 Diocletiano,
2211 877 2338 932 totis
2360 879 2668 952 quingentis
2695 885 2854 943 annis
2897 887 3164 943 vetustior
3204 888 3405 944 Adria-

1823 974 1895 1014 no
1925 957 1974 1026 l;
2013 961 2206 1020 deinde
2249 969 2497 1038 sequitur
2541 973 2846 1042 AGATON,
2894 978 3140 1034 ducentis
3173 989 3228 1034 et
3258 989 3402 1035 octo-

1823 1050 1972 1120 ginta
2001 1051 2171 1110 ferme
2195 1058 2354 1116 annis
2394 1064 2667 1119 recentior
2694 1066 2966 1135 Marcello,
2999 1079 3053 1126 et
3082 1071 3279 1127 smculo
3307 1071 3397 1126 fer-

1823 1155 1913 1198 me
1956 1144 2128 1218 solido
2157 1153 2467 1219 praecedens
2489 1155 2807 1215 Adrianum.
2842 1159 3027 1232 Neque
3055 1161 3263 1218 felicius
3315 1173 3409 1218 aut

1824 1233 2134 1309 diligentius
2189 1242 2368 1314 pictor
2420 1247 2511 1304 ille
2568 1251 2790 1320 parietis
2851 1253 3082 1311 borcaiis
3142 1258 3410 1326 expressit

1821 1327 2261 1405 chronologiam,
2299 1354 2459 1408 quam
2501 1351 2713 1414 poterat
2743 1345 2930 1402 saltem
2968 1347 3020 1403 in
3067 1350 3408 1419 pontiﬁcibus

1824 1423 2074 1494 repetitis
2099 1431 2332 1486 mutuari
2365 1445 2429 1487 ex
2463 1435 2669 1503 pariete
2705 1437 2950 1494 adverso.
2981 1437 3218 1495 Vidisset
3263 1442 3404 1495 enim

1823 1511 2080 1572 Marcello
2132 1519 2364 1580 tributos
2395 1524 2447 1579 in
2489 1526 2617 1582 sede
2663 1525 2808 1584 Petri
2857 1543 3029 1586 annos
3077 1533 3314 1602 quinque
3355 1541 3410 1586 et

1825 1622 2039 1664 menses
2060 1620 2268 1680 septem
2298 1616 2451 1684 (quot
2477 1619 2638 1675 etiam
2665 1616 2716 1676 in
2749 1623 2976 1677 vetustis
3005 1635 3068 1676 ac
3096 1624 3410 1680 sinceriori-

1821 1698 1922 1754 bus
1951 1700 2222 1774 Catalogis
2259 1711 2652 1783 assignantur),
2685 1729 2787 1772 nec
2830 1717 2896 1770 ad
2927 1719 3236 1773 octennium
3285 1732 3408 1771 cum

1822 1786 2090 1881 bimestri.
2119 1794 2318 1863 spatio,
2350 1809 2406 1854 ut
2440 1802 2560 1873 ipse
2611 1803 2804 1874 pinxit,
2839 1807 3138 1878 prorogari.
3184 1807 3413 1862 Constat

1822 1877 1988 1949 igitur
2019 1877 2258 1953 picturas
2285 1891 2511 1961 parietis
2545 1895 2782 1952 borealis
2817 1897 2994 1952 serius
3017 1896 3183 1953 fuisse
3222 1914 3414 1968 super-

125 1979 338 2035 dissitni
392 1977 612 2050 capituli
652 1980 815 2052 (unde
843 1980 1006 2036 etiam
1051 1980 1310 2037 hauserat
1357 1981 1714 2056 Ciampinus),
1751 2000 1798 2062 Β
1828 1976 2050 2033 additas
2096 1989 2253 2039 actate
2296 1987 2530 2055 sequiori
2560 2027 2575 2054 ,
2625 1989 2840 2059 qualem
2901 1990 3131 2046 vidimus
3183 1991 3412 2046 iudicari

125 2069 376 2143 proferre
397 2070 555 2140 juvat
581 2070 956 2128 recensionem
979 2080 1226 2129 veterum
1252 2075 1584 2144 picturarum
1608 2091 1727 2146 quas

127 2161 199 2218 ibi
229 2162 639 2234 spectabantur.
675 2162 956 2221 Constabit
982 2165 1125 2221 enitn
1153 2166 1353 2222 seriem
1375 2166 1520 2222 illam
1552 2170 1728 2239 ponti-

126 2253 317 2320 ficum,
341 2269 467 2324 qua:
487 2270 654 2326 supra
678 2255 923 2328 epistylia
949 2267 1004 2312 et
1029 2258 1339 2314 coronidem
1354 2259 1728 2317 columnarum

125 2347 437 2402 subiimiori
496 2345 551 2404 in
599 2347 869 2420 stylobate
919 2349 1131 2422 depicta
1177 2361 1318 2418 erat,
1363 2351 1463 2407 sub
1505 2352 1730 2423 picturis

126 2439 354 2498 Veteris
382 2441 722 2498 Testameuti
745 2442 1012 2511 colorata,
1037 2443 1332 2501 indicatam
1358 2445 1554 2502 litteris
1583 2446 1647 2501 iL
1674 2448 1728 2504 in

125 2534 242 2592 tab.
268 2549 305 2589 ι
336 2532 740 2607 Ciamplniana,
760 2535 930 2592 fuisse
951 2537 1311 2608 antiquiorem
1334 2546 1390 2595 et
1406 2537 1730 2610 pertinuisse

128 2627 195 2684 ad
250 2636 475 2684 tetatem
521 2613 770 2686 Formosi
817 2642 1009 2702 papae;
1066 2627 1294 2685 alteram
1341 2646 1472 2688 vero
1531 2625 1727 2690 seriem

125 2719 452 2776 eornn'tdem
489 2721 847 2790 pontificum,
899 2737 1018 2793 quae
1071 2723 1366 2778 constituta
1416 2734 1535 2780 erat
1585 2726 1730 2785 intra

128 2811 455 2867 coronide-tn
487 2822 541 2866 et
563 2814 874 2886 epistylium
918 2815 1127 2870 ordinis
1153 2816 1527 2874 eolutnnarum
1561 2819 1612 2874 in
1637 2835 1730 2876 zo-

124 2907 328 2978 phoro,
370 2906 462 2961 ubi
506 2915 635 2962 sunt
679 2905 872 2964 littera:
913 2907 978 2976 G,
1025 2906 1088 2977 H,
1129 2913 1242 2966 tab.
1270 2929 1302 2966 κ
1332 2913 1472 2984 apud
1499 2912 1732 2986 Clilll‘ipi-

125 3011 287 3062 num,
321 3011 460 3068 opus
503 2997 675 3054 fuisse
707 2998 886 3054 relatis
934 2999 1104 3056 multo
1151 3003 1468 3058 recentloris
1494 3023 1506 3058 :
1537 3006 1733 3077 quippe

124 3103 251 3160 qua:
294 3089 508 3146 Nicolai
547 3092 689 3146 tertii
739 3093 997 3149 mandato
1039 3092 1254 3166 depicta
1292 3097 1364 3154 ibi
1395 3097 1570 3155 fuerat
1607 3103 1732 3158 totis

124 3183 230 3240 £00
279 3185 459 3242 ferme
504 3187 661 3241 annis
705 3192 828 3258 post
868 3187 1067 3244 seriem
1111 3205 1140 3244 a
1190 3189 1451 3248 Formoso
1500 3207 1733 3264 superne

124 3277 478 3350 dispositam.

191 3364 251 3429 5.
314 3372 516 3430 Eadem
569 3372 856 3430 diversitas
896 3371 1076 3430 aetatis
1123 3374 1270 3431 clare
1313 3373 1731 3447 deprehenditur

125 3467 298 3523 etiam
336 3480 478 3521 nunc
523 3465 832 3538 spectabilis
872 3467 925 3521 in
965 3464 1164 3538 duplici
1193 3469 1336 3525 serie
1361 3468 1728 3528 Romanorum

124 3561 450 3617 antistitum
495 3561 550 3615 in
589 3557 814 3616 basilica
861 3559 916 3616 S.
958 3560 1132 3618 Pauli.
1162 3561 1275 3618 Hoc
1306 3577 1472 3618 unum
1505 3565 1732 3621 interest

125 3657 278 3730 quod
312 3655 365 3709 in
393 3652 619 3710 basilica
644 3651 871 3710 Paulina
899 3656 1072 3712 series
1103 3671 1264 3727 supra
1289 3659 1600 3715 coronidem
1625 3662 1730 3717 sita

125 3755 434 3819 exacwque
460 3747 704 3804 referens
729 3748 976 3804 ordinem
1001 3749 1488 3821 et;chronologiam
1519 3767 1726 3820 eorum,

126 3847 254 3902 dem
289 3843 640 3915 pontiﬁcum,
672 3845 726 3899 in
777 3844 986 3916 pariete
1027 3844 1243 3914 quidem
1287 3847 1532 3912 australi,
1573 3856 1628 3902 et
1668 3849 1730 3905 in

126 3938 410 4014 stylobata
433 3939 715 4009 supposito
743 3937 973 4008 picturis
1003 3935 1211 3994 Veteris
1229 3938 1558 3994 Testamenti
1587 3939 1726 3995 refe-

126 4035 309 4090 renda
340 4030 555 4086 videtur
583 4029 650 4084 ad
679 4031 926 4099 quintum
957 4027 1161 4086 Christi
1188 4026 1472 4097 sacculum,
1506 4040 1566 4085 ut
1592 4029 1728 4086 infra

125 4118 458 4188 ostendam;
488 4118 556 4176 ad
583 4119 725 4192 quod
755 4118 1012 4175 saeculum
1059 4118 1224 4176 dubio
1271 4118 1461 4192 procul
1496 4120 1729 4192 pertinet

125 4216 413 4273 musivum
465 4227 626 4269 arcus
673 4213 1038 4284 triumphalis,
1090 4213 1268 4269 eidem
1299 4214 1494 4286 parieti
1541 4215 1727 4285 proxi-

125 4323 309 4375 mum,
347 4308 405 4363 in
428 4305 619 4362 eadem
657 4307 783 4362 navi
811 4305 1061 4362 mediana
1099 4314 1416 4362 memoratae
1466 4307 1726 4377 basilicze,

125 4404 180 4458 in
209 4415 332 4473 quo
353 4398 535 4455 adhuc
558 4399 807 4470 leguntur
837 4397 1056 4454 nomina
1081 4399 1286 4456 Leonis
1308 4398 1484 4472 Magni
1518 4409 1572 4454 et
1606 4399 1730 4455 Pla-

124 4494 291 4552 cidia:
309 4495 592 4563 Augustae,
614 4497 752 4562 opus
774 4490 828 4546 id
859 4490 1045 4562 perﬁci
1064 4491 1408 4563 jubentium;
1444 4491 1498 4548 in
1522 4493 1729 4563 pariete

124 4599 318 4648 autem
369 4587 625 4652 adverso,
663 4586 730 4642 ad
777 4583 991 4657 plagam
1023 4585 1237 4643 scilicet
1279 4587 1552 4642 borealem
1595 4588 1723 4652 sito,

1831 2071 1994 2126 etiam
2029 2091 2127 2145 per
2155 2090 2517 2135 marmoream
2560 2081 2907 2154 epigraphem
2951 2083 3191 2154 ejusdem
3232 2084 3417 2139 lateris

1831 2164 2090 2232 borcalis,
2115 2168 2348 2225 barbaro
2371 2172 2510 2245 styio
2540 2173 2934 2230 deformantem
2965 2175 3184 2230 brevem
3213 2173 3414 2244 episto-

1830 2255 1939 2314 lam
1971 2258 2218 2333 Gregorii
2247 2264 2422 2332 tertii,
2455 2280 2485 2320 a
2514 2266 2672 2324 nobis
2706 2267 2970 2340 prolatam
2999 2269 3051 2323 in
3102 2267 3418 2339 praefatione

1836 2352 1964 2410 Ionii
1995 2356 2155 2426 primi
2212 2373 2439 2415 numero
2488 2360 2576 2416 38.
2619 2361 2977 2418 Vetustiorem
3031 2364 3192 2431 igitur
3221 2363 3416 2416 seriem

1831 2460 1897 2502 ac
1925 2449 2191 2519 superiori
2243 2450 2363 2507 loco
2395 2453 2632 2523 positam
2664 2455 2720 2510 in
2766 2455 2994 2511 basilica
3049 2455 3108 2509 S.
3149 2454 3301 2510 Pauli
3332 2455 3416 2507 via

1837 2538 2073 2596 Ostiensi
2112 2558 2234 2598 eum
2287 2545 2650 2616 appellavero,
2685 2547 2978 2620 intelligam
3029 2548 3269 2604 indicare
3323 2564 3418 2618 ge-

1834 2635 2057 2690 nuinam
2086 2635 2255 2704 illam,
2299 2653 2474 2709 neque
2518 2640 2782 2697 hactenus
2809 2639 3186 2709 deformatam,
3216 2655 3334 2710 quze
3366 2641 3416 2696 in

1832 2727 2042 2798 pariete
2074 2727 2299 2785 australi
2344 2745 2375 2785 a
2403 2731 2464 2786 B.
2502 2730 2665 2786 Petro
2697 2741 2944 2787 numerat
2974 2732 3259 2802 pontiﬁces
3288 2733 3421 2787 duos

1833 2827 1887 2874 et
1913 2821 2268 2894 quadraginta
2298 2840 2469 2895 usque
2499 2826 2567 2882 ad
2607 2824 2666 2882 S.
2699 2825 3066 2882 innocentium
3103 2824 3220 2895 ejus
3249 2825 3418 2879 nomi-

1834 2911 1918 2967 nis
1937 2916 2192 2983 primum.
2221 2915 2570 2987 Adjectitiam
2597 2932 2726 2972 vero
2749 2925 2982 2988 partem,
3007 2916 3242 2987 sequiori
3264 2925 3420 2970 relate

1832 3003 2085 3077 positam,
2115 3023 2176 3063 ac
2208 3009 2495 3065 manifeste
2523 3009 2788 3076 vitiatam,
2823 3009 3138 3082 perturbato
3158 3008 3347 3064 ordine
3367 3019 3421 3064 et

1839 3102 2116 3170 perversis
2164 3101 2307 3158 notis
2369 3102 2764 3174 chronologicis
2820 3099 2872 3157 in
2933 3101 3161 3156 adverso
3217 3101 3422 3171 pariete

1834 3191 2040 3248 borcali
2103 3193 2304 3264 pictam
2360 3203 2619 3266 tanquam
2680 3193 3026 3264 rbapsodiam
3067 3189 3417 3255 inconditam,

1835 3284 1990 3354 cujus
2024 3299 2199 3354 neque
2228 3293 2443 3351 auctor,
2473 3298 2648 3358 neque
2671 3283 2971 3357 exemplar,
2992 3283 3098 3338 imo
3122 3297 3220 3337 nec
3245 3295 3421 3336 exem-

1831 3375 1977 3446 plum
2008 3377 2172 3431 ullum
2204 3379 2570 3450 cognoscitur,
2601 3377 2762 3435 nihili
2793 3376 3116 3444 habendam,
3142 3390 3210 3434 ex
3237 3373 3421 3446 regula

1834 3467 2069 3523 secunda
2099 3470 2292 3539 capitis
2316 3469 2633 3541 superioris.

1909 3559 1960 3616 6.
1994 3561 2197 3618 Subter
2218 3578 2337 3618 eam
2371 3563 2569 3618 seriem
2600 3562 2972 3627 vetustiorem,
3014 3558 3209 3617 saeculo
3233 3559 3420 3630 quinto

1830 3652 2024 3724 parieti
2057 3652 2281 3710 australi
2309 3653 2763 3724 commendatam,
2809 3653 2915 3709 alia
2950 3653 3120 3710 series
3150 3652 3422 3707 recentior

1833 3750 2042 3820 adjecta
2085 3748 2187 3803 fuit
2213 3763 2242 3802 a
2294 3745 2516 3803 Nicolao
2561 3745 2680 3816 ejus
2721 3745 2958 3802 nominis
2985 3746 3144 3802 tertio
3173 3745 3334 3800 etiam
3366 3745 3419 3799 in

1832 3846 2056 3902 basilica
2085 3844 2141 3900 S.
2173 3844 2360 3908 Pauli;
2390 3857 2564 3914 eaque
2590 3857 2620 3898 a
2650 3842 2710 3899 S.
2743 3842 2905 3898 Petro
2940 3841 3007 3898 ad
3028 3848 3422 3914 consequentes

1831 3938 2117 4009 pontiﬁces
2147 3936 2339 3992 ordine
2365 3951 2604 4006 congruo
2631 3936 2940 4004 deducitur,
2985 3935 3212 4005 adjectis
3257 3935 3421 3989 etiam

1832 4029 1979 4084 notis
2004 4026 2404 4098 chronologicis
2433 4042 2529 4096 per
2557 4025 2769 4082 litteras
2793 4027 3014 4099 afﬂictas
3044 4035 3102 4081 ut
3129 4035 3348 4092 vocant,
3369 4033 3422 4082 et

1831 4121 2124 4179 barbarico
2162 4120 2324 4176 ductu
2357 4119 2546 4191 (prout
2576 4134 2641 4175 ea
2686 4118 2937 4174 ferebant
2978 4119 3242 4191 tempora)
3267 4120 3422 4174 defor

1833 4228 1970 4270 mes.
2003 4211 2197 4267 Verum
2229 4215 2284 4266 et
2317 4211 2544 4282 pictura:
2584 4217 2640 4266 et
2686 4208 2880 4264 litterae
2906 4207 3178 4280 pleraeque
3208 4207 3416 4264 decide-

1831 4313 1983 4372 runt,
2020 4319 2143 4361 cum
2171 4303 2289 4359 calx
2327 4315 2521 4359 recens
2545 4300 2929 4372 superinducta
2958 4299 3186 4356 vetustis
3203 4299 3421 4372 parieti-

1831 4397 1943 4464 nis,
1985 4407 2040 4453 et
2099 4411 2268 4470 gypso
2297 4396 2542 4461 subacta,
2602 4407 2711 4455 non
2755 4393 2887 4450 satis
2932 4399 3058 4463 apte
3111 4385 3414 4448 cobmserit.

1832 4487 1991 4546 Nulla
2022 4496 2202 4544 tamen
2248 4486 2466 4558 jactura
2499 4485 2602 4542 fuit
2646 4485 2903 4553 historiae,
2934 4494 3024 4540 aut
3059 4482 3421 4554 ehronologite

1831 4585 1886 4640 in
1924 4592 2275 4639 monumento
2304 4580 2439 4636 adeo
2467 4579 2696 4646 recenti,
2739 4579 2829 4636 ubi
2855 4579 3136 4649 antiquum
3166 4577 3314 4641 illud,
3351 4575 3417 4630 ad

125 4681 306 4741 mdes
353 4679 671 4753 pontiﬁcum
711 4680 1026 4750 perturbate
1062 4679 1320 4750 disposita
1365 4694 1467 4750 per
1506 4680 1726 4750 imperi-
1755 4657 1805 4718 θ
1832 4675 2092 4732 saeculum
2134 4671 2347 4728 Leonis
2395 4669 2574 4741 Magni
2621 4669 2986 4736 referendum,
3027 4667 3307 4741 potissima
3336 4666 3417 4723 sui

120 4783 248 4835 tum
280 4776 522 4849 aliquem
559 4782 864 4828 curatorem
899 4773 1099 4846 operis,
1131 4773 1221 4844 qui
1251 4773 1488 4845 sequiori
1520 4774 1718 4829 sarculo

121 4868 366 4946 inplere
391 4867 564 4924 voluit
600 4873 856 4921 vacantes
882 4880 1041 4921 areas
1068 4864 1422 4931 orbieniares,
1456 4874 1550 4920 ant
1575 4864 1720 4920 labe-

119 4961 338 5021 ﬁctata
366 4959 641 5032 pigmenta
673 4957 900 5030 parietis
923 4956 1135 5014 adversi
1163 4956 1486 5024 assimilare,
1514 4955 1715 5013 infelici

123 5055 294 5131 plane
318 5061 521 5111 conatu
547 5051 726 5107 omnia
751 5049 1172 5118 commiscendo,
1206 5050 1343 5105 citra
1369 5049 1528 5104 ullam
1563 5051 1711 5105 ordi-

122 5146 216 5206 ris
241 5150 340 5202 aut
377 5143 742 5212 cbronologim
777 5143 1232 5208 observationem,
1278 5143 1555 5214 proximos
1602 5141 1723 5198 loco

122 5236 650 5310 exhibet'pontiiiees
673 5237 915 5306 pluribus
936 5236 1149 5292 saeculis
1173 5235 1401 5292 invicem
1425 5236 1718 5304 scjunctos,

119 5335 429 5406 pluresque
460 5331 657 5404 repetit
683 5345 970 5402 expressos
996 5345 1096 5386 suo
1124 5329 1240 5386 loco
1275 5329 1328 5384 in
1355 5331 1546 5386 eadem
1581 5330 1722 5387 serie

122 5428 330 5486 Saenia
378 5425 574 5500 quinto
641 5426 852 5499 depicta
901 5425 956 5480 in
1017 5425 1224 5496 pariete
1276 5424 1518 5480 australi.
1585 5423 1720 5479 Nam

123 5507 373 5576 Adriano
401 5505 526 5590 ejus
571 5517 805 5574 nominis
839 5509 1036 5588 primo,
1069 5517 1155 5573 cui
1190 5525 1414 5572 octavus
1443 5515 1720 5572 orbiculus

1824 4780 1979 4843 parte
2003 4769 2268 4840 integrum
2301 4773 2531 4822 constat.

1898 4861 2176 4936 Duplicem
2233 4861 2397 4931 igitur
2437 4857 2634 4914 seriem
2674 4852 2910 4912 Paulina;
2935 4849 3195 4917 basilicm,
3225 4866 3418 4920 nempe

1821 4957 2150 5014 Leonianam
2196 4951 2352 5007 illam
2409 4947 2828 5005 vetustissimam
2875 4959 3037 5015 supra
3083 4941 3414 5019 coronidcm,

1821 5063 1874 5109 et
1906 5044 2260 5106 recentiorem
2290 5063 2320 5101 a
2350 5041 2444 5098 Nic
2465 5041 2586 5099 olao
2621 5038 2780 5092 tertio
2818 5033 3116 5106 appositam
3145 5033 3284 5088 infra
3318 5050 3435 5092 co-.

1830 5144 2072 5200 ronidcm
2105 5142 2158 5198 in
2187 5138 2470 5212 epistyliis,
2518 5132 2886 5192 imitabantur
2926 5129 3042 5184 duae
3079 5127 3181 5184 illac
3211 5139 3396 5199 specta

1829 5238 1962 5294 biles
1993 5239 2044 5296 in
2080 5236 2360 5296 Vaticana,
2403 5243 2630 5300 quarum
2677 5226 2928 5298 superior
2955 5225 3214 5280 Formosa
3241 5239 3412 5293 νίψω,

1829 5329 2058 5385 inferior
2084 5327 2261 5382 eidem
2293 5321 2514 5378 Nicoiao
2547 5320 2705 5376 tertio
2737 5320 3000 5381 tribuitur
3039 5319 3202 5374 etiam
3245 5318 3296 5371 in
3330 5324 3411 5368 ta-

1826 5421 1968 5478 bulis
2005 5419 2233 5492 publicis
2259 5417 2523 5475 Grimaldi
2568 5415 2787 5484 notarii,
2827 5413 2958 5470 folio
3012 5412 3106 5467 itii
3159 5412 3232 5466 ita
3282 5422 3408 5479 pcr-

1825 5514 2062 5584 scriptis.
