3976 6312
63 416 167 475 εεγ

802 416 1174 479 BLANCHINI
1213 415 1530 477 DlSSERT.
1572 413 1661 476 DE
1698 415 1859 474 ANT.
1897 415 2012 474 RR.
2052 415 2254 477 PONT.
2295 419 2635 481 CATALOG.

3242 413 3350 484 258

136 552 156 585 ‹
185 531 315 589 Hoc
343 547 498 590 anno
528 534 712 608 (1610)
736 536 981 592 navicula
1013 537 1066 593 in
1090 538 1230 593 atrio
1254 553 1417 592 manu
1438 535 1564 592 Jotti
1591 536 1671 607 pi-
1695 538 1746 596 Δ
1773 544 1828 589 et
1853 534 2050 590 indicia
2079 545 2332 607 suggeret
2378 538 2444 592 ad
2490 548 2704 595 aetatem
2761 547 2926 612 atque
2973 540 3351 599 auctoritatem

66 624 236 680 ctoris
281 625 503 696 egregii
555 627 766 682 musivo
806 626 1016 693 effecta,
1058 643 1158 698 pro
1198 643 1306 698 quo
1344 642 1508 697 opere
1566 627 1672 681 duo

69 717 232 782 millia
264 727 327 773 et
382 719 648 775 ducentos
694 719 928 776 florenos
977 721 1210 777 Jacobus
1244 722 1394 777 card.
1443 719 1672 790 Stepha-

70 824 250 874 nesca,
273 808 498 866 Nicolai
526 809 592 866 lll
614 827 903 882 pronepos,
932 812 998 868 de
1034 828 1134 868 suo
1175 813 1526 884 expenderat,
1569 811 1674 867 fuit

69 908 214 968 septa
241 899 421 972 lignis
446 902 761 974 optimeque
785 904 1016 969 munita,
1045 913 1102 960 et
1119 919 1285 976 super
1306 904 1502 970 ruinis,
1551 918 1671 972 quae

73 1001 313 1046 montem
339 991 665 1060 effecerant,
691 994 952 1071 translata
982 995 1104 1061 fuit,
1137 1014 1156 1047 ›
1190 1003 1296 1051 etc.

142 1098 161 1130 ι
195 1081 259 1135 In
288 1083 479 1138 muris
501 1098 665 1154 super
693 1085 991 1156 majoribus
1015 1085 1282 1142 columnis
1303 1087 1493 1143 mediae
1515 1086 1670 1142 navis

73 1179 222 1225 erant
245 1171 493 1240 picturae
521 1172 768 1230 Formosi
798 1189 968 1245 papae.
996 1174 1054 1229 ln
1084 1183 1238 1245 parte
1267 1175 1490 1231 dextera
1513 1191 1669 1245 egre-

75 1264 264 1320 diendo
294 1267 591 1322 basilicam
619 1276 774 1323 erant
815 1269 1058 1324 historiae
1102 1267 1238 1323 Novi
1289 1267 1621 1324 Testamenti
1651 1286 1665 1320 :

77 1355 320 1424 sedquia
376 1373 574 1413 murus
597 1356 881 1428 pendebat,
906 1367 960 1414 et
989 1357 1162 1414 facilis
1209 1367 1330 1414 erat
1375 1359 1443 1414 ad
1488 1373 1547 1414 se
1595 1358 1669 1414 ibi

76 1446 455 1516 glutinandum
489 1488 506 1515 ,
556 1449 648 1504 vix
698 1449 1077 1506 cernebantur.
1147 1449 1371 1520 Aliquas
1445 1451 1664 1506 notavi:

76 1536 331 1607 Apparuit
358 1537 609 1592 undecim
631 1538 987 1610 apostolis.—
1005 1539 1294 1595 Descensus
1321 1539 1390 1593 ad
1429 1539 1664 1594 limbum.

78 1627 468 1700 —Baptismus
488 1631 544 1684 in
573 1631 809 1686 Iordane
829 1648 849 1698 ;
871 1640 927 1688 et
953 1647 1116 1703 super
1133 1641 1381 1703 quartam
1409 1640 1465 1688 et
1507 1633 1667 1703 quin-

78 1728 178 1775 tam
207 1721 530 1777 columnam
561 1732 682 1779 erat
711 1723 1011 1780 Cruciﬁxus
1043 1725 1250 1796 pariter
1274 1726 1518 1797 depictus
1542 1742 1664 1782 cum

82 1811 278 1867 duobus
304 1812 658 1883 latronibus;
691 1814 833 1870 infra
864 1831 1026 1886 quem
1069 1817 1431 1872 cernebantur
1486 1816 1663 1886 capita

81 1903 458 1973 antiquissima
489 1905 700 1976 depicta
727 1905 1096 1977 apostolorum
1124 1905 1364 1963 Simonis
1391 1915 1446 1961 et
1474 1904 1657 1962 Iudae:
1694 1891 1737 1950 Β

83 2005 197 2051 ante
219 1995 670 2052 accendebantur
695 1995 897 2052 lumina
919 1997 972 2053 in
1004 1997 1142 2054 festo
1167 1996 1480 2054 eorumdem
1532 2013 1663 2069 apo-

83 2083 359 2140 stolorum.
389 2085 451 2140 In
486 2085 657 2142 altero
681 2101 812 2143 vero
837 2087 1062 2157 pariete,
1109 2100 1270 2158 quem
1302 2087 1509 2156 pariter
1533 2103 1664 2157 pen-

86 2179 282 2234 dentem
311 2178 499 2250 pulvis
526 2179 801 2235 oll‘endere
827 2195 935 2235 non
985 2188 1200 2250 poterat
1227 2194 1243 2234 :
1266 2179 1405 2234 Area
1455 2179 1661 2246 diluvii,

83 2271 348 2326 inundatio
378 2289 662 2344 aquarum.
689 2301 760 2313 —
779 2270 876 2327 Lot
903 2272 1170 2342 egreditur
1199 2271 1264 2326 de
1307 2270 1572 2327 Sodomis.
1595 2300 1664 2310 —

86 2363 338 2418 Abraham
361 2375 472 2420 tres
513 2365 638 2419 uidit
681 2375 728 2420 et
775 2381 938 2420 unum
985 2363 1244 2419 adoravit.
1268 2362 1663 2417 ——-lmmolatio

85 2450 250 2509 Isaac.
274 2485 352 2495 —
379 2453 591 2526 Moyses
613 2464 660 2509 et
685 2453 866 2509 Aaron
909 2453 1193 2525 loquuntur
1213 2454 1282 2508 ad
1305 2451 1662 2517 Pharaonem,

89 2557 135 2600 st
154 2547 385 2602 dimittat
412 2548 684 2620 populum.
712 2577 784 2588 —
811 2545 1016 2617 Moyses
1038 2558 1086 2602 et
1107 2547 1286 2601 Aaron
1313 2547 1508 2616 virgam
1554 2560 1665 2598 ver-

86 2646 190 2695 tunt
209 2643 263 2696 in
287 2651 606 2712 serpentem,
639 2660 658 2695 ι
687 2650 794 2697 etc.
827 2640 1083 2710 Sequitur
1111 2640 1244 2695 alias
1273 2639 1441 2694 Exodi
1491 2638 1664 2693 histo-

86 2731 187 2788 rias
208 2749 560 2799 enumerans,
589 2732 661 2788 ibi
691 2732 953 2802 depictas,
983 2731 1036 2786 in
1063 2732 1173 2788 tab.
1197 2731 1463 2800 Ciampini
1506 2746 1557 2792 χ,
1610 2729 1664 2784 in

88 2825 221 2880 areis
254 2825 567 2896 quadratis;
596 2833 711 2879 tum
732 2824 851 2879 haec
881 2823 1067 2880 subdit
1093 2823 1161 2879 de
1183 2822 1324 2878 serie
1349 2819 1666 2893 pontificum

89 2921 371 2976 vetustiori
393 2920 462 2975 ibi
484 2919 564 2974 lit.
593 2917 635 2974 Ι.
659 2918 723 2975 L.

156 3029 173 3062 ε
205 3009 352 3064 Infra
379 3010 478 3066 has
517 3010 757 3080 picturas
800 3016 957 3065 erant
982 3008 1160 3079 capita
1186 3006 1499 3080 pontiﬁcum
1541 3019 1665 3061 cum

93 3110 259 3158 manto
279 3118 437 3158 more
456 3103 828 3173 antiquorum,
853 3118 976 3158 cum
1002 3101 1331 3167 nominibus,
1367 3100 1516 3156 verbi
1542 3114 1666 3169 gra-

97 3195 157 3248 tia
187 3213 200 3248 :
237 3196 466 3252 Siricius
486 3197 619 3252 sedit
645 3213 773 3252 ann.
804 3213 893 3265 xv,
922 3215 1088 3254 mens.
1133 3215 1184 3265 v,
1208 3198 1264 3252 ά.
1291 3212 1363 3252 xx
1410 3196 1664 3268 (Anasta-

97 3287 188 3342 sius
211 3290 344 3344 sedit
370 3288 593 3362 unm...)
623 3287 779 3344 Felix
798 3290 930 3345 sedit
949 3308 1076 3345 ann.
1105 3305 1144 3357 ι,
1197 3307 1408 3344 mens...
1461 3287 1664 3358 (Julius

100 3380 211 3433 sedit
229 3399 430 3439 eum...
464 3381 748 3454 (Eusebius
791 3384 927 3438 sedit
968 3383 1191 3455 ann....)
1240 3383 1486 3438 Ormisda
1531 3381 1664 3438 sedit

160 3558 389 3619 Tandem
418 3564 753 3622 descendens
779 3567 848 3622 ad
877 3565 1190 3622 inferiorem
1220 3565 1414 3621 seriem
1443 3581 1663 3620 eorum-

102 3648 558 3725 dempontiﬁcum,
582 3655 736 3726 jussu
759 3655 963 3713 Nicolai
1006 3656 1072 3711 lll
1123 3656 1174 3711 in
1227 3657 1465 3727 zophoro
1512 3665 1565 3712 ct
1611 3656 1665 3711 in

103 3741 342 3815 epistyliis
371 3745 708 3816 dispositam,
732 3745 806 3801 ita
833 3747 1041 3803 scribit.
1151 3803 1153 3805 .

164 3851 181 3885 ς
211 3833 264 3889 ln
290 3836 530 3906 zophoro
550 3836 743 3891 musivi
765 3837 944 3908 operis
963 3852 1122 3907 supra
1144 3837 1439 3909 peristyliis
1459 3837 1664 3894 colum-

106 3939 270 3982 narum
295 3937 457 3983 erant
479 3937 614 3984 rotae
637 3944 760 3984 cum
786 3929 1115 4000 imaginibus
1141 3945 1478 3985 suuunorum
1528 3945 1663 3998 pon-

107 4017 303 4087 titicum,
335 4036 496 4091 quas,
520 4029 580 4076 ut
604 4021 776 4091 inquit
801 4020 1060 4092 Mapheus
1085 4019 1337 4093 Veggius,
1367 4021 1515 4092 pingi
1537 4021 1665 4077 fecit

107 4106 328 4169 Nicolaus
354 4113 442 4168 ΙΙΙ.
473 4113 532 4169 In
559 4112 727 4168 latere
753 4112 977 4168 sinistro
1006 4113 1336 4184 egrediendo
1382 4113 1664 4169 basilicam

105 4200 441 4273 Pius,‘Soter,
471 4206 818 4273 Eleutherus,
852 4205 1054 4274 Victor,
1108 4206 1454 4276 Zephirinus,
1499 4205 1692 4274 Calli-_

107 4305 219 4363 stus,
250 4299 524 4366 Urbanus,
543 4300 838 4365 Antherus,
866 4299 1183 4366 Pontianus,
1218 4298 1509 4367 Favianus,
1534 4299 1666 4356 Cor-

111 4385 488 4461 nelius:supra
507 4391 784 4462 peristylio
837 4390 1105 4446 Africana:
1147 4389 1408 4460 columna:
1445 4389 1662 4458 Lucius,

109 4475 408 4550 Stephanus,
467 4481 676 4548 Sixtus,
712 4483 1024 4555 Dionysius,
1059 4481 1235 4547 Felix,
1288 4481 1661 4550 Eutichianus,

1775 625 2051 694 utriusque
2072 627 2230 682 seriei
2257 626 2752 686 demonstrandam.
2799 632 2963 689 Plane
3006 633 3353 705 intelligimus

1773 731 1839 770 ex
1870 717 2104 772 narratis
2139 733 2203 773 ac
2231 719 2519 790 descriptis
2541 737 2571 776 a
2598 722 2894 790 Grimaldo,
2923 725 3292 780 ac‘delineatis
3313 741 3342 780 a

1773 805 2074 877 Ciampino,
2103 821 2369 864 servatam
2399 810 2562 867 fuisse
2597 813 2843 868 eamdem
2891 811 3004 869 fere
3036 813 3351 869 methodum

1771 899 2076 953 ornamenti
2129 901 2283 956 navis
2325 903 2586 956 medianae
2629 905 2682 958 in
2729 915 2956 974 utraque
2994 903 3238 970 basilica,
3297 905 3350 961 in

1771 988 2034 1044 columnis
2056 999 2110 1043 et
2130 989 2184 1044 in
2211 991 2454 1060 picturis,
2491 1001 2597 1046 tam
2624 1009 2786 1064 supra
2811 1010 2978 1066 quam
3019 995 3161 1049 infra
3190 1009 3350 1051 coro-

1771 1081 1951 1136 nidem
1979 1083 2356 1139 exhibentibus
2380 1085 2694 1154 pontiﬁcum
2734 1088 3015 1159 imagines,
3055 1102 3352 1158 eorumque

1771 1170 1967 1226 seriem
2001 1172 2325 1240 ordinatam,
2349 1185 2404 1230 et
2424 1177 2567 1232 notis
2589 1177 2980 1248 cbronologicis
3000 1179 3347 1252 insignitam:

1771 1278 1872 1318 ncc
1901 1280 2005 1320 non
2033 1264 2086 1318 in
2109 1265 2322 1320 caeteris
2349 1268 2598 1337 picturis,
2627 1269 2876 1325 biblicam
2903 1271 3181 1326 historiam
3205 1269 3354 1327 refe-o.

1772 1355 2019 1411 rentibus
2047 1373 2209 1427 supra
2233 1358 2430 1413 seriem
2463 1360 2777 1430 pontiﬁcum
2804 1363 3184 1429 vetustiorem;
3210 1360 3346 1418 etin

1769 1453 2157 1520 prophetarum
2188 1453 2538 1523 imaginibus,
2563 1448 2628 1508 ad
2655 1453 2949 1509 colosseam
2973 1461 3238 1511 staturam
3264 1469 3354 1511 su-

1770 1556 1937 1612 perne
1956 1543 2216 1608 extensis,
2235 1551 2290 1598 et
2307 1542 2665 1600 fenestrarum
2686 1545 2972 1600 interstitia
2993 1546 3091 1600 sub
3113 1544 3350 1614 laqueari

1769 1629 2136 1701 implentibus,
2169 1632 2356 1703 quales
2383 1643 2670 1704 supersunt
2706 1635 2761 1689 in
2808 1633 3050 1690 basilica~
3081 1633 3140 1688 8.
3177 1632 3349 1687 Pauli.

1842 1723 1894 1777 7.
1927 1722 2104 1778 Nostri
2137 1727 2441 1796 argumenti
2468 1734 2551 1781 est
2586 1725 2837 1795 prosequi
2892 1725 3204 1797 diligentius
3251 1739 3350 1779 au-

1770 1816 2073 1871 ctoritatem
2105 1817 2387 1886 utriusque
2413 1817 2574 1873 seriei
2624 1816 2698 1870 ita
2739 1805 3022 1881 ordinata},
3057 1816 3352 1872 .rccentius

1768 1910 1982 1979 quidem
2010 1924 2107 1979 per
2127 1908 2409 1966 Nicolaum
2453 1910 2599 1964 lll'in
2631 1917 2861 1978 utraque
2907 1908 3154 1974 basilica,
3203 1909 3350 1964 anti-

1766 2000 1948 2069 quitus
1973 2014 2104 2054 vero
2137 2015 2234 2070 per
2255 1999 2576 2056 Formosum
2610 2000 2664 2054 in
2695 1999 2975 2066 Vaticana,
3007 2009 3062 2056 et
3098 2014 3194 2070 per
3218 1998 3352 2056 Leo-

1766 2108 1887 2148 nem
1915 2092 2167 2164 Magnum
2195 2093 2277 2148 vel
2311 2093 2693 2164 Symmachum
2718 2093 2770 2148 in
2794 2091 3041 2147 Paulina.
3150 2153 3154 2158 ,

1836 2182 1958 2239 Uta
1990 2186 2146 2240 nobis
2171 2185 2415 2256 proxima
2473 2193 2528 2239 et
2570 2200 2664 2254 per
2715 2183 2996 2240 Nicolaum
3043 2182 3109 2238 lll
3161 2190 3353 2238 curata

1764 2274 2132 2339 exordiamur,
2179 2289 2344 2344 quam
2389 2289 2580 2329 omnes
2624 2274 2794 2330 ferme
2852 2274 3182 2328 recentiores
3231 2279 3356 2341 post

1766 2366 2107 2437 Tcmpestam
2137 2367 2400 2436 pictorem
2424 2376 2478 2421 et
2510 2367 2820 2430 incisorem,
2865 2365 3052 2420 relicta
3086 2362 3351 2434 superiori

1765 2474 1830 2514 ac
1850 2459 2154 2524 vetustiori,
2188 2466 2374 2528 utpote
2398 2474 2429 2513 a
2459 2467 2751 2527 conspectu
2793 2457 2965 2528 magis
2994 2466 3223 2521 remota,
3255 2471 3353 2511 ex-

1708 2607 1709 2610 η
1764 2551 2061 2617 cuderunt;
2089 2551 2377 2606 dolendum
2423 2558 2504 2607 est
2556 2550 2844 2605 artiﬁcesa
2873 2547 3094 2605 Nicolao
3136 2547 3350 2603 adhibi-

1767 2652 1851 2698 tos
1871 2683 1885 2709 ,
1917 2643 2008 2714 qui
2037 2642 2167 2698 satis
2197 2650 2388 2698 exacte
2417 2641 2767 2696 reddiderunt
2815 2655 3072 2696 numeros
3122 2640 3355 2696 chrono-

1767 2733 1967 2806 logicos
1994 2733 2047 2788 in
2070 2733 2210 2789 serie
2232 2732 2515 2788 vetustiori
2545 2747 2853 2803 expressos,
2901 2733 3091 2788 eadem
3136 2730 3242 2786 ﬁde
3289 2745 3356 2786 ac

1767 2824 2042 2895 diligentia
2068 2839 2175 2878 non
2207 2823 2374 2878 fuisse
2409 2823 2651 2878 imitatos
2683 2831 3001 2878 ornamenta
3053 2821 3354 2892 imaginum

1766 2935 1887 2990 qua:
1917 2918 1970 2973 in
1997 2919 2218 2988 antiqua
2267 2917 2408 2973 serie
2457 2917 2767 2987 incorrupta
2823 2917 2998 2971 adhuc
3037 2921 3352 2985 supersunt.

1769 3010 2042 3065 Vidissent
2067 3010 2308 3080 profecto
2333 3024 2436 3066 nec
2465 3008 2525 3064 8.
2554 3008 2834 3072 Silvestro,
2877 3023 2977 3064 nec
3025 3008 3355 3065 successori-

1766 3103 1867 3158 bus
1886 3118 2056 3173 usque
2075 3103 2142 3158 ad
2163 3102 2420 3159 saeculum
2442 3102 2642 3158 Christi
2666 3102 2938 3158 decimum
2959 3101 3355 3174 aptatasfuisse

1769 3209 1800 3249 a
1827 3194 2122 3265 majoribus
2145 3194 2346 3250 nostris
2378 3193 2544 3249 tiaras
2579 3193 2698 3249 illas
2730 3193 2997 3265 ingentes,
3039 3192 3125 3248 vel
3156 3171 3352 3258 nudas,

1769 3283 1856 3339 vel
1884 3293 2171 3342 coronatas
2201 3285 2320 3356 (seu
2350 3285 2636 3355 pingerent
2657 3284 2949 3352 coloribus,
2986 3299 3081 3341 seu
3127 3284 3354 3340 musivis

1767 3375 2025 3431 crustulis
2055 3383 2518 3446 coagmentarent,
2555 3373 2670 3430 sive
2696 3375 2858 3430 etiam
2909 3376 2962 3430 in
3015 3375 3350 3430 numismati-

1764 3464 1867 3520 bus
1895 3465 2156 3521 cudereut
2180 3464 2359 3520 vultus
2387 3464 2749 3536 pontiﬁcum),
2774 3481 2913 3538 quas
2934 3466 3034 3537 ipsi
3060 3481 3158 3522 suo
3181 3473 3356 3521 marte

1765 3554 2152 3626 procudebant,
2179 3563 2235 3609 et
2262 3563 2448 3610 contra
2474 3555 2632 3612 ﬁdem
2662 3556 3001 3625 picturarum
3032 3567 3087 3612 et
3109 3555 3353 3612 musivo-

1769 3645 2082 3702 rum'Urbis
2102 3647 2279 3703 adhuc
2299 3647 2652 3719 superstitum
2684 3649 2974 3714 addebant,
3018 3649 3354 3705 transferen-

1769 3749 1849 3794 tes
1877 3755 2033 3795 usum
2072 3739 2246 3794 aetatis
2273 3755 2408 3804 sua},
2455 3740 2780 3810 octingentis
2835 3741 2993 3796 annis
3020 3757 3050 3794 a
3084 3740 3355 3796 Leoniano

1766 3829 2206 3895 szcculo;dissit:c,
2231 3837 2286 3885 et
2311 3829 2431 3900 plus
2455 3845 2618 3899 quam
2661 3831 2950 3899 nongentis
2991 3832 3058 3883 ab
3105 3838 3260 3885 actate
3291 3828 3351 3884 S.

1767 3919 2036 3985 Silvestri,
2061 3920 2130 3973 ad
2151 3935 2215 3974 ea
2241 3928 2480 3989 tempora
2507 3920 2811 3990 superiora.
2839 3920 3024 3976 Satius
3045 3919 3236 3976 fuisset
3269 3920 3352 3974 in-

1766 4013 1973 4082 sp’icere
2003 4012 2292 4083 imaginem
2333 4011 2556 4066 Honorii
2583 4013 2624 4078 Ι,
2659 4013 2900 4083 ejusdem
2933 4005 3092 4068 actate
3119 4014 3351 4084 positam

1765 4106 1820 4161 in
1853 4105 2062 4160 musivo
2091 4103 2294 4159 absidis
2317 4103 2374 4159 S.
2399 4103 2624 4175 Agnetis
2645 4113 2798 4158 extra
2822 4103 3022 4168 Muros,
3045 4113 3138 4157 aut
3158 4103 3353 4158 Leonis

1767 4199 1911 4255 tertii
1938 4199 1991 4253 in
2021 4196 2256 4252 triclinio
2306 4195 2585 4252 Leoniano
2615 4196 2680 4251 ad
2709 4195 3077 4252 Lateranense
3121 4195 3354 4266 patriar-

1766 4291 1968 4355 cliium,
1994 4297 2086 4344 aut
2117 4286 2397 4343 Paschalis
2425 4286 2609 4357 primi,
2659 4284 2856 4356 triplici
2913 4285 2969 4360 in
3020 4285 3136 4340 aede
3187 4283 3355 4340 Sacra

1763 4382 1976 4438 musivo
2000 4393 2163 4450 opere
2191 4378 2259 4433 ab
2285 4379 2403 4450 ipso
2434 4391 2768 4448 expressam,
2822 4376 3030 4434 scilicet
3081 4376 3137 4432 in
3182 4375 3354 4431 titulis

1767 4470 1824 4527 S.
1853 4471 2133 4536 Praxedis,
2165 4484 2230 4524 ac
2259 4467 2314 4524 8.
2350 4467 2597 4533 Caeciliae,
2634 4475 2688 4524 et
2713 4467 2767 4522 in
2790 4467 3037 4524 diaconia
3067 4465 3124 4522 8.
3172 4465 3355 4523 Mariae

111 4567 269 4639 Caius,
291 4569 656 4630 Marcellinus.
689 4573 778 4630 lsti
815 4582 940 4630 octo
961 4573 1243 4644 pontiﬁces
1271 4583 1429 4632 erant
1476 4575 1529 4629 in
1570 4589 1664 4644 pa-
1695 4603 1743 4664 υ
1768 4567 1821 4622 in
1847 4565 2127 4631 Domnica,
2155 4563 2385 4635 aliisque
2411 4563 2666 4664 operibus
2694 4562 2912 4664 excusis
2937 4561 3078 4664 appd
3117 4560 3352 4631 Ciampi-

113 4663 222 4718 rietc
257 4663 448 4720 frontis
481 4664 684 4734 templi.
727 4662 1014 4719 Marcellus
1037 4677 1198 4733 super
1220 4663 1389 4718 altera
1413 4663 1662 4718 columna

113 4753 376 4822 Africana,
422 4756 707 4820 Eusebius,
771 4755 1060 4812 Miltiades.
1119 4754 1384 4810 Silvester
1428 4754 1666 4809 habebat
1686 4741 1692 4826 ί

114 4845 279 4903 tiaram
304 4863 428 4904 cum
450 4864 555 4903 una
589 4857 797 4904 tantum
830 4837 1053 4903 corpus.
1083 4847 1191 4903 Alii
1215 4856 1340 4902 ante
1369 4847 1541 4918 ipsum
1569 4847 1666 4901 ha-

116 4931 283 4992 hebant
301 4937 606 4994 diademata
631 4952 754 4992 cum
789 4938 956 5010 pallio
987 4953 1138 4993 more
1159 4937 1366 4994 Graeco.
1402 4936 1530 4991 Post
1555 4934 1662 4992 Sil-

115 5037 323 5085 vestrum
341 5031 431 5102 qui
455 5030 632 5086 sancti
651 5039 777 5086 sunt
792 5030 1065 5086 habebant
1085 5029 1390 5085 diademata
1410 5027 1661 5094 rotunda,

113 5127 159 5172 et
178 5120 358 5180 tiaram
381 5140 506 5181 cum
529 5139 636 5179 una
666 5138 890 5190 corona,
923 5121 1158 5188 Marcus,
1184 5119 1378 5177 Julius.
1411 5119 1684 5195 Liberius

116 5209 318 5272 habebat
337 5227 548 5274 tantum
571 5217 820 5273 diadema
850 5217 1192 5286 quadratum.
1250 5211 1422 5279 Felix,
1468 5211 1680 5286 Dama-5

118 5317 207 5372 sus,
227 5308 470 5377 Sirioius,
499 5317 556 5365 et
577 5308 916 5364 Anastasius.
947 5307 1121 5378 Supra
1151 5306 1392 5378 picturas
1417 5305 1662 5361 Formosi

117 5409 243 5455 erant
269 5405 544 5474 propheta:
566 5411 773 5458 stantes
803 5401 940 5473 (vide
961 5402 1017 5456 in
1041 5401 1150 5455 tab.
1181 5417 1216 5454 χ
1250 5397 1532 5470 Ciampini,
1580 5397 1680 5464 lit.

119 5485 259 5565 C.D.)
299 5503 407 5550 tota
430 5494 659 5565 denique
680 5494 793 5564 ipsa
817 5492 1062 5549 Formosi
1092 5492 1304 5563 pictura
1349 5492 1531 5562 inepta
1575 5505 1662 5546 sa-

120 5578 186 5646 liS.
207 5595 256 5640 et
274 5587 526 5651 barbara,
551 5595 608 5642 et
626 5585 950 5642 decolorata.
983 5603 1003 5638 ι

171 5672 281 5733 Haec
307 5693 336 5732 a
363 5676 622 5734 Grimaldi
649 5678 834 5734 codice
849 5692 946 5748 per
974 5692 1074 5734 nos
1099 5677 1366 5747 descripta
1395 5674 1664 5731 suilicient

120 5764 170 5819 ad
188 5770 572 5841 percipiendam
596 5768 906 5826 methodum
929 5778 1156 5825 ornatus
1192 5767 1392 5824 veteris
1425 5766 1659 5821 basilith

119 5852 353 5920 Vaticanis
378 5862 540 5940 plane
569 5862 801 5922 similem
857 5859 1072 5920 ornatui
1117 5858 1355 5920 Paulina:
1397 5856 1652 5925 basiliew,

1767 4675 1920 4714 num.
1951 4657 2230 4714 Vidissent
2257 4664 2369 4711 tum
2414 4655 2726 4712 deccssores
2777 4653 3049 4718 Silvestri,
3082 4660 3194 4706 tum
3226 4666 3351 4706 suc-

1768 4764 2012 4806 cessores
2034 4763 2206 4819 usque
2226 4747 2294 4803 ad
2325 4746 2488 4802 ﬁnem
2517 4748 2644 4802 noni
2669 4763 2699 4800 a
2723 4745 2941 4801 Christo
2963 4741 3169 4821 saeculi,
3196 4742 3354 4798 nudis

1769 4843 2038 4914 capitibus
2059 4842 2131 4896 ita
2154 4840 2422 4905 exhiberi,
2453 4849 2512 4895 ut
2545 4839 2719 4894 solum
2765 4842 3147 4892 ornamentum
3191 4833 3352 4889 cleri-

1768 4933 1901 4989 calis
1935 4941 2167 4988 tonsura:
2195 4945 2290 4985 seu
2322 4943 2535 4985 corona:
2577 4928 2632 4981 in
2673 4924 2904 4996 propriis
2931 4921 3142 4993 capillis
3165 4933 3352 4978 osten-

1769 5027 1920 5093 dant,
1974 5024 2160 5096 quales
2188 5030 2449 5094 apparent
2491 5019 2738 5090 genuiuze
2780 5017 2882 5073 illae
2922 5027 3086 5088 atque
3139 5017 3353 5074 intacta:

1766 5095 2052 5187 imagines,
2077 5115 2129 5170 in
2153 5113 2375 5169 basilica
2399 5110 2459 5166 S.
2487 5109 2638 5166 Pauli
2668 5108 2864 5165 saeculo
2891 5095 3080 5181 quinto
3098 5109 3276 5180 pictae,
3299 5119 3356 5166 et

1764 5207 2039 5278 perductae
2068 5222 2099 5260 a
2122 5205 2182 5261 S.
2211 5203 2373 5258 Petro
2401 5203 2467 5257 ad
2495 5200 2864 5256 Innocentium
2891 5200 3148 5270 primum.
3183 5198 3353 5256 Orna-

1765 5309 1952 5356 menta
1985 5299 2149 5371 igitur
2174 5293 2504 5367 pontiﬁcalia
2533 5278 2711 5348 artatis
2733 5289 2935 5348 Nicolai
2958 5291 3042 5358 lil,
3080 5307 3176 5362 per
3228 5307 3354 5362 pro-

1765 5393 1957 5463 lepsim
1985 5389 2241 5445 translata
2260 5395 2316 5444 et
2339 5385 2685 5457 superaddita
2708 5383 2954 5441 Silvestri
2978 5383 3190 5448 saeculo,
3216 5383 3352 5438 nihil

1770 5481 2106 5538 auctoritatis
2142 5478 2379 5548 antiqua:
2411 5475 2741 5532 transferunt
2767 5473 2818 5529 in
2844 5476 3089 5530 eamdem
3131 5473 3348 5529 seriem.

1678 5624 1679 5627 η
1771 5576 1924 5631 Nota:
1941 5587 2072 5628 vero
2101 5569 2518 5641 cbronologicaa,
2549 5576 2898 5640 numerantes
2923 5564 3111 5633 annos,
3139 5581 3354 5621 menses

1765 5685 1830 5725 ac
1851 5669 1966 5723 dies
1988 5667 2133 5722 sedis
2157 5664 2448 5734 unicuique
2469 5661 2710 5728 pontiﬁci
2743 5661 3069 5732 assignatos,
3099 5665 3155 5714 et
3186 5655 3238 5712 in
3264 5673 3352 5713 ve-

1764 5769 1904 5816 tusta
1933 5758 2074 5814 serie
2104 5757 2281 5812 adhuc
2303 5753 2641 5824 superstites,
2671 5767 2792 5806 cum
2837 5749 3082 5806 eamdem
3125 5747 3354 5803 ﬁdeliter

1763 5851 2002 5908 referant
2030 5849 2315 5924 (quantum
2347 5841 2759 5917 consequilicct
2779 5858 2845 5899 ex
2874 5840 2944 5899 iis
2970 5839 3212 5899 numeris
3257 5837 3350 5915 qui
