3976 6312
582 386 692 445 259

1280 389 1373 446 AD
1405 345 1851 447 Al‘iASTASlUM
1891 388 2405 449 PROLEGOMENA
2443 391 2620 449 EDlT.
2661 391 3083 452 ROM.-VATIC.

3748 394 3868 452 260

583 498 918 569 supersunt),
944 497 1011 553 ad
1043 497 1238 554 seriem
1268 498 1474 556 Nicolai
1537 499 1874 556 transierunt
1921 501 2158 557 auctori-
2189 506 2236 565 Α
2267 503 2481 559 tertium
2527 498 2755 576 repetita
2809 507 2859 561 in
2906 505 3130 563 basilica
3169 495 3453 573 Vaticana,
3496 508 3706 564 diserte
3754 524 3866 565 nos

587 601 751 648 tatem
781 592 1122 662 antiquioris,
1151 609 1256 649 non
1285 605 1441 650 secus
1467 607 1531 650 ac
1558 593 1800 664 exempla
1828 594 2042 664 publica
2070 610 2165 650 au-

585 685 837 740 ctoritate
896 687 1175 757 recognita
1236 687 1304 742 ab
1355 687 1751 757 exemplaribus
1827 697 2160 744 mutuantur.

587 775 767 844 Quare
804 777 892 831 ubi
934 768 1142 834 numeri
1182 779 1340 835 seriei
1374 779 1668 850 superioris
1717 780 1910 850 injuria
1960 789 2166 852 tempo-

589 867 666 922 ris
696 867 771 922 ita
815 867 1087 924 obliterati
1139 870 1266 936 sint,
1321 879 1382 926 ut
1443 870 1638 943 integri
1683 886 1788 926 non
1847 881 2161 942 appareant,

585 960 820 1030 suppleri
847 972 1162 1030 possuntex
1186 964 1287 1019 hac
1314 964 1518 1021 Nicolai
1567 966 1708 1022 serie
1757 966 1974 1023 eosdem
2014 983 2165 1040 repe-

586 1057 748 1117 tente,
775 1050 928 1120 juxta
966 1053 1204 1124 regulam
1262 1055 1465 1112 criterii
1516 1056 1879 1128 chronologlci
1937 1073 1964 1112 a
2012 1057 2166 1114 nobis

585 1141 935 1197 constitutam
965 1145 1141 1213 capite
1173 1145 1440 1216 superiori
1465 1161 1692 1202 numero
1713 1147 1746 1202 6
1770 1157 1823 1202 et
1851 1148 1903 1202 7.
1963 1147 2034 1204 Ut
2076 1163 2167 1203 su-

586 1248 682 1302 pra
718 1243 894 1289 tamen
927 1236 1106 1301 retuli,
1146 1237 1371 1307 pictura:
1401 1238 1516 1295 istae
1537 1255 1568 1295 a
1593 1239 1892 1295 Nicolaolli
1917 1241 2168 1311 superad-

586 1324 711 1379 ditaa
741 1325 976 1396 antiquis
997 1326 1048 1381 in
1077 1329 1360 1398 parietinis
1383 1345 1544 1400 supra
1569 1330 1770 1387 calcem
1802 1347 1969 1403 gypso
2014 1333 2169 1387 suba-

586 1422 728 1469 ctam
758 1432 784 1469 a
811 1415 979 1473 labris
1016 1419 1270 1476 mttrariis
1293 1421 1580 1492 imperitis,
1611 1423 1789 1479 minus
1819 1423 2048 1479 firmiter
2069 1423 2166 1479 ad-

584 1507 851 1565 haerentes
872 1511 1166 1566 maximam
1193 1521 1404 1583 partem
1434 1515 1772 1571 exciderunt.
1806 1516 1986 1584 Quare
2035 1516 2167 1573 sub-

585 1597 722 1654 sidio
763 1609 889 1656 sunt
944 1604 1139 1678 exiguo
1188 1606 1377 1674 paucis
1432 1606 1485 1660 in
1544 1607 1786 1663 numeris
1836 1609 2165 1679 supplendis.

582 1689 810 1747 Aliunde
836 1702 1015 1748 tamen
1037 1696 1376 1766 complentur
1395 1696 1766 1767 supplementa
1787 1700 2166 1773 chronologica

583 1779 741 1835 seriei
765 1783 1100 1851 vetustioris,
1132 1801 1327 1856 nempe
1353 1803 1420 1842 ex
1443 1789 1669 1843 vetustis
1695 1791 1956 1861 exemplis
1983 1792 2051 1847 ab
2075 1808 2167 1848 eo-

2267 597 2478 652 monuit
2513 597 2656 652 inter
2698 598 2978 668 pontiﬁces
3017 600 3196 669 quarti
3240 601 3420 656 saeculi
3465 601 3644 658 solum
3692 601 3868 658 Lilla-

2266 688 2405 743 rium
2439 690 2541 746 hoc
2578 690 2770 760 insigni
2818 692 3076 761 quadrata
3119 691 3284 748 fuisse
3330 693 3676 764 decoratum,
3723 711 3868 750 cum

2267 789 2491 836 cancros
2519 789 2645 836 ante
2672 780 2992 839 Silvestrum
3034 797 3233 840 corona
3276 783 3551 841 clericalis
3583 793 3866 849 tonsura,
3907 853 3918 862 .

2265 881 2388 940 post
2437 872 2758 934 Silvestrum
2820 875 2956 930 tiara
3015 875 3196 946 pictor
3244 874 3451 933 Nicolai
3513 878 3863 935 ornavisset.

2268 963 2551 1034 Singulare
2580 965 2685 1020 hoc
2713 965 2924 1036 insigne
2962 967 3308 1036 quadratum,
3355 983 3386 1023 a
3423 976 3642 1026 vetusto
3672 985 3868 1028 exen-

2267 1058 2400 1128 plari
2447 1058 2693 1126 petitum,
2744 1074 2868 1113 cum
2915 1059 3109 1133 artifex
3155 1076 3263 1114 non
3304 1060 3376 1116 sit
3423 1077 3590 1116 ausus
3637 1069 3866 1116 mutare

2267 1150 2320 1203 in
2371 1148 2606 1214 Libcrlo,
2654 1165 2826 1220 neque
2869 1149 2990 1205 aliis
3028 1151 3340 1222 appingere,
3387 1152 3593 1208 indicio
3636 1162 3728 1208 est
3775 1169 3866 1208 so-

2268 1239 2401 1295 riem
2447 1241 2682 1310 aliquam
2729 1241 3025 1311 antiquitus
3065 1243 3363 1308 exstitisse,
3403 1259 3527 1313 quae
3553 1261 3666 1301 non
3693 1259 3867 1304 secus

2267 1345 2331 1385 ac
2386 1330 2472 1385 ille
2517 1330 2807 1400 Catalogus
2850 1317 3454 1404 Bucherianus'posita
3501 1333 3673 1390 fuerit
3727 1349 3866 1390 oon—

2269 1431 2446 1477 staute
2474 1423 2587 1476 vita
2619 1420 2816 1477 Liberii
2845 1439 2861 1490 ;
2893 1433 2950 1478 et
2977 1423 3181 1479 idcirco
3206 1423 3254 1479 is
3272 1424 3592 1495 quadratum
3626 1425 3864 1495 insigne,

2269 1501 2779 1574 iudicium'scilicet
2830 1514 3098 1581 viventis,
3161 1513 3403 1584 ejusdem
3461 1516 3631 1586 capiti
3684 1531 3866 1587 appo-

2269 1607 2457 1660 suerit.
2497 1605 2678 1674 Quare
2706 1605 2908 1676 gratias
2946 1605 3206 1662 habendae
3241 1617 3374 1664 sunt
3412 1605 3724 1672 Grimeldo,
3763 1608 3866 1676 qui

2268 1697 2434 1752 etiam
2483 1697 2538 1750 in
2589 1696 2732 1752 serie
2777 1695 2983 1754 Nicolai
3029 1696 3095 1752 ill
3141 1699 3551 1768 praservaverit
3595 1699 3720 1755 haec
3765 1700 3867 1754 do—

2269 1796 2520 1843 cumenta
2560 1796 2778 1843 aetatum
2815 1789 3155 1859 superiorum
3185 1799 3242 1846 et
3267 1789 3510 1858 Catalogi
3546 1790 3860 1846 Liberiaui.

585 1871 703 1925 dem
735 1874 1028 1948 archetypo
1060 1875 1378 1948 desumptis,
1428 1885 1485 1933 et
1516 1879 1746 1934 ﬁdeliter
1793 1881 2065 1952 expressis
2109 1883 2164 1938 in
2195 1863 2240 1923 Β
2339 1881 2393 1935 9.
2437 1880 2704 1935 Caeterum
2752 1881 2892 1936 hanc
2935 1882 3132 1938 seriem
3180 1884 3572 1948 recentiorem,
3628 1883 3861 1940 Nieolao

584 1961 861 2018 codicibus
890 1973 944 2019 et
968 1965 1240 2036 Catalogis
1264 1983 1362 2040 per
1392 1983 1562 2024 annos
1589 1970 1930 2043 octingentos
1957 1980 2011 2028 et
2031 1987 2167 2028 non-

583 2060 769 2120 gentos
800 2063 1038 2111 nostram
1069 2065 1284 2114 aetatem
1314 2061 1716 2130 superantibus,
1775 2071 1838 2118 ut
1878 2063 2023 2120 inl'ra
2073 2079 2167 2119 cx-

583 2158 844 2213 ponemus

654 2241 704 2296 8.
731 2240 861 2309 Quae
889 2245 1141 2315 superius
1177 2261 1205 2301 a
1237 2262 1325 2303 me
1356 2246 1496 2304 dicta
1531 2256 1656 2304 sunt
1686 2248 1752 2305 de
1783 2248 2028 2306 clericali
2055 2260 2167 2306 tan-

584 2336 696 2385 tum
724 2347 920 2388 corona
944 2336 995 2388 in
1021 2336 1287 2406 capitibus
1316 2335 1683 2394 Romanorum
1714 2341 2027 2410 pontiﬁcum
2075 2358 2168 2398 ex-

579 2437 766 2494 pressa
805 2433 917 2481 tum
947 2425 1000 2481 in
1029 2429 1277 2496 musivis,
1311 2440 1426 2486 tum
1458 2430 1513 2486 in
1536 2432 1659 2488 aliis
1683 2433 1960 2489 veteribus
1989 2435 2164 2505 pictu-

580 2513 658 2571 ris
692 2519 861 2589 usqu'e
885 2519 951 2575 ad
972 2521 1225 2576 sznculum
1254 2521 1457 2579 Christi
1501 2525 1768 2581 decimum
1827 2527 2160 2596 inchoatum,

581 2609 713 2663 niinl
738 2621 1037 2682 repugnant
1059 2601 1318 2684 quadrato
1343 2613 1417 2669 illi
1439 2615 1588 2686 signo
1630 2617 1747 2672 sive
1791 2619 1988 2690 insigni
2025 2633 2165 2690 pone

579 2700 751 2768 capita
776 2703 1087 2757 earumdem
1117 2717 1392 2772 expresso,
1435 2713 1489 2759 et
1518 2705 1586 2760 ab
1615 2707 1841 2763 eruditis
1891 2709 2165 2780 scriptori-

583 2790 683 2845 bus
715 2806 818 2845 uou
852 2793 1022 2846 solum
1056 2793 1316 2860 iudicato,
1354 2796 1449 2851 sed
1482 2797 1646 2852 etiam
1674 2798 1964 2870 explicato,
2017 2804 2162 2873 quod

583 2882 791 2938 csilicet
829 2884 1155 2940 adhibebant
1185 2887 1252 2942 ad
1279 2885 1627 2946 indicandum
1679 2907 1801 2948 eum
1847 2893 2024 2950 virum
2076 2895 2163 2952 cui

585 2974 688 3027 tale
714 2987 1091 3030 ornamentum
1123 2978 1513 3048 apponebatur,
1545 2982 1598 3036 in
1638 2983 1777 3040 vivis
1827 2991 1954 3041 tunc
2001 3001 2163 3057 agere

584 3066 797 3135 quando
834 3064 1072 3134 ejusdem
1120 3069 1296 3139 imago
1335 3068 1678 3141 pingebatur.
1747 3073 1804 3128 lu
1849 3077 2162 3134 memoratis

582 3159 805 3215 musivis
832 3157 1031 3215 Leonis
1077 3161 1218 3216 tertii
1267 3169 1320 3216 et
1374 3163 1650 3220 Paschalis
1695 3167 1878 3235 primi,
1933 3168 2161 3240 aliisque

581 3248 824 3320 pluribus
853 3249 1038 3305 Romae
1061 3253 1405 3321 constructis,
1451 3259 1506 3310 et
1551 3229 1936 3326 superstitibus
1996 3229 2160 3332 super
2187 3229 2231 3294 δ

581 3333 800 3409 apsidas'
831 3339 1110 3396 titulorum
1147 3341 1206 3398 S.
1231 3341 1392 3399 Marci
1439 3353 1493 3401 et
1539 3345 1640 3402 SS.
1690 3348 1899 3406 Cosmaa
1951 3365 2015 3408 ac
2059 3353 2163 3408 Da-

583 3431 772 3497 miani,
802 3432 1126 3503 quadratum
1153 3434 1283 3490 illud
1333 3435 1543 3508 insigne
1596 3439 1902 3498 viventibus
1944 3445 2163 3514 pontiﬁ—

581 3520 733 3578 cibus
764 3523 1068 3591 adliibetdr,
1098 3528 1240 3595 quod
1269 3542 1391 3584 esse
1421 3528 1714 3586 viventium
1768 3533 2024 3590 iudicium
2085 3547 2161 3593 te-

582 3623 756 3670 statur
783 3617 946 3673 etiam
969 3616 1204 3676 Joannes
1231 3621 1486 3680 diaconus
1527 3624 1582 3680 in
1629 3623 1750 3682 Vita
1811 3627 1870 3684 S.
1911 3628 2161 3702 Gregorii

584 3704 780 3777 Magni,
807 3707 899 3763 lib.
934 3725 1011 3775 tv,
1037 3724 1158 3781 cap.
1190 3710 1278 3767 84.
1312 3713 1474 3770 Addit
1501 3714 1834 3775 Alamannus
1886 3721 1940 3775 in
1987 3716 2162 3794 expli-

585 3797 799 3853 catione
823 3801 1016 3855 musivi
1046 3801 1446 3873 Laterauensis,
1481 3824 1600 3880 pag.
1635 3809 1736 3878 65,.
1758 3821 2019 3870 tesseram
2039 3831 2160 3874 esse

500 3940 502 3942 ,
584 3895 696 3942 tum
725 3889 849 3945 vita:
878 3894 1198 3962 constantis,
1233 3903 1344 3952 tum
1379 3898 1638 3955 virtutum
1692 3905 1944 3972 retradis,
1987 3908 2156 3964 attri-

581 3977 767 4034 butam
782 3982 1050 4052 przecipue
1070 3987 1388 4054 praesulibus
1411 3991 1768 4058 sacerdotum,
1799 4004 1855 4050 et
1871 3996 2160 4068 aliquando

581 4071 744 4126 etiam
770 4072 1123 4144 principibus,
1145 4078 1291 4148 regia
1320 4080 1433 4136 sive
1457 4081 1620 4136 etiam
1646 4095 1872 4156 augusta
1898 4069 2160 4160 dignitate

581 4161 1065 4236 fungentibus;uti
1119 4169 1396 4226 evidenter
1445 4173 1684 4229 ostendit
1735 4184 2046 4246 pervetusta
2091 4193 2158 4236 ex

581 4257 871 4329 epigraphe
898 4257 1145 4331 imaginis
1170 4261 1342 4317 Caroli
1369 4263 1543 4336 Magni
1580 4266 1654 4323 ita
1706 4279 1927 4337 ornatas,
1967 4271 2020 4326 in
2051 4288 2157 4343 qua

581 4349 880 4421 signiﬁcari
911 4353 1164 4408 dicuntur
1183 4364 1414 4424 quatuor
1436 4357 1663 4415 virtutes
1691 4363 1993 4434 przccipute,
2023 4379 2158 4434 quas

582 4441 810 4496 dicimus
849 4443 1142 4498 cardinales
1165 4445 1216 4499 in
1250 4445 1340 4501 illo
1365 4449 1542 4504 adhuc
1578 4451 1790 4507 vivente
1825 4457 2153 4527 conspicuus.

655 4534 764 4590 Hoc
785 4536 950 4608 igitur
993 4536 1310 4607 quadratmn
1353 4540 1581 4612 insigne,
1615 4543 1906 4602 viventium
1934 4551 2156 4620 pontiﬁ—

581 4642 702 4682 cum
727 4627 1050 4699 imaginibus
1076 4629 1246 4685 veteri
1281 4646 1347 4698 ex
1384 4646 1483 4687 usu
1518 4633 1841 4702 adhibitum,
1876 4639 2016 4711 quod
2057 4643 2154 4698 ob-

580 4733 861 4774 servamus
889 4720 942 4774 in
968 4719 1239 4792 plerisque
1267 4724 1490 4779 musivis
1514 4733 1639 4781 ante
1663 4727 1926 4785 decimum
1951 4731 2154 4790 Christi

582 4811 832 4866 smculum
877 4813 1219 4878 constructis,
1272 4829 1378 4868 nou
1419 4815 1578 4872 modo
1613 4833 1718 4873 non
1756 4819 2061 4877 excluditur
2089 4824 2154 4880 ab

583 4905 797 4962 iudiciis
838 4906 1070 4976 antiqua:
1113 4908 1272 4964 seriei
1323 4911 1630 4979 poutiliciaz,
1695 4913 1789 4969 sed
1842 4917 2039 4972 mirum
2098 4918 2155 4973 in

581 5001 798 5055 modum
831 5002 1039 5056 confert
1069 5000 1148 5056 ‘ad
1191 5004 1647 5074 comprobandam
1694 5021 1876 5076 parem
1920 5011 2157 5066 auctori-

582 5097 745 5144 tatem
790 5081 1052 5164 ejusmodi
1096 5101 1323 5149 vetustae
1363 5093 1522 5149 seriei
1565 5095 1890 5166 pontiﬁcalis
1929 5098 2155 5170 depicta

583 5180 636 5234 in
665 5179 897 5236 basilicis
925 5181 1203 5250 Romanis,
1235 5201 1298 5240 ac
1324 5193 1565 5240 veterum
1589 5186 1995 5260 Catalogorum,
2023 5205 2157 5261 prae-

583 5275 740 5346 cipue
771 5275 910 5330 illius
937 5276 1299 5346 antiquissimi
1325 5277 1377 5333 iu
1404 5278 1620 5336 Liberio
1648 5276 1967 5354 desinenlis,
1995 5299 2157 5354 quem

584 5380 844 5420 consensu
900 5365 1233 5422 eruditorum
1297 5371 1536 5425 omnium
1607 5374 1747 5446 apud
1805 5373 2154 5445 Bucherium,

585 5457 1023 5514 Sehclestratium
1061 5468 1115 5515 ct
1157 5472 1380 5520 «εισι-οδ
1425 5467 1486 5520 de
1526 5467 1628 5521 hoc
1669 5479 1985 5540 argumento
2027 5471 2156 5527 scri-

584 5551 793 5617 hcntcs,
811 5549 1040 5605 vidimus
1064 5553 1385 5608 auctoritate
1408 5572 1471 5611 ac
1496 5568 1760 5614 vetustate
1782 5563 1992 5618 cmteris
2009 5572 2155 5620 ante-

584 5637 729 5694 ferri.

654 5732 934 5806 Diligentia
979 5751 1139 5809 quam
1189 5737 1498 5798 Grimaldus
1548 5742 1789 5800 adhibuit
1843 5743 1897 5801 in
1953 5747 2156 5806 descri-

582 5825 753 5884 benda
800 5830 937 5887 serie
983 5848 1313 5892 summorum
1357 5835 1695 5908 pontiﬁcum,
1740 5854 1837 5910 per
1873 5838 2152 5900 Nicolaum

2271 1975 2428 2031 tertio
2456 1975 2750 2029 mandante
2779 1974 3047 2045 depictam
3084 1975 3254 2032 fuisse
3285 1976 3442 2036 sttnis
3468 1977 3538 2032 ab
3567 1977 3706 2032 hinc
3726 1991 3862 2047 qna-

2267 2067 2568 2138 driugentis
2595 2075 2651 2120 et
2673 2067 3028 2137 quadraginta
3061 2075 3170 2122 tam
3218 2068 3271 2122 in
3309 2068 3534 2124 basilica
3573 2067 3639 2123 S.
3671 2068 3856 2133 Pauli,

2266 2157 2354 2212 ubi
2395 2157 2574 2212 adhuc
2609 2157 2822 2222 visitur,
2852 2170 3014 2226 quam
3039 2156 3092 2210 in
3123 2158 3245 2216 aliis
3281 2158 3490 2212 duabus
3512 2157 3858 2228 patriarcha-

2267 2249 2423 2316 libus,
2469 2250 2822 2305 Lateranensi
2851 2263 2916 2305 ac
2947 2249 3227 2316 Vaticana,
3263 2259 3320 2306 et
3354 2266 3644 2306 numerum
3690 2261 3861 2320 atque

2265 2344 2508 2399 ordinem
2544 2341 2860 2412 pontiﬁcum
2901 2340 3244 2412 destunptum
3287 2342 3454 2398 fuisse
3491 2358 3526 2397 ι
3567 2344 3722 2398 serie
3770 2344 3858 2398 illa

2267 2434 2586 2504 antiquiori,
2630 2431 2829 2488 saeculo
2870 2431 3069 2488 Leonis
3104 2433 3281 2506 Magni
3313 2435 3366 2489 in
3384 2434 3653 2501 J’aulina,
3676 2444 3742 2491 et
3766 2450 3861 2491 sar

2265 2525 2387 2580 culo
2413 2523 2661 2580 Formosi
2687 2524 2738 2577 iu
2763 2521 3034 2582 Vaticana:
3055 2525 3355 2596 parietibus
3376 2526 3628 2596 superius
3651 2527 3857 2596 posita,

2264 2629 2537 2674 contestes
2576 2619 2751 2674 habeo
2786 2618 3078 2678 historicos
3103 2628 3367 2690 quotquot
3394 2636 3425 2676 a
3451 2621 3665 2680 Nicolai
3689 2627 3856 2677 rente

2265 2713 2333 2768 ad
2383 2722 2624 2769 nostram
2679 2721 3050 2768 numerantur.
3105 2711 3230 2770 Sint
3283 2716 3456 2770 instar
3493 2715 3753 2772 omnium
3799 2715 3854 2771 hi

2264 2822 2400 2878 quos
2440 2806 2717 2862 brevitatis
2749 2820 2915 2862 causa
2945 2801 3036 2860 hic
3061 2819 3337 2864 remnseo.
3370 2805 3703 2863 Benedictus
3734 2805 3852 2861 Pla-

2266 2899 2375 2952 tina
2409 2898 2460 2952 in
2495 2898 2618 2953 Vita
2657 2897 2860 2952 Nieolai
2899 2896 2963 2951 lli
3009 2898 3081 2952 ita
3127 2907 3384 2952 enarrat:
3417 2899 3495 2954 uti
3522 2900 3694 2954 etiam
3728 2900 3854 2954 Pto-

2264 2988 2484 3044 lemaeus
2528 2989 2791 3044 Lucensis
2823 2988 2962 3059 apud
2991 2987 3330 3058 Raynaldum
3363 2989 3434 3045 ad
3459 3005 3670 3045 annum
3700 2991 3854 3048 Chri-

2265 3081 2332 3136 sti
2365 3081 2521 3146 i280,
2573 3094 2798 3137 numero
2837 3077 2928 3140 ΩΒ.
2969 3078 3143 3134 Verba
3183 3079 3451 3138 Ptolemaei
3483 3084 3850 3138 transcribam

2263 3186 2328 3226 cx
2372 3170 2678 3242 Raynaido;
2712 3185 2834 3225 nam
2881 3168 3122 3225 indicant
3159 3171 3216 3226 in
3258 3171 3430 3232 tribus
3458 3172 3851 3241 patriarcha“-

2262 3263 2364 3320 bus
2391 3261 2630 3318 basilicis
2654 3261 2852 3318 seriem
2893 3261 3038 3317 illam
3065 3263 3414 3318 vetustiorem
3441 3262 3619 3320 fuisse
3637 3267 3852 3336 conspic

2263 3369 2440 3421 cuam,
2471 3363 2527 3410 et
2556 3355 2624 3410 ab
2648 3371 2711 3410 ea
2739 3356 2904 3420 serie,
2930 3353 3138 3410 Nicolai
3158 3353 3336 3424 jussu,
3368 3357 3622 3412 ordinem
3650 3373 3722 3413 ac
3748 3375 3849 3414 uu-

2262 3463 2472 3503 merum
2515 3463 2854 3504 summorum
2899 3449 3214 3519 pontiﬁcum
3261 3448 3429 3505 fuisse
3471 3450 3848 3521 desumptutn,

2262 3557 2421 3610 quem
2471 3542 2536 3597 de
2577 3543 2825 3612 proximo
2866 3547 3229 3614 spectandum
3265 3545 3508 3602 inferiori
3544 3563 3615 3602 ac
3666 3564 3850 3604 recen-

2262 3638 2384 3692 tiori
2430 3652 2524 3693 sua
2567 3638 2682 3709 ipse
2721 3641 3019 3710 proposuit.
3065 3640 3362 3698 «Nicolaus
3383 3641 3601 3707 tertius,
3646 3641 3844 3713 inquit,

2260 3729 2456 3785 multas
2495 3731 2762 3785 novitates
2809 3730 2936 3787 fecit
2964 3749 2976 3787 :
3007 3733 3179 3802 primo
3200 3733 3326 3802 quia
3353 3733 3494 3804 apud
3523 3732 3840 3802 3.,Petrunt

2259 3819 2548 3876 aediﬁcavit
2566 3821 2826 3894 palatium
2854 3822 3081 3877 multum
3107 3824 3352 3879 solemne
3375 3822 3708 3894 pontiﬁcale.
3740 3834 3849 3884 elo.

2261 3915 2357 3970 ilic
2385 3913 2668 3970 ecclesiam
2728 3915 2874 3970 beati
2930 3914 3076 3970 Petri
3103 3915 3258 3986 quasi
3307 3923 3473 3969 totam
3523 3920 3841 3982 renovavit,

2259 4015 2314 4061 et
2363 4021 2648 4062 numerum
2691 4021 3028 4062 summorum
3067 4007 3380 4077 pontiﬁcum
3429 4005 3559 4061 fecit
3607 4007 3846 4063 describi

2259 4098 2556 4153 secundum
2599 4097 2861 4169 imagines
2913 4099 2967 4153 iu
3003 4099 3232 4155 ecclesia
3268 4098 3412 4155 beati
3458 4097 3610 4155 Petri
3643 4100 3702 4155 in
3731 4100 3850 4156 loco

2259 4188 2536 4254 eminenti,
2575 4196 2630 4244 et
2670 4189 2816 4245 beati
2860 4190 3034 4258 Pauli,
3083 4205 3147 4246 ac
3176 4189 3628 4249 saneti’Joannis
3652 4194 3729 4248 de
3756 4192 3850 4249 La-

2261 4287 2472 4336 terano.
2502 4299 2520 4333 ι

2331 4372 2416 4425 l0.
2456 4371 2536 4427 Ad
2571 4389 2710 4428 nanc
2738 4374 2902 4445 igitur
2927 4375 3126 4431 seriem
3154 4376 3504 4449 archetypam
3532 4375 3724 4436 redire
3753 4395 3845 4438 nso

2259 4479 2410 4520 cesse
2449 4473 2564 4532 est,
2610 4483 2774 4537 quam
2815 4466 3068 4524 Nicolaus
3112 4471 3303 4539 quinto
3353 4485 3385 4526 a
3430 4473 3593 4529 nobis
3642 4475 3849 4532 saeculo

2260 4557 2479 4614 dissitus
2509 4557 2822 4613 imitandam
2857 4567 2911 4615 et
2937 4563 3268 4632 sequendam
3310 4567 3618 4636 proposuit,
3648 4575 3842 4639 utpote

2255 4649 2565 4720 genuinam,
2597 4655 2654 4703 et
2681 4664 2709 4702 a
2737 4650 3111 4707 deccssoribus
3136 4653 3250 4709 suis
3272 4670 3370 4726 per
3391 4665 3470 4712 tot
3495 4641 3698 4713 steeuia
3725 4675 3848 4730 prec

2256 4739 2486 4808 positam
2533 4739 2587 4793 in
2638 4738 2844 4796 eisdem
2897 4743 3354 4815 patriarchalibus
3399 4747 3665 4813 basilicis,
3712 4766 3846 4820 quas

2257 4831 2541 4886 universus
2570 4831 2911 4890 Christianus
2939 4837 3188 4907 p0pulus,
3230 4839 3298 4896 ad
3338 4839 3530 4896 limina
3569 4844 3847 4914 apostolo-

2257 4933 2374 4974 rum
2406 4936 2715 4990 accurrens,
2740 4923 3105 4996 frequentare,
3130 4929 3425 4988 observare
3445 4946 3512 4989 ae
3530 4931 3848 5008 describere

2259 5013 2559 5083 satagebat.

2296 5133 2297 5136 η
2330 5103 2397 5161 Et
2421 5114 2568 5162 certe
2597 5106 2782 5164 mirari
2817 5109 2962 5167 subit
2989 5112 3056 5168 ad
3089 5113 3439 5188 archetypam
3463 5116 3613 5174 illam
3641 5119 3840 5177 seriem

2263 5213 2294 5254 a
2325 5198 2542 5258 Nicolao
2572 5205 2812 5274 posteris
2842 5203 3134 5263 indicatam
3171 5218 3427 5282 tanquam
3452 5215 3760 5287 exemplar,
3789 5223 3842 5270 et
3900 5265 3906 5278 η

2265 5289 2318 5345 in
2359 5291 2566 5348 duabus
2603 5293 2792 5349 saltem
2834 5295 3075 5354 basilicis
3115 5315 3287 5371 usque
3325 5306 3391 5360 ad
3419 5313 3642 5361 atatem
3694 5306 3841 5362 Pauli

2265 5381 2434 5451 quinti
2464 5386 2808 5454 superstitem
2851 5385 2999 5459 (nam
3027 5389 3139 5446 sola
3172 5392 3558 5451 Lateraneusls
3592 5397 3841 5456 incendio

2265 5485 2578 5544 consumpta
2622 5476 2799 5533 fuerat
2825 5487 2949 5549 post
2975 5481 3278 5556 Nicolaum)
3311 5488 3498 5542 oculos
3522 5505 3712 5544 eorum
3736 5505 3840 5545 non

2262 5564 2426 5619 fuisse
2479 5583 2772 5625 conversos
2815 5572 2908 5641 qui
2952 5572 3018 5628 de
3058 5574 3335 5648 Catalogis
3381 5587 3437 5634 et
3488 5581 3836 5652 chronologia

2259 5657 2574 5726 pontiﬁcum
2617 5660 2857 5728 solliciti,
2888 5671 2966 5720 tot
2989 5666 3198 5724 codices
3224 5676 3278 5724 et
3306 5671 3524 5725 archiva
3556 5673 3839 5727 consulue—

2261 5757 2424 5819 runt,
2482 5760 2542 5807 ut
2583 5754 2958 5824 antiquissima
3000 5773 3348 5818 monumenta
3394 5773 3448 5820 et
3495 5767 3837 5836 maximegc.

2263 5843 2424 5900 nuina
2461 5844 2786 5918 proferrent.
2819 5849 3090 5918 Quantum
3135 5857 3346 5926 assequi
3375 5858 3685 5917 meditando
3719 5879 3834 5931 pos-
