3976 6312
547 460 655 523 963

1279 452 1371 515 AD
1410 452 1856 516 ANASTASIUM
1891 446 2403 510 PROLEGOMENA
2441 441 3079 524 EDITRROMeVATlC.

3693 446 3819 510 264

549 557 710 633 tivam
734 591 843 628 esse
882 577 1035 641 penes
1071 569 1224 636 illud,
1251 570 1407 640 cujus
1448 570 1652 624 auctori
1678 585 1840 623 causa
1862 566 2127 632 scientite,
2156 571 2208 630 Α
2235 563 2367 618 satis
2401 563 2635 618 vividam
2686 563 3244 633 lucemldistribuunt,
3284 563 3379 619 sed
3420 563 3823 624 remotiorihnl

548 668 734 737 peritia
756 665 1063 734 disciplina},
1095 679 1158 716 ac
1179 661 1412 716 studium
1437 661 1668 715 ueritatis
1708 658 2014 728 facultatem
2041 656 2132 710 de-

548 760 681 812 derit
717 757 1020 828 ampliorem
1056 755 1300 825 temporis
1342 771 1404 807 ac
1430 769 1603 808 rerum
1635 751 2124 824 perquirendarum.

551 849 792 904 Tandem
832 863 1057 902 numero
1095 855 1286 900 octavo
1317 846 1373 900 id
1423 845 1720 900 infercbam
1763 861 1776 898 :
1808 842 2130 898 Consensum

548 940 780 1011 plurium
814 940 1126 1010 scriptorum
1167 937 1242 992 uel
1286 937 1738 998 documentorum,
1767 934 1882 988 loco
1913 952 1975 988 ac
2003 945 2132 989 tem-

552 1048 675 1100 pore
711 1031 1109 1102 proximiorum,
1160 1030 1448 1100 prteset'tim
1498 1029 1544 1082 si
1585 1026 1792 1098 publica
1822 1027 2132 1082 auctoritate

553 1124 879 1188 muniantur,
895 1123 1148 1177 iudicium
1169 1121 1462 1177 habendum
1484 1138 1595 1176 esse
1619 1120 1850 1176 veritatis
1871 1118 2132 1174 historica:

553 1226 600 1269 et
642 1215 1041 1286 chronologicw.

631 1307 684 1361 5.
725 1307 896 1379 Nemo
936 1323 1041 1362 non
1068 1307 1323 1377 intelliget
1359 1322 1458 1362 cur
1487 1305 1603 1362 haec
1631 1304 1968 1361 conditiones
1995 1318 2136 1373 qua:-

560 1402 741 1456 renda:
773 1400 974 1457 fuerim
1008 1401 1062 1456 in
1093 1401 1372 1456 codicibus
1403 1384 1588 1466 Italiae,
1621 1398 1922 1469 prtescrtim
1950 1397 2136 1453 Roma:

551 1495 990 1566 proximioribus,
1028 1509 1256 1564 quorum
1297 1493 1571 1548 Farfensis
1624 1491 1851 1561 primus,
1879 1489 2136 1545 Cavensis

554 1583 710 1649 alter,
740 1583 1035 1654 Bergomas
1061 1583 1254 1638 tertius
1276 1582 1489 1638 viciniae
1520 1581 1675 1636 titulo
1704 1579 1890 1635 haberi
1917 1579 2132 1634 debent.

552 1673 974 1729 Considerabam
1015 1677 1160 1727 enim
1204 1672 1558 1742 scriptoribus
1602 1680 1658 1726 et
1701 1669 2016 1726 custodibus
2055 1669 2137 1724 bi-

554 1764 951 1820 bliothecarum
999 1773 1163 1834 atque
1214 1765 1560 1819 archivorum
1614 1761 1800 1817 Romae
1847 1761 2138 1832 proximio-

556 1871 699 1919 rum,
727 1855 1067 1909 occasionem
1094 1852 1260 1908 fuisse
1287 1861 1531 1923 paratam
1563 1851 1791 1906 adeundi
1822 1850 2136 1921 frequenter

2235 655 2645 726 languidiorem.
2693 653 2943 710 Pluribus
2971 655 3134 709 etiam
3173 655 3225 709 in
3275 654 3408 710 locis
3445 664 3502 710 et
3536 655 3818 724 picturis,

2232 743 2530 813 praesertim
2553 743 2621 798 iis
2649 759 2768 814 qua:
2797 743 3058 814 imagines
3083 744 3345 800 exhibent
3373 760 3405 799 a
3446 745 3611 800 beato
3650 744 3822 802 Petro

2232 835 2526 904 proximas,
2559 850 2696 904 aqua
2721 834 2976 904 depluens
2998 833 3123 888 olitn
3146 849 3242 904 per
3271 835 3395 890 tecti
3423 843 3518 889 aut
3543 834 3822 891 fenestra-

2234 942 2352 980 rutn
2383 926 2566 991 rimas,
2613 925 2804 980 vitium
2855 926 3161 990 induxerat,
3192 935 3247 982 et
3292 926 3467 996 pulvis
3521 927 3819 983 adharnens

2234 1016 2494 1086 parietem
2527 1017 2602 1071 ita
2623 1024 2957 1082 contexerat,
2989 1025 3048 1072 ut
3073 1017 3266 1072 ductus
3300 1017 3610 1071 litterarum
3632 1024 3822 1072 essent

2236 1109 2412 1165 minus
2451 1108 2744 1166 manifesti.
2769 1109 3042 1166 Adversus
3071 1109 3210 1164 hanc
3257 1108 3634 1167 difﬁcultatem
3665 1123 3825 1179 aspe-

2234 1210 2355 1256 ctus
2375 1209 2432 1256 et
2455 1216 2706 1257 accessus
2731 1201 2885 1272 plura
2919 1201 3160 1256 subsidia
3191 1200 3638 1271 comparavimus
3663 1208 3826 1269 quot-

2236 1301 2367 1362 quot
2402 1308 2469 1348 ex
2501 1293 2751 1348 condicto
2781 1293 3135 1349 convenimus
3171 1308 3315 1347 anno
3358 1292 3629 1364 superiori
3663 1293 3822 1359 1720,

2237 1385 2427 1442 diebus
2477 1387 2775 1456 praesertim
2810 1386 2876 1440 12
2905 1386 3104 1452 Martii,
3149 1385 3220 1442 29
3247 1385 3447 1456 Aprilis
3481 1394 3536 1441 et
3559 1385 3634 1442 10
3667 1384 3819 1449 Maii,

2239 1477 2306 1530 ad
2358 1477 2842 1549 recognoscendas.
2868 1477 3131 1546 imagines
3165 1483 3222 1532 et
3267 1475 3588 1546 epigraphes
3625 1475 3700 1530 ibi
3735 1473 3829 1530 de-

2236 1569 2431 1640 pictas.
2462 1568 2596 1623 Nam
2619 1569 2733 1625 sole
2753 1569 3054 1624 clarissimo
3085 1569 3230 1624 circa
3258 1568 3563 1634 meridiem,
3593 1575 3652 1622 et
3674 1567 3833 1623 horis

2231 1647 2269 1716 'a
2295 1661 2519 1717 meridie
2548 1662 2810 1731 proximis
2857 1660 3132 1716 basilicam
3165 1659 3468 1715 illustrante
3498 1656 3826 1712 intendeba-

2242 1769 2362 1808 mtts
2385 1753 2663 1810 oculorum
2708 1754 2900 1819 aciem,
2932 1768 3038 1808 non
3074 1752 3245 1809 solum
3277 1767 3342 1808 ea
3388 1751 3508 1806 luce
3554 1748 3828 1818 adiutam,

2240 1859 2428 1898 verum
2461 1845 2622 1899 etiam
2667 1831 2809 1900 tubis
2861 1844 3055 1915 opticis
3108 1852 3368 1898 armatam
3411 1842 3477 1897 ad
3517 1843 3829 1914 augenda

556 1943 780 2009 Urbem,
807 1952 862 1998 et
887 1943 1200 1998 conferendi
1244 1943 1444 2013 sapius
1477 1956 1606 1998 suos
1631 1942 1918 2013 Catalogos
1963 1951 2019 1997 et
2039 1943 2135 1998 do-
2163 1927 2212 1990 Β
2239 1932 2492 2004 angulum
2529 1949 2560 1988 a
2589 1933 2813 1990 minutis
2857 1934 3021 1989 etiam
3045 1934 3292 2004 partibus
3320 1931 3517 2000 objecti
3563 1930 3830 1986 eﬁ'orma-

558 2041 809 2088 euntenta
841 2031 1204 2102 chronologize
1239 2032 1528 2103 pontiﬁeite
1571 2033 1806 2103 propriis
1836 2032 1890 2086 in
1938 2032 2137 2088 codici-

559 2127 660 2182 bus
688 2126 1016 2197 consignata:
1044 2140 1166 2180 eum
1219 2125 1528 2196 archetypis
1554 2125 1919 2181 monumentis
1949 2124 2135 2180 basili-

559 2233 743 2273 carum
771 2216 1209 2287 patriarcbalium
1238 2215 1381 2270 intra
1418 2225 1473 2271 et
1497 2216 1642 2271 circa
1667 2216 1900 2281 Urbem;
1936 2215 1989 2270 in
2014 2215 2139 2286 qui-

558 2309 659 2364 bus
697 2308 951 2378 patebant
997 2307 1170 2362 oculis
1206 2307 1448 2361 omnium
1502 2306 1670 2362 series
1713 2316 1766 2362 et
1821 2307 2140 2377 cpigraphes

560 2399 871 2468 pontiﬁcum
897 2439 912 2463 ,
957 2399 1251 2470 complexa:
1293 2398 1604 2454 earumdem
1655 2398 2029 2454 successiones
2077 2411 2142 2453 ac

562 2499 826 2560 tempora.
858 2489 1095 2545 Eruditis
1127 2498 1310 2545 autetn
1338 2489 1470 2545 viris
1517 2489 1685 2544 maria
1716 2489 2136 2554 transmissuris,

560 2590 653 2634 aut
679 2589 888 2634 montes
916 2579 1273 2649 superaturis,
1304 2594 1370 2634 ac
1417 2579 1600 2650 plures
1645 2578 1954 2649 provincias
1981 2593 2141 2648 pera-

560 2671 832 2740 graturis,
884 2679 944 2724 ut
985 2670 1038 2724 in
1063 2669 1270 2725 italiam
1301 2679 1356 2724 et
1399 2669 1609 2724 Latium
1653 2669 1870 2724 tandem
1897 2669 2144 2740 perveni-

565 2769 717 2824 rent,
763 2774 900 2813 rara:
945 2759 1232 2814 admodum
1271 2759 1588 2814 occasiones
1629 2757 1996 2813 offerebantur
2037 2757 2146 2812 Ro-

563 2866 705 2905 mam
753 2849 1103 2913 concedendi,
1135 2857 1297 2919 atque
1329 2849 1416 2904 hic
1447 2864 1652 2904 moram
1692 2847 2002 2903 diuturnam
2037 2857 2146 2903 tra—

564 2943 744 3008 hendi,
769 2950 824 2996 et
847 2941 1158 2998 necessaria
1189 2939 1264 2995 ita
1293 2940 1520 3010 parandi
1546 2939 1614 2994 ad
1645 2939 1886 3009 picturas
1923 2948 1980 2994 et
2027 2938 2143 3008 epi-

564 3035 794 3104 graphes
837 3032 1123 3104 diligenter
1152 3027 1516 3102 inspiciendas
1544 3029 1739 3084 iterato
1767 3027 2144 3098 experimento

565 3125 729 3198 (quod
761 3126 891 3182 mihi
915 3123 1282 3182 necessarium
1318 3121 1440 3187 fuit,
1471 3121 1599 3177 licet
1631 3122 1698 3176 ab
1726 3121 1883 3177 anuis
1923 3121 2142 3191 triginta

566 3230 772 3291 septem
803 3220 858 3275 in
884 3217 1029 3273 Urbe
1056 3215 1318 3282 versanti,
1347 3223 1403 3270 et
1429 3213 1669 3284 cupienti
1717 3213 1852 3268 nihil
1896 3213 2144 3283 inexplo-

2241 2035 2374 2091 tum,
2423 2041 2533 2096 quo
2580 2027 2882 2082 evidentius
2925 2026 3351 2096 perciperentur.
3407 2024 3644 2081 Directis
3697 2039 3831 2079 vero

2239 2115 2482 2185 pluribus
2507 2116 2650 2172 tubis
2680 2118 2811 2173 hinc
2838 2118 2890 2171 iu
2920 2117 3212 2182 musivunt,
3244 2116 3302 2170 S.
3331 2115 3529 2171 Leonis
3557 2115 3749 2184 Magni
3779 2125 3830 2168 et

2239 2203 2490 2261 Placidia:
2523 2207 2830 2262 nominibus
2876 2207 3226 2278 insignitum,
3281 2207 3406 2262 inde
3456 2207 3510 2261 in
3567 2207 3831 2262 historias

2240 2297 2451 2354 Veteris
2489 2298 2844 2366 Testamenti,
2877 2315 3039 2372 supra
3089 2300 3353 2376 imagines
3408 2300 3739 2370 pontiﬁcum
3777 2300 3830 2354 in

2240 2387 2444 2457 pariete
2473 2391 2694 2444 australi
2727 2389 3027 2456 coloratas,
3061 2399 3119 2445 ut
3153 2391 3348 2462 stylum
3401 2391 3633 2461 pictura:
3683 2401 3833 2445 utro-

2241 2477 2403 2548 bique
2461 2479 2874 2536 observaremus
2918 2490 2973 2535 et
3023 2495 3480 2550 compararemus.
3531 2478 3831 2551 Perspicua

2242 2579 2419 2626 autem
2450 2574 2814 2642 comperimus
2860 2573 3038 2628 vultus
3068 2573 3257 2644 viginti
3283 2582 3518 2642 quatuor
3545 2574 3831 2628 seniorum

2239 2663 2659 2736 Apocalypseos,
2691 2665 2742 2720 in
2774 2666 2984 2721 musivo
3035 2664 3094 2721 S.
3147 2665 3343 2719 Leonis
3391 2663 3724 2731 delineatos,
3763 2666 3832 2718 ita

2242 2759 2446 2816 similes
2489 2771 2610 2813 esse
2639 2757 2874 2821 vultibus
2901 2758 3133 2814 Aaronis
3158 2766 3212 2812 et
3253 2756 3440 2828 Moysi,
3476 2757 3696 2826 pictura
3747 2773 3831 2811 ex-

2242 2851 2446 2923 pressis
2469 2851 2523 2904 in
2560 2850 2876 2906 memoratis
2904 2850 3145 2906 historiis
3175 2849 3365 2915 Exodi,
3411 2849 3688 2919 praecipue
3745 2849 3829 2904 ubi

2243 2941 2426 3014 plagas
2450 2940 2685 3013 Egypto
2736 2941 2912 2997 illatas
2957 2942 3134 3013 pictor
3157 2941 3434 3006 exhibuit,
3467 2949 3527 2995 ut
3582 2941 3828 3011 ejusdem

2244 3035 2470 3090 artiﬁcis
2507 3049 2701 3089 manus
2731 3042 2824 3088 aut
2852 3042 2999 3089 certe
3027 3031 3269 3104 ejusdem
3301 3031 3509 3094 scholae
3536 3033 3829 3088 artiﬁcium

2245 3127 2531 3198 utrobique
2577 3142 2636 3183 se
2664 3126 2876 3198 prodat.
2901 3125 3103 3181 Eadem
3151 3125 3290 3182 ratio
3340 3125 3574 3180 vestium
3605 3140 3831 3195 compo-

2246 3215 2567 3280 nendarum,
2597 3215 2738 3271 idem
2787 3214 2964 3270 cultus
3001 3229 3321 3286 corporum;
3361 3214 3543 3270 omnia
3601 3215 3834 3287 denique

567 3320 745 3366 ratum
789 3310 1094 3380 relinquere
1137 3308 1192 3363 in
1233 3307 1300 3362 iis
1322 3321 1445 3377 qure
1473 3305 1634 3360 dubia
1657 3303 2034 3374 videbantur);
2084 3311 2145 3358 ut
2171 3293 2216 3356 C
2248 3305 2520 3376 ingenium
2551 3307 2793 3362 indicant
2830 3304 3072 3376 ejusdem
3095 3305 3325 3376 opiﬁcis.
3369 3304 3480 3362 Nec
3529 3306 3729 3376 dispar
3757 3317 3834 3363 est

567 3402 884 3465 monachus,
907 3398 1137 3470 exempli
1169 3412 1331 3453 causa
1351 3435 1367 3462 ,
1415 3392 1650 3451 cmnobii
1693 3392 1746 3448 iu
1777 3391 1952 3447 Gallia
1975 3391 2060 3446 vel
2089 3391 2145 3446 in

568 3493 842 3548 Britannia
871 3491 960 3547 siti
995 3491 1184 3546 eadem
1225 3487 1484 3545 facilitate
1525 3485 1710 3541 omnia
1750 3483 1982 3540 lustrare
2021 3497 2147 3554 pos-

569 3596 684 3651 set,
739 3601 842 3656 qua
891 3585 1066 3656 putuit
1112 3583 1410 3638 monachus
1455 3581 1687 3636 abbatis:
1740 3579 2016 3635 Farfensis
2053 3585 2148 3633 aut

569 3677 847 3742 Cavensis,
878 3691 1037 3746 quem
1077 3675 1253 3730 studia
1300 3673 1600 3728 amicorum
1629 3673 1870 3729 omnium
1906 3679 1963 3726 et
2002 3687 2148 3727 com-

569 3766 980 3838 provincialium
1011 3763 1304 3833 juvabaut,
1356 3773 1415 3819 ut
1461 3779 1550 3819 me
1604 3762 1927 3832 adiuvarent
1972 3762 2027 3817 in
2056 3763 2142 3820 his

571 3857 837 3912 morosius
861 3854 1220 3926 disquirendis
1247 3869 1312 3909 ac
1339 3853 1753 3921 distinguendis.

642 3953 810 4010 Nemo
847 3961 1009 4009 etiam
1061 3967 1168 4007 non
1219 3955 1483 4006 concedet
1534 3949 1816 4005 oculorum
1876 3947 2144 4004 fallaciam

569 4060 690 4100 esse
719 4043 1054 4113 frequentem
1083 4041 1138 4096 in
1167 4040 1406 4096 numeris
1448 4038 1846 4102 deseribeudis,
1879 4037 2148 4108 praecipue

569 4153 693 4192 eum
719 4151 784 4191 ex
814 4134 1000 4190 humili
1029 4133 1168 4198 loco,
1209 4148 1277 4188 ex
1305 4131 1610 4200 pavimento
1640 4130 1849 4186 scilicet
1884 4129 2145 4196 ecclesia',

571 4231 766 4300 hospes
808 4229 1058 4284 observat
1103 4225 1424 4296 epigraphes
1448 4232 1504 4280 et
1549 4222 1762 4278 litteras
1799 4237 2146 4278 numerorum

572 4320 775 4374 indices
801 4359 815 4383 ,
862 4317 1101 4386 depictas
1146 4315 1200 4370 in
1245 4314 1458 4372 etlitiori
1488 4313 1624 4376 loco,
1667 4327 1841 4381 eoque
1867 4327 1975 4366 non
2013 4312 2148 4369 satis

573 4411 739 4473 claro,
770 4418 894 4464 totts
937 4408 1186 4463 ducentis
1215 4410 1530 4476 plerumque
1571 4404 1765 4475 palmis
1799 4405 1942 4461 inter
1974 4407 2150 4476 pictu-

575 4515 664 4555 ras
685 4507 743 4553 ct
772 4496 984 4552 oculum
1018 4495 1352 4564 interceptis,
1377 4503 1578 4564 quanta
1625 4503 1708 4550 est
1751 4494 2004 4549 distantia
2048 4498 2149 4552 ob-

573 4591 914 4650 servantibus
937 4607 1003 4647 ex
1027 4590 1337 4660 pavimento
1368 4587 1609 4643 basilicae
1638 4587 1809 4642 sancti
1838 4585 2006 4642 Pauli.
2030 4587 2147 4645 Non

2249 3399 2508 3455 habitudo
2537 3400 2814 3465 facierum,
2841 3413 2976 3469 quas
3003 3399 3190 3454 tribuit
3210 3400 3386 3469 pictor
3403 3400 3636 3456 summis
3655 3401 3833 3470 ponti-

2248 3489 2462 3556 ﬁcibus,
2505 3489 2560 3544 in
2605 3505 2671 3545 ea
2695 3489 2836 3546 serie
2861 3488 3141 3560 dispositis
3175 3505 3206 3544 a
3253 3488 3311 3544 S.
3355 3489 3518 3546 Petro
3555 3489 3629 3544 ad
3678 3491 3834 3546 Inno-

2247 3583 2483 3638 centium
2536 3581 2792 3653 primum,
2837 3581 3102 3638 exhibens
3146 3590 3417 3652 protomeu
3467 3582 3833 3653 singulorum,

2247 3681 2496 3728 ornatam
2527 3674 2755 3730 candida
2786 3675 2988 3741 tunica,
3015 3675 3302 3746 purpureis
3347 3675 3525 3731 limbis
3577 3676 3831 3732 distincla

2248 3765 2302 3820 in
2332 3763 2548 3831 futuris,
2577 3774 2632 3820 et
2660 3765 2822 3835 pallio
2847 3766 3075 3822 candido
3105 3767 3348 3823 humeris
3371 3767 3664 3838 superfuso
3682 3785 3699 3821 :
3719 3786 3831 3840 qua:

2248 3859 2522 3930 imagines,
2564 3875 2658 3915 seu
2681 3868 2940 3930 protomu
2967 3859 3280 3930 singillatim
3310 3859 3666 3917 includuntur
3713 3880 3831 3918 ama

2247 3949 2567 4006 orbicularis
2619 3949 2845 4021 ﬁgurae,
2899 3965 2991 4006 seu
3062 3949 3251 4022 clypeo
3310 3948 3498 4023 (unde
3552 3955 3834 4008 veteribus

2249 4041 2407 4097 dictae
2441 4051 2567 4097 sunt
2592 4029 2843 4112 imagines
2869 4041 3140 4114 clypeatte)
3162 4083 3178 4109 ,
3213 4043 3457 4114 apposita
3477 4043 3716 4115 singulis
3744 4061 3830 4100 or-

2249 4132 2442 4188 biculis
2466 4133 2612 4188 brevi
2653 4133 2964 4205 epigraphe,
2989 4133 3320 4204 palmaribus
3335 4134 3532 4190 litteris
3562 4135 3834 4190 indicante

2249 4239 2444 4280 nomen
2474 4223 2766 4295 pontiﬁcis,
2795 4233 2851 4280 et
2878 4241 3181 4290 annorum,
3220 4225 3485 4280 mensium
3532 4241 3599 4280 ac
3627 4228 3831 4282 dierum

2249 4333 2536 4372 numerum
2575 4317 2667 4388 qui
2714 4316 2956 4388 ejusdem
3001 4316 3116 4372 sedi
3169 4316 3501 4372 tribuuntur.
3561 4316 3680 4373 llas
3714 4334 3834 4373 vero

2249 4407 2570 4478 epigraphcs
2596 4422 2718 4463 esse
2765 4407 3031 4464 contendo
3077 4407 3434 4479 archetypum
3483 4412 3829 4478 prmstantis-

2251 4498 2447 4553 simum
2477 4497 2718 4568 Catalogi
2755 4498 3098 4569 pontiﬁcalis,
3120 4515 3185 4556 ex
3217 4500 3467 4570 genuinis
3494 4501 3834 4558 documentis

2254 4589 2509 4646 Romamn
2556 4590 2810 4646 Ecclesiae
2843 4591 3188 4661 productum,
3218 4593 3402 4664 ibique
3450 4595 3834 4667 consignatum

571 4685 773 4758 pigebit
808 4699 872 4738 ea
919 4658 1159 4738 breviter
1210 4679 1470 4745 indicare,
1511 4693 1631 4748 qua:
1683 4693 1824 4734 anno
1882 4679 2146 4749 superiori
2175 4658 2226 4718 Ῑ)
2250 4689 2409 4736 aetate
2433 4681 2628 4736 Leonis
2665 4658 2862 4751 Magni,
2902 4682 3098 4737 merito
3139 4658 3179 4738 ad
3224 4658 3381 4741 nobis
3430 4658 3832 4742 observandum

572 4779 710 4835 1720
738 4774 1120 4848 przestilimus,
1157 4787 1253 4843 per
1296 4771 1413 4827 dies
1454 4769 1636 4839 plures
1683 4770 1890 4825 iteratis
1938 4772 2150 4841 experi-

572 4871 798 4936 mentis,
844 4876 901 4924 ut
927 4883 1116 4924 verum
1144 4866 1365 4920 ductum
1395 4862 1698 4919 litterarum
1724 4879 2020 4932 earumque
2049 4881 2148 4920 nu-

579 4975 783 5015 lllCl‘lllll
813 4971 1248 5028 assequeremur.

642 5051 698 5105 ιι.
724 5050 875 5106 Licet
895 5051 1037 5106 enim
1071 5047 1340 5120 palmares
1368 5045 1479 5100 siut
1500 5046 1842 5102 characteres
1863 5043 2040 5101 Latini
2070 5043 2147 5100 al-

571 5141 810 5214 pltabeti,
857 5141 1051 5210 quibus
1107 5148 1359 5196 constant
1401 5139 1762 5211 epigraphes,
1822 5140 2042 5196 nomina
2096 5145 2154 5194 et

571 5233 971 5303 chronologiatn
1025 5233 1338 5303 pontiﬁcum
1375 5233 1722 5288 enuntiantes
1777 5233 1831 5288 in
1867 5234 2010 5288 serie
2039 5245 2152 5287 me-

487 5334 496 5342 ”
572 5335 781 5385 morata
799 5324 953 5380 navis
977 5325 1165 5380 mediae
1185 5340 1249 5380 ac
1286 5324 1456 5380 latere
1495 5323 1718 5380 australi
1746 5323 1982 5380 basilicae
2023 5339 2154 5380 san-

572 5418 645 5474 cti
670 5416 845 5480 Pauli,
870 5414 921 5468 in
952 5429 1016 5470 ea
1048 5421 1224 5468 tamen
1249 5414 1504 5469 distantia
1534 5414 1886 5470 ducentorum
1908 5414 2023 5470 fere
2044 5414 2154 5485 pal-
2215 5456 2227 5472 .

574 5523 782 5564 morum
809 5521 842 5561 a
870 5513 1220 5574 conspectore
1249 5504 1302 5558 in
1334 5506 1640 5575 pavimento
1663 5506 1842 5574 posito
1866 5520 2010 5576 aegre
2053 5505 2150 5560 ad-

574 5598 790 5654 modum
813 5594 1048 5650 discerni
1089 5602 1334 5664 possunt,
1373 5594 1478 5649 nisi
1503 5593 1664 5664 pleno
1694 5593 1898 5649 lumine
1926 5593 2147 5664 perfun-

573 5689 770 5744 dantur
795 5701 891 5759 per
938 5685 1066 5743 solis
1095 5685 1270 5740 radtor
1298 5725 1313 5751 ,
1337 5700 1367 5740 a
1399 5684 1651 5740 fenestris
1697 5685 2047 5756 amplioribus
2091 5685 2148 5743 in

576 5783 752 5838 fronte
781 5778 1098 5836 occidentali
1126 5778 1368 5836 ecclesia:
1408 5776 1675 5833 admissos
1717 5779 1867 5834 horis
1904 5778 2146 5850 pomeri-

577 5873 782 5943 dianis;
821 5888 939 5946 qua:
989 5881 1168 5929 tamen
1220 5872 1467 5928 fenestra:
1506 5868 1770 5944 proximis
1820 5868 2148 5945 imaginibus

2249 4789 2313 4830 ac
2339 4775 2764 4839 describendum,
2797 4783 2852 4832 et
2875 4776 3259 4833 conferendum
3284 4795 3409 4836 cum
3435 4785 3680 4846 vetustis
3723 4784 3824 4839 Ca-

2251 4864 2444 4935 talogis
2470 4864 2638 4920 multo
2665 4865 2870 4936 majore
2909 4881 3042 4922 cura
3068 4883 3228 4938 quam
3269 4869 3588 4940 impendant
3619 4875 3833 4944 politio-

2250 4972 2370 5012 rum
2426 4955 2728 5012 litterarum
2780 4958 3008 5014 studiosi
3051 4959 3102 5014 in
3147 4959 3465 5033 colligendis
3514 4963 3831 5037 fragmentis

2249 5050 2430 5118 Ennii,
2451 5051 2669 5108 Catonis
2695 5053 3032 5125 aliorumque
3069 5055 3313 5124 profana:
3353 5057 3683 5116 eruditionis
3711 5062 3831 5117 insi-

2255 5142 2440 5214 gnium
2466 5142 2810 5211 scriptorum.
2839 5141 3030 5199 Omnia
3065 5143 3268 5202 idcirco
3306 5147 3546 5204 subsidia
3594 5151 3828 5222 undique

2253 5233 2678 5309 conquisivimus
2733 5234 2800 5289 ad
2837 5235 3000 5290 hasce
3049 5236 3375 5309 epigraphes
3419 5239 3592 5297 nitide
3641 5243 3828 5298 distin-

2255 5326 2494 5396 guendas
2523 5340 2588 5380 ac
2619 5306 2850 5380 ﬁdeliter
2875 5306 3278 5384 describendas.

2326 5413 2423 5471 llis
2443 5426 2622 5471 autem
2647 5415 2903 5472 subsidiis
2925 5417 3166 5473 destituti
3195 5419 3520 5490 (praesertim
3545 5422 3826 5496 dioptricis

2255 5505 2685 5580 telescopiorum)
2725 5507 2816 5578 qui
2847 5517 2974 5564 ante
3010 5510 3285 5566 inventum
3314 5515 3630 5571 eorumdem
3671 5517 3825 5574 nudis

2252 5597 2423 5653 oculis
2441 5613 2507 5654 ex
2547 5599 2851 5668 pavimento
2886 5601 3281 5669 observabant,
3329 5605 3618 5664 allueinari
3672 5609 3826 5666 facile

2251 5696 2502 5759 poterant
2526 5689 2580 5742 in
2606 5689 2799 5747 litteris
2843 5693 3270 5751 numerabilibus
3316 5698 3726 5768 discernendis;
3772 5711 3822 5758 et

2251 5779 2398 5836 nullo
2439 5780 2650 5852 negotio
2688 5781 2898 5854 signum
2921 5784 3155 5856 quinarii
3179 5785 3225 5842 ν
3251 5788 3588 5851 substituere
3627 5795 3740 5852 suis
3768 5794 3821 5849 in

2204 5948 2207 5952 .
2235 5870 2510 5954 exemplis
2548 5879 2796 5949 poterant
2821 5889 2921 5952 pro
2965 5875 3177 5955 integra
3205 5878 3412 5942 denarii
3443 5893 3571 5944 nota
3597 5882 3647 5944 Χ
3674 5885 3819 5966 cujus
