3976 6312
146 383 260 439 265

875 375 1240 434 BLANCHlNl
1283 373 1591 430 DISSERT.
1637 375 1722 429 DE
1761 374 1918 430 ANT.
1965 375 2078 429 RR.
2120 373 2322 430 PONT.
2366 373 2704 430 CATALOG.

3317 373 3423 426 266

144 498 379 557 dimidia
410 510 538 566 pars
576 493 630 549 in
671 492 962 562 exemplari
997 491 1216 562 pulvere
1237 491 1411 546 obsita
1433 465 1739 544 .delitesce-
1768 495 1814 553 Λ
1846 491 1946 546 bus
1991 505 2152 559 quam
2203 490 2253 543 in
2280 464 2491 543 caneris
2517 487 2727 542 duabus
2756 485 2991 541 basilicis
3023 527 3036 549 ,
3079 502 3214 556 quas
3269 487 3422 542 adire

149 600 258 653 ret,
306 597 404 644 aut
433 586 636 642 lumine
657 599 764 639 non
799 583 936 638 satis
964 583 1142 636 vivido
1180 580 1617 651 perfunderetur,
1646 589 1738 633 aut

153 679 422 735 imbrium
489 675 855 732 decidentium
912 672 1110 741 injuria
1163 673 1360 727 coloris
1413 671 1740 726 evidentiam

148 769 452 825 amisisset.
507 765 708 821 Eadem
757 764 1074 819 difﬁcultate
1137 763 1452 818 laborarunt
1499 762 1554 816 in
1595 777 1740 817 asse-

149 864 374 933 quendo
405 859 675 915 unitatum
726 872 990 920 numero,
1048 857 1136 910 ubi
1193 856 1373 926 plures
1423 869 1482 909 se
1510 855 1740 916 invicem

157 960 605 1023 consequuntur;
631 966 696 1005 ae
721 949 947 1019 proinde
978 947 1066 1002 VII
1089 963 1186 1017 pro
1219 946 1348 1012 Vill,
1371 961 1521 1015 atque
1545 961 1608 1000 ac
1634 945 1741 1000 Vllf

149 1046 388 1103 reddere
418 1058 519 1114 pro
551 1040 640 1095 VII
671 1047 980 1110 potuerunt,
1010 1038 1102 1091 ubi
1146 1037 1292 1092 acies
1335 1037 1610 1090 oculorum
1643 1038 1743 1090 im-

149 1137 481 1210 pediebatur
523 1131 764 1188 externis
805 1128 1067 1198 ejusmodi
1120 1127 1572 1183 occultatiouibus
1616 1129 1743 1182 cha-

150 1241 373 1286 racteru
381 1244 454 1281 m.

221 1324 340 1378 Nos
397 1321 466 1375 ad
510 1319 625 1373 haec
667 1316 1046 1386 impedimenta
1091 1313 1389 1368 amovenda
1435 1312 1748 1380 impetravi-

153 1430 277 1470 mus
316 1423 432 1466 tutn
457 1427 486 1464 a
517 1398 864 1463 sanctissimo
891 1405 1051 1460 Patre
1077 1403 1358 1459 Clemente
1387 1402 1479 1468 XI,
1507 1403 1660 1472 cujus
1690 1402 1742 1456 itt

154 1499 769 1579 patriarchalihasiliea
803 1499 856 1551 id
894 1506 1014 1551 erat
1056 1499 1370 1551 tentandum
1395 1534 1410 1559 ,
1468 1505 1580 1549 tum
1607 1511 1635 1548 a
1664 1510 1748 1550 re-

154 1595 554 1652 verendissimo
574 1591 770 1646 abbate
789 1598 845 1643 et
865 1589 1147 1642 monachis
1164 1586 1472 1642 Cassineusi
1481 1588 1581 1642 bus
1595 1603 1656 1642 ea
1665 1603 1746 1640 m-

159 1689 279 1744 dem
325 1682 740 1755 religiosissime
765 1680 1208 1750 procurantibtts,
1241 1687 1300 1732 ut
1329 1679 1598 1749 longiores
1628 1694 1748 1733 sca-

160 1780 236 1834 las
271 1778 572 1832 admovere
613 1774 826 1834 liceret,
858 1785 992 1839 quas
1020 1771 1088 1823 ab
1119 1768 1263 1825 Urbe
1306 1769 1498 1824 adduci
1535 1770 1749 1823 curavi-

158 1886 298 1935 mus,
328 1878 391 1924 et
423 1883 523 1938 per
550 1867 825 1923 ministros
855 1869 1075 1923 idoneos
1117 1882 1223 1922 non
1267 1867 1441 1922 solum
1468 1865 1648 1931 scopis
1686 1879 1750 1918 ac
1782 1847 1826 1904 Β

160 1961 342 2016 linteis
372 1959 576 2025 everri,
619 1969 674 2013 et
699 1961 979 2028 pulverem
1016 1959 1274 2028 abstergi,
1304 1974 1412 2027 quo
1439 1956 1640 2012 clarius
1666 1957 1756 2010 lit-

160 2064 288 2109 terae
310 2062 372 2108 et
400 2052 614 2108 colores
644 2061 1003 2122 apparerent,
1033 2065 1222 2106 verum
1263 2050 1427 2104 etiam
1478 2047 1755 2104 effecimus

163 2153 216 2197 ut
237 2143 410 2198 iidem
440 2142 620 2196 idonei
647 2142 749 2196 viri
779 2142 872 2210 qui
910 2140 1087 2196 scalas
1110 2140 1396 2211 portatiles
1425 2138 1758 2194 conscende-

161 2243 299 2299 rant,
334 2233 586 2289 absterso
612 2232 834 2303 pulvere
858 2233 1056 2302 digitos
1080 2234 1431 2287 admoverent
1462 2233 1528 2286 ad
1550 2232 1758 2286 litteras

160 2324 444 2396 singulas,
495 2339 693 2393 easque
729 2324 1049 2378 nominatim
1101 2323 1461 2378 inclamarent
1509 2323 1684 2387 nobis,
1727 2339 1758 2376 e

161 2417 480 2487 pavimento
530 2418 945 2472 observantibus
987 2432 1088 2486 per
1134 2418 1291 2472 tubos
1343 2416 1573 2485 opticos,
1633 2409 1772 2470 num"

163 2518 464 2578 conspectu
495 2517 682 2563 nostro
703 2509 891 2563 eadem
915 2509 1172 2563 iudicatio
1198 2508 1429 2562 ﬁdeliter
1451 2515 1758 2577 appareret,

162 2613 281 2667 qua:
302 2612 445 2653 voce
492 2599 765 2670 tangentis
801 2599 1014 2653 litteras
1054 2600 1450 2670 proferebatur.
1475 2598 1758 2654 Veteribus

164 2685 266 2742 illis
289 2688 666 2758 cbronologia:
695 2689 990 2759 pontiﬁcire
1013 2689 1274 2744 studiosis
1302 2690 1528 2744 Romam
1555 2689 1758 2743 adven-

166 2782 408 2836 tantibus
435 2791 564 2836 ante
592 2781 869 2836 inventum
903 2783 1217 2853 telescopii,
1256 2799 1320 2837 ac
1348 2783 1543 2838 seriem
1577 2785 1756 2847 istam,

165 2879 221 2926 et
245 2880 408 2927 notas
457 2873 872 2945 chronologicas
904 2875 1270 2930 transcribere
1314 2877 1670 2940 tentantibus,
1699 2877 1760 2930 li-

166 2978 310 3032 gnea
331 2964 551 3020 castella
575 2975 728 3020 erant
756 2967 1082 3031 adhibenda,
1109 2977 1163 3021 et
1185 2967 1412 3039 singulis
1439 2968 1760 3038 imaginibus

167 3062 334 3124 atque
356 3055 800 3126 inscriptionibus
842 3058 1178 3113 admovenda
1211 3059 1456 3127 plurimis
1505 3075 1624 3113 cum
1662 3060 1760 3112 im-

166 3146 351 3215 pensis
378 3157 437 3203 et
473 3150 618 3204 curis
644 3189 658 3214 ,
707 3157 768 3204 ut
808 3150 926 3220 pari
983 3149 1239 3205 felicitate
1287 3151 1500 3220 assequi
1539 3162 1758 3220 possent

168 3253 430 3295 numeros
458 3241 562 3296 hoc
601 3242 656 3295 in
687 3241 984 3313 archetypo
1023 3241 1286 3298 Romanis
1313 3243 1509 3298 litteris
1549 3244 1758 3299 colora-

169 3339 270 3386 tos.
301 3331 520 3399 Quanta
563 3348 694 3389 vero
739 3334 1030 3391 difficultas
1071 3337 1145 3391 sit
1183 3337 1485 3406 hospitibus
1531 3337 1758 3392 Romam

168 3423 514 3490 adeuntibus,
563 3433 622 3478 ut
647 3441 869 3482 emenso
902 3428 1063 3500 longo
1096 3429 1290 3486 itinere
1322 3431 1387 3486 de
1421 3432 1660 3486 castellis
1705 3441 1759 3487 et

172 3515 443 3570 machinis
460 3516 701 3586 cogitent
718 3517 785 3571 ab
808 3517 955 3574 Urbe
972 3519 1026 3573 in
1053 3519 1334 3574 basilicam
1361 3521 1753 3576 transferendis

173 3611 225 3657 et
255 3605 560 3674 erigendis,
592 3615 651 3659 ut
675 3607 925 3662 sordibus
946 3610 1208 3677 parietum
1259 3610 1509 3677 detersis,
1543 3613 1759 3668 litteras

169 3692 474 3750 evidentius
496 3695 564 3750 de
583 3697 834 3766 proximo
865 3699 1255 3765 transeribant,
1287 3701 1573 3772 imaginari
1601 3703 1760 3757 facile

170 3787 365 3854 poterit
393 3788 648 3857 quisquis
671 3789 1013 3844 altitudinem
1037 3792 1302 3860 parietum
1330 3802 1385 3846 et
1421 3793 1759 3863 picturarum

171 3877 484 3932 distantiam
511 3894 542 3932 a
572 3881 884 3950 pavimento
916 3883 1244 3938 consideret.

239 3966 548 4024 Mirandum
594 3970 759 4040 igitur
793 3987 900 4027 non
950 3983 1033 4028 est
1079 3974 1123 4027 si
1175 3982 1255 4029 tot
1284 3974 1560 4048 Catalogi,
1593 3978 1759 4033 etiam

172 4058 468 4129 antiquitus
503 4062 762 4132 descripti
790 4064 859 4117 ab
889 4064 972 4120 his
1013 4064 1217 4120 eisdem
1258 4067 1506 4136 picturis,
1549 4078 1602 4122 et
1649 4071 1761 4138 epi-

170 4151 567 4216 grammatibus
601 4153 946 4207 basilicarum
981 4154 1140 4209 Urbis
1167 4172 1262 4225 per
1299 4158 1544 4227 hospites
1570 4168 1626 4214 et
1669 4174 1762 4228 pe-

173 4243 416 4312 regrinos
445 4252 752 4298 exterarum
775 4246 1077 4313 nationum,
1101 4249 1328 4303 Romam
1358 4251 1466 4305 voti
1499 4260 1591 4304 aut
1637 4252 1763 4321 reli-

172 4334 342 4400 gionis
367 4350 535 4390 causa
567 4337 849 4402 adeuntes,
889 4348 1038 4393 tanta
1061 4326 1409 4396 numerorum
1447 4343 1762 4398 diversitate

175 4424 314 4482 inter
354 4443 416 4484 se
464 4427 736 4493 differant,
788 4430 914 4486 licet
963 4432 1031 4486 ab
1085 4434 1273 4488 eodem
1328 4435 1481 4489 fonte
1531 4435 1762 4491 fortasse

173 4517 369 4576 fuerint
396 4521 572 4591 petiti.
597 4521 732 4577 Cum
771 4524 917 4578 enim
955 4525 1128 4581 tribus
1158 4527 1212 4580 in
1235 4527 1478 4582 basilicis
1499 4527 1759 4583 Romanis
1789 4562 1837 4621 Β

173 4615 378 4686 depicta
413 4615 593 4669 forent
631 4617 855 4686 antiqua
903 4619 1145 4686 exempla
1195 4617 1434 4687 ejusdem
1487 4622 1649 4676 seriei
1703 4631 1758 4675 et

174 4706 531 4777 chronologiat
581 4705 780 4775 (quam
848 4707 1100 4762 1Nicolaus
1148 4708 1213 4763 lll
1266 4719 1392 4765 ante
1435 4727 1606 4766 annos
1652 4711 1758 4768 450

177 4795 414 4853 inferiori
462 4798 581 4852 loco
619 4799 674 4853 in
707 4799 932 4869 singulis
963 4801 1262 4856 iterandam
1293 4804 1502 4874 duxit),
1555 4805 1760 4874 aliquot

179 4888 380 4942 numeri
437 4888 618 4943 minus
670 4889 950 4944 evidentes
1004 4891 1057 4944 in
1112 4891 1466 4948 Lateranensi
1498 4936 1513 4960 ,
1576 4911 1758 4950 exem-

179 4974 244 5044 pli
293 4991 480 5040 causa,
513 4993 674 5046 quam
731 4979 784 5032 in
822 4979 1112 5043 Vaticana,
1167 4990 1259 5035 aut
1315 4983 1368 5036 itt
1425 4985 1523 5037 hac
1578 4985 1757 5040 minus

178 5082 333 5135 quam
363 5069 416 5123 in
445 5069 690 5133 Paulina,
730 5071 773 5125 si
807 5088 837 5126 a
870 5073 1205 5141 descriptore
1257 5075 1414 5128 unica
1464 5085 1671 5130 tantum
1705 5079 1757 5130 in

179 5155 396 5212 basilica
437 5161 778 5226 observante,
809 5163 978 5232 idque.
1019 5165 1233 5233 raptim,
1270 5173 1326 5217 ut
1377 5165 1609 5221 viatores
1641 5168 1755 5236 ple-

182 5266 404 5320 rumque
432 5253 643 5317 solent,
693 5266 786 5310 aut
817 5257 933 5312 acie
963 5257 1243 5312 oculorum
1291 5259 1573 5315 inﬁrmiori
1624 5278 1760 5330 prte-

181 5342 291 5398 dito
336 5347 731 5415 exciperentur,
768 5350 1144 5404 transformari
1201 5350 1358 5406 facile
1409 5363 1657 5422 poterant
1705 5356 1758 5408 in

183 5447 428 5491 numeros
455 5436 800 5502 differentes;
853 5439 978 5492 dum
1030 5441 1166 5494 alius
1198 5442 1499 5512 descriptnr
1541 5445 1759 5498 eviden-

184 5531 346 5579 ttores
393 5537 586 5582 nactus
637 5528 688 5580 in
739 5529 841 5582 alia
894 5530 1148 5593 basilica,
1184 5548 1344 5600 quam
1391 5534 1623 5602 hospitio
1663 5551 1760 5588 suo

184 5615 559 5678 proximiorem
584 5618 855 5674 lubentius
888 5621 1115 5676 fortasse
1146 5625 1623 5686 adibal,numeros
1639 5642 1759 5679 exa-

183 5708 265 5754 cte
289 5706 513 5760 reddidit
545 5709 596 5760 in
623 5725 721 5762 suo
749 5711 1020 5780 exemplo,
1040 5722 1319 5767 erratttrus
1350 5725 1528 5768 tamen
1556 5717 1607 5768 in
1639 5717 1757 5770 aliis

185 5797 669 5865 numerisejusdem
698 5801 954 5862 basilicae,
973 5803 1151 5857 minus
1180 5805 1430 5860 distincte
1451 5808 1756 5876 apparenti-

458 5895 728 5953 PA'I‘RUL.
775 5896 1084 5960 CXXV“.

1843 582 1909 636 ad
1938 581 2294 636 conferendas
2335 579 2654 649 cpigrapbes
2689 578 2765 632 illi
2796 593 2902 632 non
2929 578 3177 633 vacabat.
3209 578 3418 634 Praeci-

1841 688 2000 742 puam
2038 673 2178 727 hanc
2239 673 2404 726 fuisse
2457 686 2676 726 causam
2725 670 2917 740 opinor
2970 672 3298 726 diversitatis
3345 681 3422 726 tot

1843 765 1896 818 in
1936 764 2226 834 Catalogos
2274 767 2525 831 inductaa,
2569 782 2731 834 quam
2772 767 2964 821 deinde
3020 769 3172 823 novis
3217 770 3424 823 errori-

1842 859 1944 913 bus
1989 859 2329 914 cumularunt
2381 875 2742 914 amanuenses
2795 871 3014 915 aetatum
3067 862 3418 930 sequiorum,

1847 957 1957 1002 tum
2006 949 2096 1002 ubi
2147 961 2304 1004 uetas
2331 951 2639 1004 numerales
2686 959 3058 1018 perverterent
3108 952 3420 1014 incuriose,

1845 1048 1960 1094 tum
2003 1041 2091 1094 ubi
2158 1040 2212 1095 in
2265 1041 2544 1096 codicibus
2598 1041 2938 1097 oblitteratas
2985 1044 3244 1099 audacter
3300 1059 3427 1112 sup-

1848 1133 2058 1203 plerent
2105 1144 2198 1188 aut
2248 1135 2542 1189 oscitanter
2570 1129 2940 1204 praeterirent;
3000 1150 3099 1191 nec
3139 1137 3426 1206 quisquam

1848 1215 2178 1293 reperiretur
2201 1225 2293 1293 qui
2319 1225 2580 1294 cogitaret
2602 1225 2668 1280 de
2694 1228 3107 1282 transmittendo
3130 1229 3197 1282 ad
3226 1227 3424 1282 Urbem

1848 1313 2095 1383 exemplo
2136 1315 2216 1370 sui
2249 1315 2476 1379 codicis,
2522 1324 2580 1368 ut
2624 1317 2832 1370 numeri
2877 1317 3259 1374 conferrentur
3304 1334 3428 1374 cum

1848 1406 2150 1478 prototypis
2177 1407 2549 1472 basilicarum,
2580 1422 2810 1476 quarum
2841 1408 2908 1462 de
2937 1408 3160 1477 picturis
3188 1418 3243 1464 et
3271 1409 3428 1464 citro-

1851 1499 2064 1569 nologia
2111 1499 2243 1553 nihil
2274 1497 2562 1553 admodum
2607 1500 2921 1556 suboluerat
2970 1503 3282 1572 antiquario
3333 1514 3431 1558 aut

1850 1589 2284 1655 bibliothecario,
2336 1591 2543 1646 dissitis
2595 1591 2646 1645 in
2699 1592 2990 1659 provinciis
3038 1594 3241 1663 agenti,
3285 1603 3339 1648 et
3377 1596 3430 1649 in

1855 1679 1998 1736 Urbe
2025 1695 2299 1750 nunquam
2334 1691 2562 1736 versato.

1925 1774 1979 1828 5.
2007 1773 2134 1828 llaec
2160 1773 2324 1845 igitur
2346 1774 2596 1844 praesidia
2626 1776 3045 1845 comparationis
3057 1787 3115 1831 et
3141 1777 3430 1850 inspectio-

1855 1865 1962 1924 nis.
1996 1875 2184 1935 paratu
2221 1867 2510 1921 admodum
2551 1865 2789 1922 difficilia
2835 1867 3137 1937 hospitibus
3171 1885 3204 1924 e
3244 1870 3434 1925 dissita

1857 1956 2077 2025 regione
2128 1956 2196 2010 ad
2243 1956 2443 2010 Urbem
2489 1958 2877 2013 accedentibus
2905 1999 2919 2024 ,
2966 1959 3251 2016 commode
3303 1961 3436 2016 satis

1857 2057 2044 2116 patere
2067 2057 2320 2117 poterant
2371 2049 2726 2117 scriptoribus
2770 2057 2824 2104 et
2869 2049 3327 2117 bibliothecariis,
3385 2053 3438 2106 in

1858 2137 2034 2200 Latio,
2077 2135 2296 2192 Sabinis
2319 2146 2376 2191 et
2401 2136 2699 2207 Campania
2729 2139 3216 2204 commorantibus,
3244 2141 3438 2212 quibus

1860 2221 2034 2286 facilis
2067 2231 2134 2284 ad
2168 2231 2366 2286 Urbem
2395 2245 2670 2298 accessus,
2699 2233 2823 2286 dum
2854 2241 3000 2288 sarta
3033 2244 3175 2290 tecta
3204 2233 3439 2290 basilicas

1859 2331 2217 2384 curarentur,
2267 2322 2610 2377 occasionem
2656 2324 2984 2392 paratiorem
3025 2324 3223 2380 offerre
3267 2327 3438 2396 potuit

1861 2430 1988 2471 suos
2023 2415 2314 2486 Catalogos
2349 2432 2472 2471 cum
2504 2417 2653 2471 hisce
2681 2416 2907 2484 picturis
2943 2418 3011 2472 de
3043 2419 3290 2488 proximo
3315 2432 3419 2472 con

1861 2505 2113 2562 ferendi:
2145 2509 2289 2577 quod
2337 2507 2504 2561 etiam
2551 2508 2800 2563 obtinere
2841 2523 2947 2563 non
2991 2507 3278 2563 difﬁculter
3319 2524 3423 2564 con

1863 2595 1984 2666 tigit
2037 2596 2249 2651 caeteris
2299 2597 2353 2650 in
2407 2595 2559 2656 Italia
2613 2597 2960 2663 constitutis,
3015 2605 3068 2651 et
3122 2598 3190 2652 ad
3243 2595 3440 2652 Urbem

1863 2688 2065 2758 pluries
2103 2688 2363 2743 evocatis.
2399 2688 2473 2742 Ea
2503 2687 2668 2758 igitur
2695 2688 3060 2744 consideratio
3099 2704 3198 2744 nos
3233 2687 3441 2758 impulit

1863 2788 1924 2832 ut
1984 2779 2290 2834 Italicorum
2347 2779 2696 2834 archivorum
2751 2779 2967 2834 codices
3014 2780 3339 2835 vetustiores
3390 2780 3442 2834 in

1864 2869 2214 2940 chronologia
2270 2868 2548 2939 pontiﬁcia
2606 2868 2944 2934 ordinanda,
3016 2879 3072 2924 et
3121 2885 3246 2924 cum
3296 2869 3441 2924 hisce

1862 2963 2094 3032 picturis
2128 2961 2456 3017 conferenda
2495 2961 2876 3032 praeferremus
2911 2963 3141 3028 caateris,
3183 2963 3298 3033 pari
3330 2963 3428 3018 for-

1867 3065 2008 3110 tasse
2052 3055 2376 3124 antiquitate
2422 3055 2833 3124 prmstantibus,
2879 3055 2974 3110 sed
3013 3055 3170 3126 longe
3197 3056 3266 3111 ab
3295 3055 3442 3110 Italia

1863 3145 2068 3200 dissitis
2118 3146 2173 3199 in
2228 3145 2576 3200 bibliothecis
2621 3154 2677 3197 et
2723 3144 2961 3200 archivis
3011 3144 3139 3200 olim
3187 3146 3444 3215 depositis

1813 3246 1829 3267 ι
1864 3244 1955 3289 aut
2012 3235 2306 3291 asservatis
2363 3235 2449 3289 vel
2515 3234 2866 3305 transcriptis
2917 3249 3013 3304 per
3061 3249 3156 3291 eos
3204 3236 3298 3306 qui
3344 3233 3424 3291 Ur

1861 3330 1985 3384 hem
2031 3331 2184 3385 adire
2233 3339 2288 3385 et
2327 3346 2447 3386 cum
2500 3331 2704 3387 nostris
2753 3331 3001 3387 conferre
3056 3332 3280 3388 minime
3329 3341 3446 3388 stu-

1863 3421 2113 3478 dttcrunt.

1932 3516 1983 3569 6.
2028 3515 2281 3572 Subsidia
2314 3533 2444 3574 vero
2477 3528 2668 3591 parata
2696 3519 3054 3589 scriptoribus
3082 3528 3136 3575 et
3161 3518 3450 3576 bibliothe—

1861 3609 2024 3663 cariis
2046 3609 2100 3663 in
2121 3610 2496 3665 suburbicaria
2523 3612 2746 3682 regione
2767 3611 3111 3682 degentibus,
3143 3625 3265 3666 cum
3295 3610 3450 3681 longe

1862 3699 2104 3754 auctiora
2140 3711 2196 3756 et
2234 3701 2590 3757 cumulatiora
2617 3703 2774 3759 nobis
2804 3702 2984 3757 oblata
3011 3703 3121 3758 sint
3147 3703 3336 3759 urbem
3368 3703 3450 3756 in-

1861 3788 2183 3856 colentibus,
2235 3793 2327 3862 qui
2365 3804 2655 3862 propterea
2685 3808 2784 3864 pro
2813 3793 2985 3850 lubitu
3015 3802 3096 3850 tot
3128 3804 3451 3865 argumenta

1861 3879 2207 3936 adhibuimus
2244 3881 2298 3936 in
2337 3881 2536 3939 litteris
2570 3884 2858 3953 diligenter
2878 3885 3356 3956 recognoscendis,
3396 3894 3452 3940 et

1863 3974 1918 4028 in
1963 3977 2376 4044 comparatione
2420 3978 2542 4048 styli
2588 3979 2834 4048 picturae,
2887 3987 2940 4034 et
2981 3979 3275 4050 imaginum
3326 3994 3451 4034 cum

1862 4065 2074 4120 musivo
2105 4065 2163 4120 8.
2201 4065 2419 4130 Leonis,
2454 4067 2538 4122 usi
2569 4068 2733 4122 scalis
2775 4083 2839 4122 ac
2892 4068 3218 4137 telescopiis,
3264 4077 3319 4121 ct
3356 4068 3451 4121 de-

1863 4153 2003 4209 lectu
2052 4156 2240 4212 habito
2289 4156 2580 4211 elariorum
2631 4159 2840 4212 dierqu
2890 4158 2955 4212 ad
3004 4157 3445 4223 observandum;

1861 4256 2052 4301 nostro
2085 4248 2207 4317 jrtre
2236 4249 2288 4302 id
2317 4264 2579 4319 usurpare
2602 4249 2833 4303 fidenter
2856 4264 3164 4319 possumus,
3208 4260 3267 4304 ut
3301 4264 3449 4304 asse-

1863 4351 2070 4400 rantus,
2117 4337 2182 4391 ad
2221 4337 2472 4406 quintum
2500 4337 2703 4394 Christi
2733 4338 3012 4404 sarculum,
3043 4340 3110 4394 ad
3142 4340 3286 4409 quod
3309 4338 3450 4396 Leo-

1863 4427 1947 4482 nis
1983 4427 2157 4498 Magni
2186 4429 2453 4484 musivum
2477 4433 2731 4500 pertinet,
2773 4441 3019 4500 spectare
3057 4433 3221 4488 etiam
3250 4432 3449 4488 seriem

1862 4521 2180 4589 pontiﬁcum
2237 4531 2294 4576 et
2354 4523 2761 4594 cltronologiam
2817 4525 3088 4595 depictam
3132 4526 3186 4579 in
3240 4525 3452 4595 pariete

1867 4613 2092 4666 australi
2139 4612 2353 4668 interno
2399 4616 2554 4670 navis
2601 4617 2794 4670 media:
2823 4617 3060 4672 basilica:
3091 4615 3149 4670 S.
3183 4615 3356 4680 Pauli,
3393 4625 3450 4670 et

1866 4703 2261 4774 pertingentem
2287 4720 2316 4757 a
2342 4704 2399 4758 8.
2427 4705 2589 4762 Petro
2613 4707 2678 4761 ad
2701 4705 2757 4761 S.
2785 4707 3154 4762 Innocentium
3179 4706 3444 4776 primum:

1866 4797 2028 4865 idque
2057 4811 2123 4849 ex
2149 4797 2417 4852 consimili
2443 4799 2583 4868 stylo
2612 4799 2805 4852 musivi
2829 4807 2884 4852 et
2910 4797 3207 4867 imaginum
3239 4795 3446 4851 oculari

1864 4888 2240 4956 experimento
2262 4888 2395 4943 satis
2426 4888 2775 4958 deprehendi.

1938 4977 1988 5029 7.
2032 4977 2257 5031 Accedit
2300 4978 2366 5031 ad
2407 4977 2862 5046 comprobandam
2895 4979 3035 5033 hanc
3061 4978 3324 5046 epocham
3349 4992 3450 5033 εω-

1863 5068 1968 5122 euli
2014 5069 2297 5135 Leoniani,
2345 5083 2686 5124 communem
2733 5070 2943 5126 musivo
2993 5085 3155 5126 arcus
3201 5071 3448 5142 majoris,

1862 5171 1916 5216 et
1961 5161 2189 5231 picturis
2232 5163 2623 5218 adornantibus
2669 5164 2938 5218 internam
2987 5163 3180 5220 faciem
3225 5165 3449 5236 parietis

1863 5256 2122 5310 australis
2149 5271 2243 5326 per
2271 5256 2578 5311 universam
2628 5257 3016 5325 longitudinem
3069 5259 3223 5313 navis
3257 5260 3446 5314 media:

1861 5346 2101 5414 ejusdem
2137 5348 2408 5411 basilicze,
2453 5357 2508 5402 et
2549 5350 2705 5403 seriei
2750 5350 3062 5420 pontiﬁcum
3102 5353 3202 5406 sub
3240 5351 3446 5405 eisdem

1867 5453 1923 5495 et
1957 5457 2078 5496 cum
2106 5441 2307 5495 eisdem
2333 5443 2512 5511 pictae,
2539 5444 2770 5509 accedit,
2806 5444 3048 5514 inquam,
3081 5443 3147 5498 ad
3183 5445 3445 5513 epOcham

1868 5533 2200 5586 Leonianam
2252 5533 2541 5601 utrobique
2589 5536 2937 5590 asse-rendam
2991 5535 3288 5591 auctoritas
3332 5541 3450 5602 gra-

1869 5626 2219 5679 vissimorum
2298 5637 2628 5692 auctorum,
2707 5629 2950 5683 tribuens
3020 5629 3186 5685 Leoni
3259 5628 3449 5697 Magno

1865 5731 2000 5783 opus
2048 5724 2337 5784 utrumque
2379 5716 2431 5770 in
2472 5718 2694 5772 basilica
2734 5719 2792 5770 S.
2837 5718 2987 5770 Pauli
3031 5726 3443 5786 praeservatum,

1867 5823 2061 5877 nempe
2105 5808 2376 5864 musirum
2428 5825 2588 5864 arcus
2628 5807 2886 5877 majoris,
2941 5819 2994 5862 et
3043 5810 3218 5877 pictas
3274 5807 3446 5862 histo-

3017 5905 3054 5961 9
