3976 6312
259 333 371 393 269

972 338 1333 397 BLANCHlNl
1372 338 1684 425 nisssnr.
1728 345 1816 401 os
1852 303 2011 403 ΑΝΤῘ
2056 349 2170 407 an.
2213 349 2416 405 pom.
2454 346 2795 433 camus.

3408 353 3514 409 270

260 454 455 519 pcatas
481 445 622 512 illas,
646 460 766 517 qua
791 447 988 504 seriem
1016 451 1328 519 pontiﬁcum
1360 453 1726 510 Romanorum
1754 471 1839 512 re-
1866 462 1913 520 Α
2009 460 2060 514 9.
2094 458 2297 515 Praeter
2329 460 2446 516 ha-c
2479 461 2787 517 testimonia
2814 461 3035 516 Adriani
3060 460 3081 515 Ι
3105 476 3168 516 ac
3200 462 3345 539 Libri
3378 464 3541 529 Pon-,

258 545 595 608 praesentant
629 538 731 593 sub
756 538 994 595 historiis
1018 541 1237 598 Biblicis
1256 544 1369 613 jam
1397 546 1668 610 indicatis.
1698 548 1839 604 Red-

258 627 387 683 dam
405 628 646 698 epistola:
664 630 849 694 verba,
873 632 1150 701 praemisso
1172 633 1474 691 litterarum
1498 648 1834 708 argumento.

254 714 730 787 Comprohaudnm
776 730 1089 790 susceperat
1113 723 1384 779 Adrianus
1410 726 1464 779 in
1495 726 1583 780 illa
1610 728 1837 797 epistola

255 811 466 867 cultum
493 828 770 869 sacrarum
807 815 1101 885 imaginum
1145 833 1213 872 ex
1246 820 1534 876 traditione
1571 826 1833 893 majorum

252 911 561 972 acceptum,
600 912 657 958 et
698 920 729 958 a
760 905 1132 962 decessoribus
1165 910 1278 964 suis
1315 920 1627 967 constanter
1652 929 1834 970 asser-

252 1000 397 1058 tum,
426 993 696 1065 przccipue
737 996 790 1050 in
836 1010 932 1052 sex
966 998 1308 1079 generalibus
1335 1002 1594 1067 conciliis,
1640 1004 1834 1072 quibus

250 1081 356 1152 ipsi
387 1098 487 1153 per
526 1097 585 1139 se
620 1085 709 1145 vel
750 1100 849 1155 per
896 1086 1100 1158 legatos
1128 1105 1257 1146 suos
1285 1091 1352 1145 de
1379 1108 1530 1148 more
1567 1095 1832 1163 prmsede-

248 1185 399 1232 rant.
429 1176 722 1234 Ennmerat
752 1179 935 1249 itaque
958 1182 1185 1247 musiva,
1217 1183 1478 1253 picturas,
1504 1194 1559 1239 et
1585 1186 1635 1241 id
1661 1203 1833 1258 genus

245 1281 422 1337 opera
465 1284 587 1337 qua:
633 1269 690 1325 in
738 1271 977 1327 basilicis
1020 1272 1279 1328 Romanis
1324 1275 1435 1331 Deo
1481 1277 1828 1345 dicaverant,

245 1359 551 1417 haeresibus
578 1362 894 1434 proﬂigatis,
933 1380 965 1420 a
1006 1368 1235 1423 concilio
1263 1366 1499 1435 Niceno,
1548 1370 1826 1438 Silvester,

246 1449 564 1510 Marcuset
588 1455 795 1522 Julius;
826 1458 1088 1515 Damasus
1116 1476 1145 1515 a
1190 1462 1668 1531 Constantiniano;
1707 1474 1830 1535 post

245 1542 574 1615 Ephesinam
618 1551 882 1620 synodum
924 1551 1124 1623 Xystus
1167 1556 1389 1621 tertius;
1430 1566 1551 1628 post
1595 1558 1824 1615 Chalce-

243 1636 541 1694 donensem
566 1639 677 1696 Leo
702 1641 947 1713 Magnus.
977 1643 1187 1715 Ubique
1212 1657 1455 1703 recenset
1481 1649 1668 1719 triplex
1696 1650 1823 1707 illud

240 1741 420 1798 genus
441 1742 880 1789 ornamentorum
905 1735 959 1789 in
989 1737 1223 1801 musicis,
1246 1738 1299 1797 in
1330 1738 1581 1804 historiis,
1609 1740 1662 1794 in
1691 1742 1824 1796 ima-

1943 548 2174 613 tiﬁcalis,
2217 558 2273 605 et
2311 565 2340 603 a
2379 550 2629 622 pingendi
2674 551 2815 621 stylo
2858 550 3111 616 deducta,
3156 561 3318 623 atque
3369 557 3515 609 :etati

1940 635 2135 695 Leonis
2167 637 2342 710 Magni
2391 638 2678 694 tribuentia
2717 649 2826 693 tam
2851 640 3107 694 musicum
3152 656 3311 710 quam
3342 644 3514 713 pictu—

1940 746 2027 785 ras
2055 731 2289 786 historia:
2322 731 2536 787 Biblicte
2566 740 2621 787 et
2663 733 2915 802 imagines
2955 749 3287 789 summorum
3332 738 3510 803 ponti-

1937 820 2120 886 ﬁcum,
2148 822 2504 877 loculamenta
2533 823 2672 892 ipsa,
2711 825 2826 878 sive
2859 839 3000 878 arere
3045 824 3378 899 orbiculares
3421 827 3512 880 de—

1936 923 2242 969 monstrant
2273 915 2468 970 seriem
2509 914 2653 968 illam
2687 916 3057 980 vetustiorem,
3082 925 3135 970 et
3162 917 3352 971 ordine
3398 931 3505 970 non

1934 1000 2236 1072 interrupto
2267 1003 2665 1072 procedentem,
2696 1020 2801 1058 non
2850 1003 3015 1061 fuisse
3042 1012 3319 1061 extensam
3366 1005 3508 1060 ultra

1933 1090 2187 1146 steculum
2221 1091 2280 1146 8.
2307 1091 2503 1147 Leonis
2543 1102 2599 1147 et
2645 1077 2989 1165 symmacbi,
3021 1109 3144 1150 aera:
3188 1095 3508 1151 Christianae

1931 1182 2198 1252 quintum.
2231 1181 2415 1254 Spatia
2445 1182 2589 1237 enim
2615 1184 2961 1250 orhicnlaria,
2986 1200 3104 1254 qua:
3130 1186 3353 1241 adversa
3384 1196 3509 1240 sunt

1930 1271 2148 1344 imagini
2182 1271 2240 1327 S.
2286 1274 2579 1328 Innocentii
2629 1274 2808 1344 primi,
2851 1284 2906 1330 ct
2955 1277 3007 1329 in
3051 1277 3256 1346 pariete
3304 1277 3507 1331 boreali

1930 1363 2342 1420 destinabantur
2369 1364 2527 1419 seriei
2559 1365 2872 1435 pontiﬁcum
2909 1376 3029 1437 post
3058 1368 3186 1423 illud
3223 1368 3502 1433 szeculum,

1929 1454 2306 1510 continuandae
2334 1454 2488 1526 juxta
2516 1457 2759 1511 ordinem
2788 1459 3163 1525 successionis,
3191 1470 3503 1517 constanter

1926 1544 2267 1600 observatum
2297 1546 2349 1599 in
2379 1547 2585 1615 pariete
2628 1548 2848 1621 australi
2892 1564 2921 1602 a
2951 1549 3007 1604 S.
3036 1549 3196 1605 l’etro
3222 1553 3289 1607 ad
3331 1551 3388 1607 8.
3419 1553 3503 1606 Ιη-

1926 1636 2233 1690 nocentium
2259 1633 2283 1689 ι
2308 1636 2360 1690 in
2386 1638 2535 1702 orbe,
2564 1653 2656 1693 seu
2679 1638 2883 1709 clypeo,
2911 1635 3001 1708 qui
3027 1643 3263 1696 occurrit
3292 1643 3499 1712 primus

1926 1740 1956 1778 a
1987 1724 2165 1781 fronte
2192 1729 2436 1782 ecclesiae
2470 1730 2790 1785 occidentali
2820 1731 3236 1801 procedentibus
3281 1735 3346 1788 ad
3379 1751 3500 1804 pre-

236 1817 452 1888 ginibus
476 1819 794 1878 coloratum.
819 1823 894 1878 lta
917 1833 1139 1881 ornatas
1160 1826 1379 1882 exhibet
1406 1826 1812 1887 Lateranensem

1927 1818 2246 1889 sbyterium,
2270 1819 2513 1890 proferre
2537 1822 2834 1877 debuerant
2857 1823 3139 1895 imaginem
3165 1825 3501 1897 Symmachi,

237 1924 309 1966 ac
334 1909 651 1969 Vaticanam
680 1916 958 1973 basilicam
986 1919 1088 1974 sub
1114 1918 1396 1983 Silvestro,
1427 1921 1611 1978 Marco
1639 1930 1694 1977 et
1723 1921 1820 1978 Ju-

235 2000 334 2057 lio.
365 2003 436 2058 Et
481 2023 515 2061 α
551 2001 695 2072 tunc,
739 2008 943 2079 inquit,
995 2027 1155 2082 usque
1210 2012 1459 2067 hactenus
1496 2031 1819 2070 summorum

232 2094 569 2163 pontiﬁcum,
611 2098 846 2154 videlicet
888 2099 1160 2168 Silvestri,
1197 2101 1369 2158 Marci
1404 2114 1453 2158 et
1494 2105 1628 2160 Julii
1669 2107 1818 2161 mira:

235 2183 620 2252 magnitudinis
654 2199 848 2244 sanctis
872 2206 1050 2249 eorum
1080 2191 1309 2248 ecclesia:
1338 2193 1737 2262 (Lateranensis
1766 2206 1818 2253 et

234 2268 524 2347 Vaticana)
552 2278 694 2347 apud
730 2295 823 2333 nos
851 2290 972 2334 sunt
1001 2281 1218 2351 depicta?
1253 2291 1361 2338 tam
1392 2285 1447 2339 in
1473 2286 1670 2340 musivo
1701 2287 1817 2358 (ah-

232 2364 374 2420 sidis
395 2373 453 2419 et
482 2381 646 2424 arcus
680 2369 920 2441 majoris)
964 2389 1222 2444 quamque
1259 2374 1314 2429 in
1350 2376 1551 2429 cwteris
1582 2376 1815 2431 historiis

230 2456 545 2527 (utriusque
571 2457 900 2516 Testamenti
938 2462 1198 2520 coloratis
1241 2465 1620 2536 inqarietibus
1662 2468 1816 2523 navis

230 2547 450 2615 medias,
489 2549 567 2604 uti
598 2550 819 2608 exhibet
863 2553 1041 2609 tabula
1071 2555 1442 2626 Ciampiniana
1485 2574 1519 2612 x
1567 2560 1814 2629 superius

229 2636 502 2708 impressa
546 2657 663 2695 cum
691 2643 856 2698 sacris
902 2645 1216 2715 imaginibus
1264 2647 1673 2718 (venerabilium
1712 2649 1816 2704 Pa-

231 2737 383 2785 trum
431 2732 547 2787 sive
582 2736 892 2804 pontiﬁcum
938 2737 1305 2809 decessorum)
1350 2744 1572 2798 ornatis.
1621 2744 1813 2800 Prose-

228 2821 425 2891 quitur
446 2836 544 2892 per
570 2824 815 2894 proxima
858 2830 1088 2885 concilia
1133 2831 1497 2890 inductionem
1527 2851 1700 2891 suam.
1729 2838 1812 2892 Ad

232 2919 486 2980 quartam
510 2928 641 2968 vero
663 2918 926 2986 synodum
951 2921 1342 2977 meumenicam
1371 2923 1680 2991 devcniens,
1711 2928 1813 2981 sub

230 3001 420 3062 Leone
441 3004 633 3078 Magno
660 3007 998 3068 Chalcedone
1032 3013 1385 3081 celebratam,
1414 3018 1667 3075 distincte
1700 3036 1812 3077 me-

228 3104 415 3148 morat
437 3096 717 3163 musivum,
745 3100 991 3158 historias
1021 3112 1075 3158 et
1101 3104 1351 3176 imagines
1374 3106 1528 3176 juxta
1559 3109 1810 3166 decesso-

227 3199 356 3241 nim
399 3187 705 3260 exemplum
732 3191 800 3246 ab
845 3207 912 3248 eo
950 3194 1203 3265 pontiﬁce
1230 3199 1552 3253 constitutas
1583 3200 1636 3254 in
1668 3201 1810 3256 basi-

225 3274 338 3332 lica
378 3279 552 3334 sancti
579 3278 754 3347 Pauli,
781 3296 918 3351 quas
962 3284 1121 3341 hodie
1150 3289 1466 3355 superstites
1510 3288 1807 3345 intuemur.

230 3386 251 3420 ι
281 3365 549 3439 Itemque,
581 3367 684 3436 ait,
723 3372 790 3427 de
832 3383 1023 3431 sancto
1062 3386 1257 3445 quarto
1302 3378 1531 3435 concilio
1561 3381 1808 3451 egregius

221 3466 397 3528 atque
420 3460 711 3517 muniﬁcus
739 3463 1063 3534 praedicator
1087 3465 1144 3522 8.
1172 3468 1281 3524 Leo
1303 3483 1437 3539 papa
1465 3479 1521 3525 et
1546 3471 1658 3541 ipse
1683 3472 1810 3528 fecit

220 3548 512 3617 ecclesias,
557 3567 696 3622 quas
738 3554 790 3608 in
826 3570 1022 3613 IUSIVO
1051 3565 1106 3613 et
1138 3558 1367 3615 diversis
1394 3577 1680 3626 uts'ronns,
1714 3578 1806 3619 seu

221 3653 541 3697 mscmusus
579 3643 804 3714 pingens
839 3646 1133 3704 decoravit.
1162 3647 1329 3721 Magis
1357 3661 1535 3708 autem
1565 3654 1617 3708 in
1662 3669 1809 3709 ass:-

220 3744 353 3785 ucs
382 3745 571 3788 ssscrt
610 3733 774 3790 Psuu
824 3752 1077 3794 APOS'IOLI
1107 3754 1293 3795 arcum
1326 3742 1520 3798 ibidem
1548 3744 1806 3815 majorem

221 3819 457 3891 faciens,
484 3834 541 3880 et
569 3826 777 3882 musivo
814 3828 1108 3901 depingens
1151 3828 1487 3888 Salvatorcm
1519 3832 1805 3889 Dominum

218 3923 478 3970 nostrum
520 3914 703 3971 Jesum
743 3916 1049 3986 Christum,
1085 3935 1179 3975 seu
1225 3921 1409 3992 viginti
1454 3931 1688 3992 quatuor
1725 3938 1809 3979 se-

220 4005 413 4062 niores
458 4007 675 4062 nomine
718 4023 817 4064 suo
863 4010 1110 4066 versibus
1153 4010 1462 4077 decoravit,
1500 4021 1555 4067 et
1602 4027 1631 4067 a
1684 4022 1809 4069 tunc

216 4113 402 4169 usque
428 4102 690 4156 hactenus
722 4100 951 4158 ﬁdeliter
977 4118 1006 4157 a
1044 4104 1200 4159 nobis
1242 4114 1591 4161 venerantur.
1623 4126 1640 4157 ι
1690 4104 1807 4164 Duo
1874 4162 1878 4167 .

214 4191 318 4248 hic
340 4193 678 4248 observanda
707 4204 833 4251 sunt
864 4196 917 4251 in
957 4198 1266 4254 testimonio
1296 4200 1541 4265 Adriani,
1575 4201 1801 4267 scilicet,

214 4286 488 4347 ecclesias
510 4303 540 4342 a
574 4286 630 4342 S.
661 4284 845 4345 Leone
866 4299 1087 4346 ornatas
1121 4288 1287 4348 fuisse
1318 4295 1540 4359 musico,
1572 4295 1804 4351 historiis

212 4385 272 4431 et
319 4377 664 4448 imaginibus,
693 4378 957 4447 praecipue
985 4378 1284 4448 Paulinam,
1322 4382 1476 4451 cujus
1506 4385 1558 4439 in
1594 4387 1803 4442 mnsivo

214 4483 412 4523 nomen
439 4484 595 4522 suum
620 4483 685 4524 ac
722 4485 897 4524 versus
936 4472 1201 4540 apposuit.
1241 4472 1483 4528 Alterum
1521 4484 1603 4531 est
1632 4476 1801 4546 parti-

211 4557 397 4613 culam
438 4576 530 4614 seu
564 4560 958 4631 conjunctionis
993 4571 1042 4616 et
1070 4563 1178 4616 vim
1220 4556 1419 4620 habere
1463 4565 1546 4637 (ut
1593 4543 1800 4623 ferebat
1832 4543 1878 4601 θ

210 4662 353 4703 usus
389 4650 568 4706 aetatis
602 4648 761 4715 illius,
803 4650 858 4705 in
894 4650 1058 4707 Libro
1092 4651 1391 4709 Pontiﬁcali
1430 4667 1571 4723 saepe
1602 4657 1798 4724 repeti-

202 4741 349 4813 tus),
374 4741 518 4812 quod
548 4743 769 4799 evidens
793 4752 877 4799 est
904 4745 957 4799 in
988 4744 1347 4817 descriptione
1373 4747 1564 4802 musivi
1594 4748 1795 4817 operis,

208 4848 247 4887 a
276 4832 461 4889 Leone
489 4832 681 4906 Magno
710 4834 941 4891 dedicati
972 4837 1023 4891 in
1052 4838 1273 4895 basilica
1300 4836 1358 4893 8.
1388 4838 1559 4893 Pauli.
1585 4839 1797 4894 Asserit

208 4922 293 4978 ibi
328 4923 602 4994 depictum
630 4940 750 4981 esse
801 4925 1136 4985 Salvatorem
1165 4928 1347 4984 mundi
1384 4928 1668 4984 Dominum
1706 4945 1797 4987 no-

206 5021 395 5070 stt-um
420 5012 604 5071 Jesum
626 5014 923 5083 Christum,
948 5034 1039 5071 seu
1062 5018 1248 5089 viginti
1272 5026 1502 5089 quatuor
1528 5019 1795 5085 seniores,

209 5122 343 5169 cum
372 5116 429 5163 et
459 5108 635 5164 vultus
674 5108 1052 5179 Redemptoris
1088 5110 1258 5167 nostri
1294 5118 1349 5166 et
1386 5111 1570 5181 ﬁgura:
1610 5111 1796 5203 viginti

208 5204 455 5267 quatuor
496 5198 771 5254 seniorum
801 5199 928 5255 hinc
971 5198 1096 5255 inde
1137 5199 1408 5270 disposita:
1442 5199 1602 5255 simul
1647 5198 1799 5256 exhi-

208 5290 470 5345 heautur.

285 5380 515 5436 Constat
542 5380 705 5454 igitur
743 5381 906 5437 etiam
935 5397 1001 5437 ex
1028 5381 1249 5437 Adriani
1279 5382 1300 5438 l
1341 5383 1651 5439 testimonio
1685 5391 1794 5438 tam

204 5475 474 5529 musicum
503 5489 664 5545 quam
694 5476 932 5548 picturas
963 5477 1299 5531 historiarum
1345 5476 1581 5533 Veteris.
1603 5476 1793 5532 Testa-

204 5567 385 5621 menti
410 5574 467 5621 et
491 5566 743 5638 imagines
786 5568 1100 5632 pontiﬁcum
1130 5567 1497 5621 Romanorum
1546 5565 1711 5621 fuisse
1743 5566 1795 5619 in

204 5659 439 5715 basilica
486 5661 655 5716 sancti
687 5660 838 5716 Pauli
868 5677 895 5716 a
926 5669 1113 5718 sancto
1139 5660 1318 5735 Leone
1364 5658 1556 5731 Magno
1592 5660 1797 5715 consli-

204 5758 384 5807 tutas.

1921 1911 2175 1966 stecnlnm
2216 1913 2463 1981 quintum
2506 1913 2801 1969 claudentis
2831 1924 2885 1969 et
2915 1925 3127 1970 sextum
3173 1919 3495 1987 aperientis;

1920 2016 2040 2055 cum
2075 2002 2215 2057 inter
2247 2002 2617 2058 Innocentium
2644 2013 2699 2058 et
2728 2003 3111 2075 Symmachum
3143 2006 3329 2063 decem
3367 2025 3499 2079 pon-
3528 1996 3531 2001 ⁴

1920 2092 2091 2147 tiﬁces
2118 2103 2488 2158 numerentur,
2524 2108 2587 2147 ac
2615 2092 2838 2149 totidem
2868 2094 3028 2150 orbes
3064 2111 3157 2151 seu
3198 2096 3370 2168 clypei
3416 2099 3499 2152 in-

1921 2184 2111 2237 tersint
2141 2185 2192 2238 in
2232 2186 2437 2254 pariete
2481 2185 2790 2239 occidentali
2821 2185 2963 2239 inter
2995 2186 3277 2241 australem
3308 2196 3362 2241 et
3408 2188 3497 2241 bo-

1917 2272 2107 2326 realem
2152 2274 2451 2344 intercepto
2486 2292 2497 2327 :
2533 2275 2673 2329 unde
2705 2276 2989 2329 crustatim
3035 2275 3153 2329 calx
3196 2285 3250 2330 et
3293 2292 3492 2347 gypsus

1915 2370 1971 2416 et
1999 2361 2053 2416 in
2079 2362 2145 2417 iis
2168 2362 2417 2417 colorata:
2439 2361 2705 2432 imagines
2731 2373 2785 2417 et
2810 2364 3132 2434 epigraphes
3154 2365 3488 2423 deciderunt.

1915 2450 1973 2506 ln
2008 2453 2243 2507 secundo
2280 2461 2459 2507 autem
2489 2454 2619 2507 orbe
2652 2468 2744 2509 seu
2790 2453 2979 2525 clypeo
3008 2454 3192 2509 lateris
3237 2455 3492 2520 borealis,

1914 2542 2262 2598 subsecutura
2307 2551 2427 2597 crat
2478 2544 2656 2614 imago
2708 2544 3024 2609 Horinisdie,
3073 2555 3194 2615 post
3239 2545 3492 2617 Symma-

1913 2634 2073 2688 chum
2114 2634 2291 2690 electi.
2337 2635 2393 2689 ln
2446 2636 2608 2691 tertio
2653 2635 2888 2692 Joannes
2931 2639 3157 2706 primus,
3198 2639 3249 2693 in
3297 2650 3492 2709 quarto

1913 2727 2063 2782 Felix
2089 2728 2247 2799 hujus
2286 2730 2522 2785 nominis
2550 2740 2795 2800 quartus,
2822 2741 2877 2787 et
2906 2732 2979 2786 ita
3013 2734 3066 2787 in
3111 2736 3374 2803 proximis
3403 2751 3491 2791 se-

1915 2817 2047 2872 riem
2088 2818 2400 2888 pontiﬁcum
2455 2822 2873 2877 continuaturis.
2914 2822 2985 2877 At
3026 2826 3222 2879 seriem
3266 2825 3355 2879 hic
3397 2826 3488 2880 de-

1914 2909 2066 2965 siisse
2091 2910 2215 2964 dum
2247 2912 2579 2981 pingeretur,
2604 2928 2691 2968 res
2712 2912 2928 2968 clamat.
2959 2913 3092 2968 Nam
3120 2918 3485 2986 prcetcrmisso

1912 3000 2085 3070 primo
2111 3016 2173 3056 ac
2213 3002 2449 3057 secundo
2496 3002 2759 3067 orbiculo,
2804 3018 2898 3058 seu
2934 3004 3143 3074 clypeo,
3185 3015 3239 3060 et
3268 3006 3481 3077 epigra-

1913 3091 2038 3160 phe,
2068 3091 2158 3145 ubi
2189 3091 2426 3147 decidum
2452 3092 2616 3148 calcis
2641 3102 2696 3150 et
2724 3094 2874 3165 gypsi
2906 3093 3054 3149 labes
3098 3095 3341 3151 divinare
3379 3114 3485 3153 non

1836 3167 1883 3232 C
1914 3182 2043 3237 sinit
2065 3198 2351 3252 quemnam
2374 3199 2439 3238 ex
2462 3183 2807 3254 pontiﬁcibus
2837 3186 3009 3255 pictor
3036 3186 3352 3254 colorassel,
3383 3197 3489 3243 ter-

1916 3276 2021 3330 tius
2056 3283 2113 3329 ct
2150 3262 2377 3345 quartus
2426 3274 2699 3330 orbiculus
2740 3275 2950 3345 illisque
2995 3277 3253 3349 apposita:
3302 3279 3491 3335 inscri-

1911 3365 2124 3435 ptiones
2172 3380 2271 3419 nos
2300 3365 2496 3420 docent
2525 3364 2827 3419 ordinatam
2870 3365 3067 3420 seriem
3110 3366 3183 3421 ibi
3218 3381 3323 3421 non
3367 3383 3492 3423 cou-

1914 3456 2093 3510 tineri.
2120 3455 2401 3526 Repetitur
2423 3455 2567 3510 enim
2604 3455 2764 3510 tertio
2791 3455 2842 3509 in
2869 3455 3128 3521 orbiculo,
3158 3471 3249 3511 seu
3275 3458 3484 3529 clypeo,

1911 3546 1969 3603 8.
1996 3548 2277 3612 Eusebius,
2321 3548 2545 3617 perinde
2572 3561 2635 3601 ac
2674 3546 2716 3602 si
2765 3545 3045 3602 habendus
3078 3555 3221 3601 esset
3250 3547 3492 3619 pontifex

1911 3654 1941 3693 a
1970 3637 2029 3694 S.
2062 3638 2223 3694 Petro
2250 3637 2470 3707 quintus
2500 3645 2555 3691 et
2595 3636 3093 3707 quinquagesimus,
3128 3652 3252 3692 cum
3299 3639 3352 3692 in
3396 3639 3487 3694 ad-

1911 3748 2067 3789 verso
2093 3733 2298 3803 pariete
2343 3730 2568 3786 australi
2617 3732 2669 3785 in
2706 3739 2919 3785 vetusta
2961 3739 3015 3786 et
3058 3730 3307 3785 ordinata
3349 3732 3489 3786 serie

1910 3839 2008 3879 suo
2033 3823 2151 3877 loco
2176 3837 2483 3891 expressus,
2499 3821 2681 3877 sedem
2710 3822 2952 3876 obtineat
2977 3821 3077 3876 sibi
3098 3831 3485 3892 congruentem

1910 3916 2051 3970 inter
2092 3913 2400 3969 Marcellum
2426 3926 2481 3970 et
2517 3913 2891 3978 Melcbiadem,
2920 3929 3040 3983 qua:
3071 3929 3101 3967 a
3128 3912 3185 3968 S.
3214 3913 3375 3969 Petro
3404 3927 3488 3971 est

1908 4007 2187 4076 trigesima
2215 4008 2470 4063 secunda.
2500 4006 2733 4072 Quartus
2764 4007 2831 4060 ab
2864 4007 2964 4060 hoc
2996 4005 3225 4075 repetito
3253 4006 3487 4060 Eusebio

1908 4098 2055 4171 (nam
2086 4107 2198 4153 tres
2221 4098 2451 4170 proximi
2501 4097 2880 4153 desiderantur
2906 4112 3033 4179 cum
3073 4097 3366 4166 depcrditis
3408 4098 3487 4151 in-

1906 4190 2310 4264 scriptionibus)
2355 4199 2437 4245 est
2467 4190 2807 4256 Anastasius,
2852 4191 2942 4261 qui
2990 4190 3042 4244 in
3084 4191 3222 4244 serie
3263 4191 3485 4261 antiqua

1904 4293 1959 4340 ct
1984 4283 2233 4338 ordinata
2276 4281 2497 4351 parietis
2525 4282 2776 4336 australis
2811 4291 2893 4337 est
2932 4281 2999 4336 ab
3026 4280 3258 4336 Eusebio
3287 4296 3477 4336 nonus.

1904 4377 2248 4433 Anastasium
2295 4377 2495 4446 excipit
2540 4375 2841 4432 Marcellus.
2880 4375 3005 4431 licet
3048 4362 3282 4430 Eusebio
3332 4383 3487 4430 ante-

1905 4472 2017 4526 riur
2052 4470 2208 4542 juxta
2251 4469 2686 4534 scriem'veram,
2724 4468 2775 4522 in
2810 4469 3036 4525 adverso
3064 4468 3269 4539 pariete
3306 4467 3483 4522 adlmc

1904 4564 2267 4633 conspicuam.
2322 4561 2574 4618 Marcello
2630 4564 2917 4632 apponitur
2970 4561 3277 4628 Adrianus,
3324 4560 3482 4615 annis

1904 4656 2076 4711 ferme
2098 4655 2405 4725 quingentis
2426 4655 2494 4709 ab
2522 4655 2612 4710 illo
2637 4657 2883 4720 dissilus;
2916 4656 3106 4711 deinde
3127 4654 3359 4725 Agatho,
3389 4654 3481 4722 qui

1903 4746 2198 4802 Adrianum
2239 4746 2515 4817 praecessit
2555 4755 2611 4800 et
2643 4746 2777 4801 alios
2819 4746 3052 4800 sedecim
3097 4745 3337 4815 ejusdem
3386 4744 3480 4798 de-

1903 4851 2169 4891 cessores.
2218 4834 2383 4890 Plane
2433 4836 2613 4905 itaque
2661 4842 2874 4889 constat
2924 4849 2989 4887 ex
3034 4830 3279 4889 orbiculo
3324 4831 3482 4887 tertio

1903 4928 2089 4985 lateris
2131 4929 2362 4985 borealis
2394 4929 2587 4983 seriem
2635 4942 2740 4981 non
2789 4926 3194 4991 continuatam,
3237 4926 3331 4981 sed
3382 4940 3480 4996 pro

1902 5022 2128 5077 arbitrio
2156 5021 2399 5093 pictoris,
2427 5029 2585 5075 attate
2621 5018 2825 5073 incerta
2859 5016 3110 5073 conducti
3150 5017 3215 5072 ad
3253 5016 3476 5087 implen-

1900 5114 2000 5168 das
2039 5113 2360 5184 imaginibus
2412 5126 2566 5165 areas
2599 5108 2934 5164 orbicularcs
2961 5116 3016 5164 et
3055 5109 3225 5179 spatia
3279 5110 3475 5163 inscri-

1896 5204 2144 5276 ptionum
2174 5204 2312 5274 (qua:
2339 5203 2585 5257 vacantia
2619 5200 2806 5256 relicta
2854 5199 3068 5256 fuerant
3100 5201 3298 5257 saeculo
3342 5200 3479 5255 Leo.

1900 5297 2062 5351 niano
2111 5296 2177 5348 ad
2226 5307 2567 5349 successores
2611 5293 2699 5363 qui
2750 5294 3087 5370 inpostermn
3146 5293 3476 5363 eligerentur

1898 5403 1999 5442 suo
2021 5386 2212 5441 ordine
2242 5385 2313 5439 ibi
2349 5384 2669 5439 colorandas
2704 5392 2757 5438 et
2786 5384 3056 5439 ornandos
3080 5381 3476 5451 chronologicis

1901 5480 2044 5534 notis
2068 5491 2352 5543 annorum,
2382 5478 2647 5531 mensium
2683 5492 2747 5532 ac
2773 5477 2981 5531 dierum
3021 5475 3102 5531 sui
3145 5473 3475 5539 sacerdotii),

1900 5572 2086 5626 eadem
2134 5569 2306 5639 spatia
2351 5578 2553 5623 temere
2592 5567 2808 5637 impleta
2856 5565 3044 5631 fuisse,
3074 5564 3261 5635 ﬁguris
3296 5562 3490 5631 ponti--

1902 5661 2084 5725 ﬁcum,
2117 5658 2252 5715 forte
2295 5657 2507 5713 fortuna
2538 5657 2773 5713 collectis
2803 5673 2830 5710 a
2875 5658 3083 5727 pictore
3120 5655 3475 5722 undecunque

1886 5756 1948 5829 ‘ci
1983 5753 2257 5822 libuisset,
2293 5751 2452 5807 modo
2483 5751 2724 5821 repetitis
2752 5765 2816 5806 ex
2850 5750 3016 5803 veteri
3056 5746 3212 5802 modo
3259 5744 3472 5800 inl'artis
