3976 6312
465 363 564 418 271

1201 363 1294 420 AD
1334 358 1777 417 ANASTASIUM
1818 312 2331 416 rROLEGouENA
2368 355 2545 414 sorr.
2585 352 3010 412 ROM.-VATIC.

3628 347 3733 403 979

464 490 529 529 ex
558 471 801 541 catalogo
837 485 1234 535 successorum,
1269 473 1606 542 postpositis,
1634 470 1924 541 permistis,
1954 470 2047 524 ad-
2076 480 2122 537 Α
2153 483 2438 534 annorum,
2472 468 2737 523 mensium
2776 483 2840 522 ac
2877 467 3086 521 dierum
3113 464 3425 521 eorumdem
3453 465 3598 519 sedis
3624 482 3729 521 nor

467 564 593 619 ditis
632 563 796 618 etiam
839 562 1282 632 inscriptionibus
1333 570 1668 633 temporum,
1715 577 1834 630 qua:
1881 559 2048 614 nihilo

465 662 649 711 essent
714 654 1111 710 cmendatiores
1171 669 1332 723 quam
1406 652 1693 722 rhapsodia
1753 651 2047 723 imaginum

464 763 627 818 quam
655 746 911 819 cle’gcrat.

536 839 877 895 10.'Asserta
910 839 1089 909 itaque
1119 855 1240 894 cum
1288 841 1359 894 sit
1387 840 1531 894 mtati
1565 838 1851 893 Lconiana:
1880 839 2048 895 series

465 932 551 988 illa
595 933 856 988 vetustior
892 944 946 989 et
984 934 1214 1003 genuina
1263 932 1609 1001 chronologia
1672 930 1895 1001 parietis
1944 947 2045 985 au-

462 1021 666 1086 stralis,
700 1030 810 1076 tum
849 1022 1179 1078 indicatione
1211 1021 1493 1099 manifesta
1526 1022 1861 1091 picturarum
1898 1022 2042 1093 styli,

461 1113 706 1168 eamdem
737 1122 957 1169 tetatem-
995 1130 1117 1167 cum
1148 1113 1355 1167 musivo
1398 1113 1706 1178 referentis,
1736 1122 1848 1167 tum
1881 1114 2045 1182 pluri—

460 1206 560 1257 bus
592 1205 916 1259 testimoniis
950 1204 1167 1258 Adriani
1212 1218 1363 1273 papa:
1401 1204 1557 1274 primi
1596 1214 1649 1258 et
1690 1204 1836 1259 Libri
1865 1205 2047 1259 Ponti-

463 1295 665 1360 ﬁcalis,
711 1295 831 1365 jure
877 1295 1145 1349 atlirmare
1190 1310 1477 1364 possumus
1518 1295 1783 1366 originem
1825 1295 2043 1350 Catale-

372 1434 391 1443 -
458 1405 647 1460 gorum
691 1389 1044 1444 vetustiorum
1094 1396 1257 1458 atque
1301 1387 1731 1443 emendatiorum
1766 1388 1893 1443 hinc
1923 1402 2044 1443 esse

461 1480 807 1550 repetendam
835 1498 846 1532 :
874 1478 1073 1534 Italicis
1098 1494 1253 1544 vero,
1288 1494 1351 1533 ac
1383 1478 1684 1548 praesertim
1728 1478 2049 1533 suburbica-

423 1572 573 1637 -riis,
617 1572 669 1626 in
717 1571 955 1628 archivis
998 1581 1053 1625 et
1097 1569 1397 1636 codicibus,
1441 1571 1635 1640 sacpius
1679 1570 1887 1625 collatis
1922 1587 2045 1626 cum

459 1663 564 1718 isto
603 1665 919 1735 archetypo,
968 1662 1130 1718 talem
1162 1661 1426 1733 originem
1475 1663 1905 1718 demonstratum
1953 1663 2042 1729 iri,

456 1754 547 1809 ubi
591 1769 889 1810 consensus
938 1751 1314 1809 manifestctur
1346 1754 1783 1823 pnestantiorum
1831 1754 2047 1809 Catalo.

2152 560 2309 614 modo
2336 560 2614 623 exhibere,
2657 559 2752 614 sed
2780 560 2947 613 etiam
2990 556 3297 612 nominibus
3321 557 3603 611 consulqu
3637 572 3728 611 eos

2150 668 2321 707 annos
2360 652 2694 722 distinguere
2740 652 2792 705 in
2836 651 2901 705 iis
2947 650 3039 720 qui
3089 648 3389 704 Ecclesiam
3435 659 3732 711 rexerunt,

2149 755 2431 803 constante
2485 747 2768 803 consulunt
2821 746 3155 817 magistratu.
3206 742 3544 813 Scriptorum
3600 758 3735 797 vero

2148 843 2394 897 codicum
2437 850 2573 897 (etas
2614 842 2892 910 colligitur
2931 848 3045 894 tum
3087 854 3153 894 ex
3200 837 3496 908 specimine
3528 837 3733 892 chara-

2147 938 2330 1001 ct'eris,
2364 946 2474 991 tum
2506 950 2571 990 ex
2601 934 2852 1005 periocha
2896 934 2950 987 in
2981 948 3089 988 uno
3118 940 3351 1001 reperta,
3392 939 3617 985 extensa
3662 931 3731 984 ad

2148 1028 2402 1084 Steculum
2443 1028 2712 1097 decimum
2763 1026 2981 1081 tertium‘
3028 1023 3501 1080 mrzeicommunis.
3546 1022 3733 1090 Quare

2148 1119 2595 1173 communicanda
2624 1119 2738 1173 ha:c
2781 1118 2961 1172 omnia
2992 1131 3113 1171 esse
3141 1115 3392 1180 censuit;
3425 1114 3584 1185 idque
3605 1130 3731 1185 pcr-

2148 1220 2470 1281 opportune,
2503 1211 2655 1281 prelo
2687 1211 2924 1264 nondum
2973 1207 3214 1277 subjecta
3258 1221 3384 1261 cum
3422 1206 3562 1262 foret
3612 1208 3734 1262 lucc

2148 1304 2481 1358 dissertatio.
2508 1302 2889 1371 'l‘rauscriptas
2942 1300 3126 1370 itaque
3177 1298 3441 1355 lectiones
3495 1308 3608 1353 tum
3660 1315 3732 1354 ex

2150 1395 2577 1451 membranaeeis
2602 1394 2879 1451 codicibus
2907 1409 3063 1459 mss.,
3091 1402 3202 1447 tum
3241 1408 3311 1448 ex
3358 1392 3636 1462 impressis
3661 1392 3735 1447 ad

2150 1503 2235 1541 me
2268 1489 2437 1552 misit,
2461 1503 2600 1557 quas
2620 1502 2722 1558 ego
2747 1486 3034 1543 conferens
3078 1501 3202 1540 cum
3252 1484 3511 1554 Catalogo
3566 1485 3735 1540 Libe-

2151 1580 2302 1633 riano
2336 1578 2565 1649 aliisque
2604 1579 2830 1650 collegia
2854 1577 3136 1633 consulum
3165 1577 3566 1646 assignantibus
3598 1576 3737 1631 Vita:

2148 1671 2486 1739 pontiﬁcum,
2518 1677 2723 1726 etcum
2772 1670 3013 1725 numeris
3051 1668 3449 1739 chronologicis
3490 1668 3542 1723 in
3588 1669 3741 1722 basi-

2152 1763 2252 1818 lica
2281 1762 2339 1817 S.
2373 1761 2526 1816 Pauli
2576 1763 2789 1833 pictura
2819 1760 3115 1832 expressis,
3157 1760 3356 1816 mirum
3402 1760 3459 1813 in
3510 1758 3741 1814 modum

457 1861 646 1916 gerum
690 1847 761 1902 ibi
802 1855 1173 1917 repertorum,
1212 1860 1339 1901 cum
1387 1845 1769 1915 superstitibus
1821 1844 2048 1916 picturis

2162 1855 2373 1921 atlicior,
2391 1871 2716 1911 consensum
2736 1855 2991 1926 colligens
3004 1858 3163 1924 plane
3178 1861 3515 1909 constantem
3536 1854 3753 1909 horum.

455 1953 486 1992 a
523 1936 580 1992 S.
629 1936 812 1993 Leone
875 1937 1080 1992 curatis
1129 1936 1182 1991 in
1239 1935 1461 1992 basilica
1523 1935 1581 1991 S.
1637 1937 1809 1993 Pauli.
1874 1938 2044 1993 Porro

456 2029 619 2085 talem
677 2045 1000 2086 consensum
1064 2030 1204 2085 inter
1262 2031 1661 2085 vetustissimos
1718 2031 1883 2087 Italia:
1943 2050 2046 2089 c.0-

456 2122 605 2177 dircs
652 2131 707 2178 ct
746 2122 986 2192 picturas
1024 2123 1183 2193 hujus
1221 2123 1377 2178 seriei
1423 2122 1743 2190 Leonianze,
1788 2140 1888 2195 per
1928 2128 2044 2181 sin-

459 2211 613 2283 gulos
650 2212 931 2284 pontiﬁces
971 2199 1309 2285 exploratum
1362 2230 1661 2286 proponam
1701 2219 1877 2287 capite
1916 2219 2045 2274 sub-

458 2303 722 2372 sequenti.

544 2393 629 2447 11.
687 2393 894 2448 Addam
949 2402 1224 2465 postremo
1287 2395 1404 2450 loco
1454 2410 1519 2450 ex
1582 2397 1789 2467 regulis
1845 2398 2048 2453 critcrii

459 2485 820 2557 cbronologici
858 2487 1082 2557 prolatis
1117 2497 1170 2541 et
1210 2488 1451 2557 probatis
1509 2489 1687 2559 capite
1745 2491 2045 2560 superiori,

458 2579 862 2648 cbronologiam
906 2579 1047 2634 hanc
1083 2580 1434 2649 pontiticiam,
1468 2595 1532 2636 ex
1567 2582 1945 2651 monumentis
1960 2598 2050 2653 ge-

458 2667 637 2723 nuinis
668 2684 731 2722 ac
771 2668 1000 2737 publicis
1050 2669 1309 2723 Romana:
1353 2670 1606 2725 Ecclesia:
1642 2669 1956 2736 collectam,
1996 2681 2053 2726 et

458 2761 512 2814 in
540 2760 829 2831 prmcipuis
859 2758 1100 2827 ejusdem
1129 2759 1372 2821 basilicis
1400 2775 1497 2830 per
1524 2762 1739 2815 eosdem
1767 2761 2051 2831 pontiﬁces

455 2852 708 2923 positam,
740 2861 1112 2907 conservatam
1142 2861 1196 2906 et
1227 2852 1532 2921 repetitam,
1573 2861 1737 2922 atque
1779 2868 2048 2908 consensu

457 2945 895 3014 prmstantiorum
943 2944 1189 2999 codicum
1228 2943 1637 3008 conﬁrmatam,
1684 2945 1904 3000 solidari
1954 2947 2051 3002 ite-

458 3053 577 3093 rum
609 3052 766 3109 posse
808 3037 1077 3094 constanti
1126 3034 1381 3108 sull‘ragio
1429 3045 1485 3091 et
1520 3037 1906 3107 approbatione
1935 3054 2051 3093 om-

456 3129 605 3184 nium
651 3138 904 3195 :etatum,
938 3143 969 3183 a
1010 3127 1206 3184 Leonis
1246 3127 1443 3184 szeculo
1488 3129 1554 3181 ad
1587 3136 1830 3183 nostrum
1880 3129 2047 3183 inter-

2152 1946 2603 2001 documentorum
2635 1961 2754 2016 quae
2779 1946 3159 2000 ministrantur
3187 1944 3256 1999 ab
3293 1945 3425 2000 urbe
3462 1946 3656 2008 Roma,
3682 1955 3743 2000 et

2149 2055 2177 2092 a
2214 2040 2524 2111 regionibus
2557 2038 2972 2100 suburbicariis,
3018 2047 3072 2091 et
3100 2037 3169 2091 ab
3195 2036 3319 2092 aliis
3371 2037 3609 2093 archivis
3646 2053 3745 2093 ec-

2149 2130 2436 2186 clesiarum
2467 2130 2635 2185 Italia:
2658 2145 2753 2199 per
2781 2130 2977 2184 szecula
3004 2128 3174 2184 ferme
3203 2130 3411 2199 singula
3438 2145 3559 2185 tera:
3581 2130 3744 2185 Chri-

2150 2223 2357 2278 stiana:.
2388 2221 2757 2291 Consequitur
2779 2221 2926 2276 enim
2958 2219 3095 2275 Acta
3136 2230 3459 2291 martyrum,
3491 2221 3743 2291 collegiis

2148 2314 2429 2369 consulum
2452 2313 2768 2384 plerumque
2793 2312 3000 2382 signata
3024 2320 3310 2367 constante
3337 2312 3739 2381 persecutione,

2150 2405 2458 2475 Catalogus,
2482 2412 2643 2458 tctate
2667 2403 2864 2457 Liberii
2896 2401 3176 2467 collectus,
3206 2403 3294 2457 cui
3337 2403 3563 2473 pictura:
3592 2404 3745 2458 Vati-

2151 2510 2301 2552 canze
2359 2494 2508 2563 paria
2572 2493 2811 2559 famunt,
2870 2494 3165 2564 imaginem
3223 2493 3422 2549 Liberii
3478 2504 3743 2550 ornantes

2153 2586 2389 2641 viventis
2436 2586 2653 2640 indicio.
2697 2585 2850 2640 llunc
2896 2586 3099 2655 excipit
3158 2584 3466 2642 Leonianus
3519 2588 3643 2650 iste,
3688 2588 3742 2641 in

2153 2677 2373 2732 basilica
2435 2676 2495 2732 S.
2556 2675 2708 2730 Pauli
2765 2678 3010 2747 depictus
3044 2686 3099 2732 et
3147 2678 3629 2744 custoditus,'sive
3687 2680 3743 2734 in

2152 2768 2332 2824 Leone
2359 2769 2533 2834 sistat,
2565 2770 2678 2823 sive
2709 2770 2979 2839 pertingat
3006 2770 3072 2825 ad
3113 2768 3522 2842 Symmachum,
3554 2773 3741 2842 ponti-

2153 2862 2308 2916 ﬁcem
2338 2862 2511 2932 quinti
2536 2861 2716 2917 smculi
2750 2870 2806 2917 et
2834 2863 2975 2917 sexti
3010 2879 3022 2916 :
3050 2864 3136 2917 cui
3171 2872 3456 2934 propterea
3478 2863 3595 2918 fere
3615 2880 3744 2931 syn-

2151 2956 2387 3011 chronus
2435 2963 2520 3010 est
2563 2955 2852 3027 Catalogus
2902 2956 3174 3011 secundus
3225 2958 3325 3011 sub
3375 2956 3552 3012 Felice
3581 2957 3649 3012 IV
3687 2966 3745 3011 et

2149 3048 2475 3111 Justiniano,
2506 3047 2642 3101 tanti
2681 3047 2898 3103 habitus
2946 3048 3013 3102 ab
3051 3046 3417 3112 lienschenio,
3469 3046 3747 3127 Papebro-

2153 3142 2295 3205 chio,
2354 3140 2653 3205 llolstenio,
2712 3139 3119 3205 Schelestratio,
3178 3141 3271 3210 qui
3324 3155 3393 3195 ex
3447 3149 3743 3211 prototypo

457 3228 756 3291 ccgtarum,
791 3235 886 3290 per
913 3220 1233 3275 documenta
1261 3234 1413 3289 teque
1445 3219 1680 3288 publica,
1716 3217 1815 3274 bos
1855 3235 2047 3274 nume-

2162 3232 2480 3299 cmendavit,
2521 3239 2581 3287 et
2622 3229 2689 3285 ab
2736 3230 2988 3286 omnibus
3019 3231 3267 3285 eruditis.
3298 3228 3611 3285 Succedunt
3638 3245 3744 3286 sae—

464 3325 554 3366 ros
575 3310 988 3382 clironologicos
1013 3311 1085 3364 ita
1112 3308 1455 3378 praeferentia
1484 3310 1695 3366 czctcris
1725 3311 2046 3375 rationibus,

460 3409 519 3455 ut
546 3402 764 3456 eosdem
791 3399 1087 3457 servandos
1117 3416 1181 3454 ac
1223 3399 1588 3471 prmlegendos
1621 3400 1674 3456 in
1713 3400 1910 3456 divinis
1936 3401 2050 3455 olli-

460 3491 560 3547 ciis
591 3492 980 3563 prmscripserit
1008 3491 1153 3546 clero
1193 3490 1445 3547 universo
1478 3506 1647 3561 usque
1679 3492 1747 3547 ad
1791 3490 2048 3547 Saeculum

464 3582 664 3639 Christi
691 3584 961 3639 decimum
991 3584 1239 3654 quintum
1268 3581 1616 3653 completum.

531 3673 713 3730 Debeo
770 3675 1077 3745 prtesidium
1130 3673 1317 3728 invicti
1367 3672 1527 3741 hujus
1574 3673 1876 3744 argumenti
1930 3673 2049 3728 dilio

460 3769 677 3841 gentim,
720 3768 1011 3824 eruditioni
1055 3782 1118 3822 ac
1164 3766 1550 3821 benevolentia:
1597 3766 1886 3820 admodum
1932 3780 2043 3821 rev.

460 3859 640 3915 Patris
670 3859 732 3915 Ι).
765 3857 990 3914 Joannis
1018 3856 1371 3928 Marangonii,
1398 3857 1487 3927 qui
1518 3857 1691 3911 sacris
1723 3857 2048 3912 cmmcteniis

462 3963 761 4024 martyrum
807 3949 1061 4007 curandis
1108 3958 1163 4004 et
1213 3949 1451 4004 historia:
1499 3949 1882 4004 ecclesiastica:
1930 3949 2045 4004 illu-

464 4047 699 4102 strandic
739 4060 923 4101 comes
973 4045 1188 4099 additus
1221 4044 1408 4114 pietati
1457 4058 1519 4097 ac
1556 4043 1762 4112 peritia:
1792 4042 1893 4096 viri
1946 4042 2049 4098 cla-

463 4138 661 4196 rissimi
702 4136 869 4193 Marci
901 4138 1121 4192 Antonii
1167 4136 1395 4191 Boldctti
1444 4136 1681 4191 basilica:
1731 4135 2049 4190 Transtibe-

463 4231 595 4286 rina:
618 4230 885 4295 canonici,
917 4245 1059 4285 anno
1081 4229 1345 4299 superiori
1378 4228 1535 4293 17°20,
1565 4244 1772 4282 mecum
1805 4228 2048 4282 incubuit

462 4343 558 4399 per
600 4326 785 4397 plures
838 4327 954 4382 dies
1030 4325 1259 4380 ﬁdeliter
1307 4324 1660 4378 describendo
1705 4322 1950 4393 catalogo
1992 4331 2047 4376 et

464 4417 826 4489 chronologia:
878 4415 1193 4487 pontiﬁcum
1242 4430 1309 4469 ex
1360 4428 1445 4479 co,
1487 4412 1555 4467 de
1602 4428 1709 4481 quo
1753 4411 2043 4480 loquimur,

464 4510 754 4566 Leoniana:
786 4509 963 4564 aetatis
1005 4516 1291 4579 prototypo
1320 4507 1373 4561 in
1405 4505 1625 4561 basilica
1651 4504 1707 4560 S.
1735 4504 1907 4559 Pauli.
1944 4503 2047 4557 La-

466 4603 629 4659 bente
655 4608 836 4657 autem
869 4614 1011 4654 anno
1034 4599 1192 4661 1721,
1218 4612 1343 4651 cum
1377 4596 1538 4651 verbo
1569 4595 1660 4651 Dei
1692 4595 2051 4650 ministrando

464 4695 753 4766 deputatus
767 4692 959 4748 fuisset
978 4706 1073 4762 per
1093 4706 1307 4745 sacrum
1327 4689 1591 4761 jejunium
1616 4688 2054 4758 Quadragesima:

466 4786 523 4843 in
551 4786 837 4859 collegiata
870 4784 1120 4849 ecclesia,
1164 4783 1291 4837 olim
1323 4783 1645 4847 eathedrali,
1676 4781 1856 4852 oppidi
1897 4780 2056 4837 Oeri-

467 4879 683 4945 culani,
733 4879 821 4933 vix
872 4892 937 4933 eo
993 4885 1316 4948 pervenerat
1373 4884 1426 4929 et
1479 4874 1762 4945 apostolici
1816 4872 2060 4929 muneris

467 4972 706 5028 ofﬁcium
748 4985 1006 5027 exercere
1052 4977 1311 5036 cmperat,
1344 4983 1467 5022 cum
1519 4967 1571 5020 in
1625 4967 1903 5020 archivum
1940 4966 2063 5020 sub-

470 5065 678 5119 secivas
706 5063 867 5118 horas
897 5059 1099 5115 utiliter
1150 5059 1494 5127 impensurus
1540 5058 1848 5120 deducitur,
1877 5066 1931 5111 et
1963 5070 2054 5111 co-

432 5154 617 5225 piam
646 5161 889 5208 veterum
937 5150 1184 5206 codicum
1231 5149 1282 5203 in
1331 5148 1662 5204 metnliranis
1709 5146 2055 5215 scriptorum,

472 5261 683 5303 necnon
716 5243 855 5299 haud
892 5243 1141 5313 exiguam
1180 5242 1564 5312 impressorum
1610 5246 1735 5293 ante
1766 5240 1926 5293 ﬁnem
1961 5254 2061 5293 sa:-

398 5400 407 5409 \
470 5336 579 5394 culi
623 5351 692 5391 xv
731 5334 950 5405 reperit,
978 5333 1046 5387 ad
1088 5332 1266 5388 ofﬁcii
1299 5333 1478 5386 divina
1526 5330 1848 5386 celebranda
1889 5331 1945 5384 in
1976 5344 2065 5385 ve-

473 5430 578 5486 teri
607 5426 904 5486 cathedrali
935 5425 1237 5481 collectam.
1264 5423 1528 5480 Observat
1555 5425 1606 5478 in
1640 5423 1860 5492 scriptis
1902 5438 1966 5476 ac
2008 5422 2064 5474 in

474 5518 775 5592 impressis,
805 5516 1103 5588 prmscrtim
1141 5515 1377 5570 Venetiis
1403 5532 1539 5568 (ιηηο
1578 5514 1732 5580 1594,
1772 5514 1913 5584 apud
1950 5512 2063 5567 Αηο

475 5613 658 5666 dream
678 5611 741 5666 de
774 5609 1077 5663 Torresunis
1107 5608 1169 5661 de
1205 5605 1369 5659 Asula
1398 5606 1481 5659 die
1506 5622 1575 5659 xx
1604 5606 1774 5670 Junii,
1807 5604 2065 5660 lectiones

478 5702 783 5773 propositas
808 5701 874 5755 ad
904 5697 1238 5755 recitandum
1282 5697 1334 5750 in
1369 5695 1520 5750 festis
1561 5711 1898 5751 summorum
1932 5710 2067 5765 pon-
2130 5730 2137 5735 ι

477 5790 687 5850 tiﬁcum
748 5790 949 5849 sanctis
1006 5788 1401 5859 aseriptorum,
1445 5784 1856 5857 chronologicas
1907 5793 2064 5841 notas

2151 3321 2286 3377 culis
2315 3321 2564 3391 septimo,
2598 3330 2813 3385 octavo,
2848 3335 2992 3375 nono
3024 3335 3089 3374 ac
3131 3320 3344 3375 decimo
3365 3318 3607 3389 Catalogi
3652 3334 3745 3373 ar-

2150 3414 2430 3467 chivorum
2458 3411 2625 3467 ltalim
2648 3410 2971 3466 vetustiores
2993 3426 3058 3464 ac
3085 3411 3511 3481 praestantiores,
3544 3424 3746 3480 nempe

2150 3505 2551 3575 Bergomensis,
2592 3502 2854 3560 Cavensis
2882 3508 2940 3559 et
2975 3502 3275 3567 Farfensis,
3322 3504 3467 3558 circa
3518 3502 3743 3558 undeci-

2150 3613 2300 3652 mum
2355 3596 2714 3665 transcriptus
2766 3609 2831 3649 ex
2888 3594 3203 3663 antiquiori.
3259 3593 3410 3648 Hunc
3461 3592 3745 3663 excipiunt

2150 3690 2395 3761 praxime
2418 3689 2636 3745 codices
2658 3689 3056 3743 membranaeei
3084 3687 3387 3742 divinorum
3412 3686 3742 3751 oﬂiciorum,

2153 3782 2354 3852 reperti
2406 3782 2459 3836 in
2522 3782 2743 3836 archivo
2772 3780 3015 3834 ecclesia:
3039 3778 3405 3835 Ocriculensis
3436 3797 3450 3833 :
3482 3788 3539 3831 et
3585 3792 3748 3847 repe-

2151 3874 2372 3929 titiones
2418 3873 2620 3927 veteris
2675 3871 2835 3927 seriei
2875 3880 2929 3926 et
2959 3870 3320 3939 chronologia:
3361 3867 3676 3939 pontiﬁcire,
3711 3882 3745 3921 a

2151 3965 2371 4027 Nicolao
2399 3966 2560 4021 tertio
2589 3974 2792 4021 curata:
2837 3964 3012 4019 tribus
3043 3963 3096 4017 in
3126 3961 3365 4018 basilicis
3395 3961 3747 4031 patriarcha-

2150 4058 2290 4114 libus
2334 4058 2476 4113 intra
2511 4067 2565 4113 et
2595 4066 2746 4111 extra
2791 4056 3012 4121 Urbem,
3038 4053 3238 4110 szcculo
3289 4052 3508 4107 decium
3555 4052 3747 4115 tertio,

2150 4150 2323 4205 donec
2374 4148 2429 4203 in
2487 4146 2594 4202 ﬁne
2651 4146 2845 4202 decimi
2901 4146 3076 4215 quinti
3139 4144 3323 4200 smculi
3388 4143 3750 4215 typographia

2150 4253 2338 4294 recens
2390 4239 2611 4294 inventa
2646 4238 2952 4293 divinarum
3003 4249 3224 4307 precum
3274 4234 3327 4288 in
3383 4233 3559 4299 libris,
3597 4233 3751 4288 clero

2150 4332 2217 4386 ad
2273 4330 2611 4385 recitandum
2654 4327 2962 4399 propositis,
3012 4326 3260 4382 eamdem
3317 4332 3530 4395 repetat
3582 4324 3754 4378 εἰη-θη

2151 4422 2444 4493 uologiam,
2492 4436 2523 4475 a
2575 4420 2846 4475 Lconiana
2897 4426 3080 4483 :ctate,
3142 4420 3254 4472 imo
3292 4426 3347 4472 et
3377 4432 3411 4470 a
3451 4416 3751 4471 Liberiana

2157 4514 2368 4585 publice
2393 4512 2695 4569 dedicatam
2724 4513 2777 4567 in
2806 4511 3050 4568 ecclesiis
3089 4518 3145 4566 et
3190 4511 3244 4565 in
3275 4507 3611 4580 patriar-chio
3640 4505 3754 4563 Ro-

2157 4619 2340 4660 mano.

2229 4694 2342 4750 Nisi
2390 4696 2509 4750 ha:c
2564 4694 2735 4750 series
2782 4708 2890 4749 non
2933 4695 3237 4764 interrupta
3285 4691 3668 4764 probationum
3695 4694 3754 4746 et

2161 4787 2607 4841 documentorum
2639 4786 2884 4841 habenda
2925 4787 2997 4841 sit
3044 4784 3435 4840 demonstratio
3476 4782 3756 4839 historica:

2162 4889 2218 4933 et
2270 4877 2666 4949 chronological:
2710 4877 2980 4941 veritatis,
3021 4877 3176 4947 juxta
3228 4874 3468 4945 regulam
3498 4871 3756 4943 superius

2166 4968 2518 5023 constitutam
2546 4969 2722 5038 capite
2762 4969 3024 5034 secundo,
3055 4982 3284 5022 numero
3311 4975 3529 5029 octavo,
3578 4963 3757 5017 fateor

2162 5079 2247 5118 me
2270 5077 2490 5133 prorsus
2518 5062 2767 5133 ignorare
2807 5060 2937 5131 quid
2967 5060 3257 5131 aliquando
3284 5067 3492 5114 certum
3516 5058 3756 5111 humana

2160 5153 2270 5209 ﬁde
2294 5154 2346 5208 in
2377 5152 2635 5209 historico
2658 5162 2714 5209 et
2752 5150 3134 5223 chronologieo
3159 5163 3358 5219 genere
3392 5147 3499 5203 dici
3534 5144 3735 5217 possit.

2714 5257 3053 5337 CAPUT
3125 5258 3223 5337 V.

2170 5373 2506 5454 Profertur
2559 5371 2744 5432 series
2811 5378 2866 5429 et
2924 5366 3335 5445 chronologia
3383 5360 3759 5454 pgntiﬁcum

2256 5441 2693 5522 Romanorum,
2733 5468 2865 5529 qua:
2912 5441 3489 5529 superestfswcislo
3537 5442 3762 5529 quinto

2246 5550 2384 5593 αινω
2437 5521 2809 5589 Christian
2877 5521 3053 5606 picto
3114 5527 3186 5606 in
3243 5521 3505 5585 basilica
3560 5521 3764 5579 sancti

2249 5608 2473 5682 Pauli;
2500 5608 2747 5687 ejusque
2774 5603 3116 5687 concordia
3146 5604 3619 5664 demonstratur
3649 5610 3767 5674 per

2252 5684 2944 5769 epochas'singujorum
2958 5684 3303 5769 distinctas
3333 5689 3386 5742 et
3401 5762 3412 5769 _
3428 5692 3767 5769 compara:-

2254 5761 2349 5832 εἷπε
2403 5785 2542 5831 cum
2580 5761 3062 5846 probatioribus
3121 5761 3444 5841 Cataioqz’s
3490 5761 3770 5819 omnium
