3976 6312
208 356 321 414 2ἷό

926 360 1286 418 BLANCHINI
1327 365 1637 422 DlSSElt'l‘.
1679 369 1765 424 ne
1802 371 1962 425 ANT.
2006 373 2117 426 nn.
2162 347 2365 431 rem.
2404 379 2738 438 CATALOG.
2774 423 2785 431 .

3360 382 3468 437 2T4

293 476 566 543 wtatum,
618 471 963 535 ordinatim
1011 477 1361 561 dispositis,
1417 489 1485 540 ut
1533 481 1787 544 illorum
1818 494 2070 552 Atuuut,
2128 498 2237 541 tum
2284 504 2403 558 quae
2451 490 2852 559 chronologiaiu
2906 492 3048 548 sedis
3097 493 3268 561 illius,
3314 496 3469 551 annis

293 562 959 640 consensuiappareat
982 575 1128 640 cum
1158 557 1423 640 laudato
1441 568 1785 640 prototypo

764 630 787 641 Α.

294 625 566 766 afﬁxa
596 625 878 692 Paulina:
906 652 942 691 a
966 634 1032 693 S.
1062 634 1247 696 Petro
1270 636 1358 711 ad
1381 625 1456 699 S:
1480 625 1790 701 Innocen-

293 712 452 766 tium
477 712 537 768 Ι.

710 787 1006 841 SYNOPSIS
1040 791 1308 843 CAPITIS.

208 867 250 919 Ι.
291 866 551 940 Iletliodus
579 871 658 920 hic
692 873 926 940 servanda
961 876 1007 924 in
1040 874 1348 940 exponendis
1377 881 1429 925 et
1458 878 1792 939 comparandis

273 929 563 998 singillatim
598 935 807 998 epoghis
829 929 1122 986 summorum
1157 938 1447 997 pontiﬁcum,
1491 929 1793 998 [adservatis

272 993 324 1041 in
358 989 559 1061 basilica
605 989 846 1061 Syllae“,
884 1010 992 1046 cum
1032 989 1312 1047 eoruindem
1353 989 1659 1061 chronologia
1700 1001 1792 1049 de-

272 1054 452 1119 geripta
488 1057 537 1102 in
573 1054 1204 1119 codicibus'probatissimis
1238 1063 1448 1108 onimttm
1484 1054 1700 1111 aitatvnm.
1733 1087 1793 1096 —

272 1112 339 1163 ll.
367 1112 583 1183 Primum
608 1112 877 1170 reddentur
914 1120 1124 1170 ﬁdeliter
1156 1134 1218 1169 ex
1255 1122 1517 1183 archetypo
1551 1121 1679 1172 illius
1716 1125 1794 1183 pl-

272 1183 425 1225 ctura:
446 1177 621 1227 littera:
645 1184 935 1243 superstites
958 1191 1008 1232 et
1028 1182 1209 1232 lacunae
1226 1177 1791 1243 quarum'supplemcnta

276 1245 606 1304 [retentores
638 1240 903 1304 Catalogis,
928 1244 1043 1292 olim
1066 1240 1320 1302 descriptis
1344 1247 1404 1293 ab
1423 1240 1596 1295 iisdem
1618 1246 1793 1295 arche-

276 1302 410 1368 typis
426 1301 726 1351 basilicarum
754 1301 909 1368 gruis.
935 1331 993 1339 —
1024 1304 1107 1353 III.
1135 1301 1368 1368 Catalogi,
1394 1318 1457 1354 ex
1483 1307 1719 1368 diptycliis
1742 1315 1793 1357 et

273 1363 411 1427 Actis
455 1369 717 1427 martyrum
759 1364 1083 1415 Romanorum
1122 1363 1454 1427 similibusque
1494 1363 1794 1418 documentis

271 1419 466 1488 collecti
486 1419 678 1488 quarto,
697 1429 867 1487 quinto
890 1435 941 1477 et
972 1433 1117 1476 sexto
1136 1428 1311 1477 Christi
1336 1419 1531 1488 szrculo,
1555 1442 1663 1477 cum
1689 1429 1793 1479 ela-

276 1483 435 1550 bona”
453 1483 549 1534 sint
571 1483 857 1550 ﬂorentibus
881 1501 970 1550 per
993 1500 1078 1537 eas
1100 1496 1274 1537 aetates
1295 1491 1409 1538 viris
1432 1491 1480 1538 in
1505 1483 1561 1538 re
1584 1492 1793 1540 chrono-

276 1544 433 1612 ξρείᾳε
460 1544 817 1612 praestantibus,
837 1544 951 1598 sunt
964 1552 1160 1599 cat-teris
1181 1550 1493 1611 praeferendi,
1521 1554 1573 1599 ut
1590 1564 1687 1612 pra:
1714 1566 1792 1601 reo

275 1604 424 1668 liquis
444 1604 704 1659 adhibendi
729 1611 788 1658 ad
806 1604 1238 1666 comparationem.
1268 1612 1371 1661 Duo
1395 1604 1525 1661 inter
1553 1604 1635 1662 bos
1659 1614 1793 1663 cele-

275 1667 482 1735 berrimi
504 1676 644 1735 sunt,
671 1670 961 1722 Liberianus
982 1686 1010 1720 a
1034 1673 1276 1735 [lucberio
1301 1675 1505 1735 primum
1529 1674 1716 1735 editus,
1743 1683 1794 1725 ct

276 1728 408 1779 alter
439 1728 702 1793 productus
732 1735 787 1781 ad
825 1740 1018 1783 :elatem
1048 1733 1221 1783 Felicis
1250 1728 1309 1782 IV
1336 1743 1385 1783 et
1404 1728 1790 1793 JustiniaquUi

276 1751 408 1779 alter
440 1751 702 1793 pI'OUUCLUS
732 1751 787 1781 au
825 1751 1018 1783 mutem
1048 1751 1221 1783 I‘CIICIS
1250 1751 1301 1782 IV
1336 1751 1385 1783 ει
1404 1751 1684 1791 διιδιιηιειιι,
1708 1752 1725 1784 ί
1744 1751 1790 1784 Ill

274 1801 430 1857 annos
452 1793 742 1853 epocharnm
777 1796 922 1843 etiam
960 1808 1049 1857 per
1075 1796 1300 1845 consules
1336 1796 1591 1857 illustrant,
1615 1751 1792 1847 Iconie-

276 1854 417 1919 [cudi
435 1866 546 1902 cum
570 1856 703 1904 serie
721 1854 1077 1919 chronologica,
1105 1860 1152 1907 in
1178 1858 1472 1919 hispicturis
1494 1854 1799 1909 basilicarum

276 1912 423 1980 Urbis
457 1919 700 1977 proposita
740 1930 829 1979 per
860 1912 1030 1966 eadém
1055 1912 1231 1967 alecula
1254 1912 1460 1980 Liberii,
1488 1919 1667 1967 Leonis
1697 1921 1800 1969 Ma-

272 1977 383 2035 gni,
409 1985 462 2027 et
487 1980 708 2041 prosime
740 1977 1108 2029 succedentium
1137 1980 1410 2041 apostolica;
1438 1977 1573 2030 solis
1605 1984 1798 2033 sntistl-

273 2038 499 2103 turns;
530 2038 613 2089 IV.
650 2040 739 2090 llis
771 2041 953 2090 deinde
989 2038 1254 2103 succedent
1288 2041 1523 2103 Catslogi,
1560 2043 1700 2103 petiti
1733 2057 1795 2091 ex

273 2099 494 2164 a_rchivis
528 2103 749 2164 regionis
781 2102 1148 2163 subdrbicaria‘,
1190 2102 1396 2163 aliisque
1437 2099 1572 2152 intra
1596 2102 1795 2153 Italiam.

279 2160 506 2227 Quatuor
549 2160 649 2227 pra)
687 2165 879 2227 cieteris
914 2160 1182 2225 eliguntur,
1227 2160 1499 2227 Far‘fensis,
1537 2165 1793 2227 Cavensis,

272 2222 627 2288 Bergomensis
660 2234 714 2275 et
752 2222 1006 2287 Lucensis,
1032 2222 1199 2287 utpote
1230 2228 1310 2288 qui
1346 2238 1374 2275 a
1404 2222 1582 2277 amento
1614 2222 1796 2281 Cbrisll

279 2294 432 2334 sexto
469 2286 526 2335 ad
562 2288 870 2337 undecimum
909 2286 1002 2336 non
1034 2286 1176 2336 mede
1210 2286 1368 2337 collati
1399 2288 1674 2344 videantur,
1710 2292 1799 2339 sed

272 2348 686 2411 etiamdescrlpti
722 2360 783 2396 ex
810 2348 982 2411 iisdem
1005 2349 1282 2411 arcbetypis
1306 2350 1606 2397 basilicarum
1638 2348 1796 2401 Urbis.

270 2433 337 2472 τ-
360 2407 421 2472 _V.
444 2409 522 2459 Ne
547 2412 826 2460 omittantur
846 2410 1059 2472 Catalogi
1085 2407 1318 2461 asservati
1354 2413 1401 2459 in
1432 2410 1636 2460 archivis
1657 2421 1798 2462 extra

272 2469 490 2531 Italiam,
508 2474 551 2533 si
574 2474 654 2531 qui
679 2478 824 2533 trtate
849 2469 1054 2531 proximi
1087 2478 1140 2520 et
1175 2472 1534 2523 emendatiores
1562 2480 1801 2533 rcputen-

274 2540 380 2596 tnr,
406 2532 579 2594 quales
594 2538 706 2582 sunt
726 2532 954 2593 Belgicus
979 2533 1295 2596 Papebrochii
1315 2546 1374 2584 ex
1396 2532 1690 2596 membranis
1707 2547 1797 2584 sae-

270 2595 378 2657 culi
420 2608 470 2644 xi
509 2596 782 2657 descriptus
824 2608 885 2644 ex
925 2594 1304 2657 antiquioribus,
1349 2603 1405 2657 et
1441 2594 1719 2657 complures
1773 2612 1799 2647 α

274 2656 438 2717 Pagio
474 2656 686 2720 editiex
734 2656 1364 2719 bililiOtbeca’Colbertina,
1399 2656 1568 2720 horum
1604 2670 1800 2720 quoque

271 2720 470 2767 numeri
494 2718 809 2770 conferuntur
829 2723 911 2779 qui
938 2731 1044 2767 cum
1069 2717 1406 2780 superioribus
1439 2717 1594 2767 ferme
1618 2717 1801 2781 ubiQue

272 2781 607 2830 consentiunt.
647 2805 709 2818 --
742 2780 824 2830 Vl.
860 2782 1100 2841 (attingis
1139 2786 1201 2830 ita
1236 2794 1292 2830 se
1331 2780 1743 2841 consequentibus
1774 2796 1802 2830 a

273 2846 458 2901 quarto
469 2841 642 2892 Christi
663 2841 840 2891 saeculo
857 2842 914 2891 ad
935 2843 1240 2891 undecimum
1264 2845 1496 2891 succedet
1521 2843 1802 2892 earumdem

286 2903 577 2965 epocharum
619 2904 811 2954 collatio
847 2916 957 2952 cum
989 2904 1187 2965 epocliis
1222 2903 1512 2963 pontiﬁcum,
1552 2902 1719 2952 relatis
1752 2906 1801 2955 iu

184 3004 189 3011 ,
277 2964 764 3027 codicesdivinorum
798 2964 1059 3015 ofﬁciorum
1077 2965 1291 3014 adusuin
1318 2965 1637 3027 ecclesiarum,
1651 2979 1804 3027 prope

283 3025 486 3084 Urbem,
514 3036 609 3077 tam
628 3027 831 3087 scriptos
862 3038 1005 3087 quam
1042 3027 1305 3087 impressos
1338 3040 1364 3074 a
1401 3024 1580 3075 saeculo
1614 3024 1802 3077 duode—

275 3089 413 3151 cimo
433 3091 491 3135 ad
517 3088 663 3139 ﬁnem
686 3088 860 3137 decimi
887 3090 1056 3151 quinti.
1089 3088 1425 3151 l’roducentur
1452 3096 1557 3151 tres
1577 3088 1803 3151 inmem-

275 3150 453 3199 branis
470 3153 639 3210 scripti
662 3151 719 3197 ad
741 3162 880 3198 usum
904 3148 1116 3212 antiqua:
1139 3148 1435 3212 cathedralis
1452 3150 1797 3209 Ocriculensis,

182 3266 189 3272 ⁴
277 3218 338 3260 et
377 3224 505 3273 unus
543 3214 810 3273 impressus
849 3210 987 3272 paulo
1024 3210 1136 3273 post
1173 3210 1371 3260 exordia
1414 3216 1530 3261 artis
1567 3218 1797 3273 typOgra-

272 3274 453 3335 phiot,
492 3272 716 3323 Venetiis
753 3273 958 3336 scilicet,
995 3272 1119 3321 anno
1164 3272 1303 3336 1492,
1351 3274 1431 3334 qui
1466 3272 1796 3336 omnesusatis

270 3332 458 3384 exacte
493 3348 603 3384 cum
642 3332 1034 3395 praecedentibus
1066 3332 1454 3384 concordanti—
1480 3332 1584 3382 VII.
1631 3332 1800 3384 lanu-

270 3398 469 3456 scriptis
508 3395 903 3459 Ocriculensibus
924 3398 1193 3459 auctoritas
1229 3397 1437 3459 accedit,
1478 3397 1693 3459 derivata
1736 3410 1797 3445 ex

271 3455 472 3519 origine
496 3458 559 3505 ab
582 3457 821 3506 Romanis.
845 3483 903 3491 -—
922 3455 1051 3506 VIII.
1080 3456 1291 3505 Metlindi
1319 3455 1510 3507 ratiime
1529 3458 1797 3517 priemissa,

268 3531 423 3583 quam
465 3523 515 3568 in
545 3521 877 3583 comparandis
912 3520 1112 3583 epocliis
1140 3531 1342 3583 servare
1367 3520 1723 3583 constituimus,
1748 3527 1801 3569 et

274 3579 561 3630 ﬁctionibus
601 3579 816 3629 codicum
867 3581 949 3641 qui
1001 3579 1149 3629 electi
1206 3588 1312 3628 sunt
1340 3580 1397 3627 ad
1430 3580 1798 3641 comparandum

267 3643 504 3702 scriptam
527 3642 883 3702 chronoIOgiant
918 3653 1027 3688 cum
1072 3644 1192 3701 picta
1235 3642 1280 3689 in
1315 3641 1511 3689 basilica
1548 3642 1595 3689 S.
1641 3640 1794 3700 Pauli,

270 3706 401 3753 hanc
440 3706 595 3764 ipsam
633 3704 818 3763 damus,
866 3709 919 3752 et
967 3715 1078 3750 cutn
1123 3715 1181 3751 ea
1225 3703 1436 3764 reliquas
1475 3716 1535 3749 ex
1584 3703 1801 3752 indicatis

265 3766 526 3816 codicibus
577 3764 826 3827 collectas,
888 3771 940 3813 ut
995 3764 1092 3813 ictu
1147 3764 1272 3813 oculi
1324 3763 1537 3814 conferri
1595 3765 1800 3814 invicem

272 3834 726 3959 βὸῧέθουηαυθ
770 3889 1032 3943 hactenus
1055 3888 1331 3957 praemissa
1373 3895 1522 3953 sunt,
1553 3889 1797 3942 referun-

198 3990 303 4035 tur
338 3980 402 4034 ad
430 3979 829 4035 ﬁrmamentum
861 3994 926 4032 ac
969 3978 1487 4034 demonstrationem
1525 3977 1682 4031 istius
1706 3992 1798 4033 ca-

194 4073 345 4144 pitis
389 4070 589 4141 quinti,
635 4072 690 4125 in
717 4086 824 4139 quo
855 4070 1059 4128 utilitas
1089 4078 1289 4125 nostrae
1324 4070 1718 4126 dissertationis
1747 4080 1801 4127 et

197 4164 592 4226 inquisitionis
615 4170 726 4217 tota
750 4175 1016 4218 versatur.
1068 4163 1468 4218 Demonstratio
1502 4170 1682 4218 autem
1713 4179 1800 4217 ar-

196 4258 465 4327 gumenti
521 4257 691 4313 hocce
748 4256 924 4326 capite
973 4256 1345 4327 pertractandi
1398 4255 1543 4310 nulla
1589 4271 1646 4311 re
1698 4256 1799 4310 alia

195 4367 444 4422 prorsus
496 4350 702 4421 indiget
747 4365 909 4419 quam
965 4349 1286 4417 expositione
1336 4356 1392 4402 et
1450 4348 1800 4404 ordinatione.

196 4440 593 4511 Expandemus
621 4441 803 4509 itaque
828 4438 1070 4509 singulas
1114 4424 1349 4508 epoclias
1375 4438 1429 4492 in
1458 4439 1679 4493 australi
1711 4456 1804 4510 pa-

190 4530 349 4585 riete
399 4528 639 4583 basilica:
666 4528 723 4583 Β.
773 4527 925 4582 Pauli
960 4528 1156 4598 pictas,
1188 4536 1242 4581 et
1272 4527 1632 4581 ordinabimus
1655 4542 1803 4582 com-

194 4620 536 4691 parationes
560 4619 704 4675 illius
730 4619 1007 4690 archetypi
1045 4634 1167 4673 cum
1191 4618 1441 4673 omnibus
1472 4618 1801 4687 subsequen-

194 4713 352 4765 tium
381 4719 599 4766 natatum
629 4712 988 4775 documentis,
1042 4712 1085 4766 si
1131 4712 1245 4766 haec
1295 4711 1643 4780 perﬁciamus
1682 4725 1803 4779 quae

190 4799 521 4855 methodttm
547 4802 878 4857 constituunt
908 4810 1107 4857 nostra:
1140 4801 1495 4866 expansionis,
1527 4800 1726 4854 ordinis
1748 4808 1804 4854 et

188 4893 645 4961 comparationis.

268 4983 340 5038 2.
382 4981 625 5037 Primum
654 4986 914 5054 deputare
950 4984 1207 5040 constitui
1249 4984 1301 5037 in
1352 4996 1674 5053 unaquaque
1703 4997 1799 5051 pa.

187 5074 340 5141 gina
373 5072 683 5127 columnam
714 5090 877 5128 unam
904 5074 1215 5144 singillatim
1243 5074 1534 5142 unicuique
1560 5072 1799 5142 pontiﬁci

167 5183 223 5219 ιθ
255 5164 330 5220 S.
380 5163 544 5219 Petro
582 5167 648 5219 ad
695 5165 1065 5221 Innocentium
1103 5167 1221 5236 ejus
1269 5166 1502 5220 nominis
1543 5166 1799 5234 primum,

183 5256 299 5309 ubi
336 5255 515 5309 series
532 5254 759 5310 Paulina
793 5257 1153 5326 abrumpitur.
1184 5256 1241 5309 ln
1272 5254 1388 5322 ejus
1432 5255 1694 5310 columnae
1715 5270 1804 5310 su-

184 5358 409 5417 prema
455 5352 608 5413 parte
634 5345 855 5401 reddam
899 5346 1129 5401 ﬁdeliter
1155 5347 1415 5417 epocham
1461 5346 1533 5400 ibi
1576 5346 1805 5403 attribu-

186 5446 324 5491 tam
351 5431 445 5488 uni
469 5448 538 5490 ex
569 5435 915 5503 pontiﬁcibus
945 5435 1224 5501 Romanis,
1240 5444 1399 5505 Juxta
1414 5436 1659 5491 ordinem
1695 5450 1804 5505 quo

182 5530 381 5599 pictae
405 5534 536 5581 sunt
559 5534 614 5581 ct
643 5530 902 5597 apposita:
929 5526 1190 5598 clypeatis
1218 5525 1547 5596 imaginibus
1590 5540 1805 5581 eorum-

182 5620 339 5674 dem
382 5615 698 5685 pontiﬁcum
756 5616 1145 5672 Romanorum.
1203 5615 1422 5671 Litterae
1462 5615 1720 5671 Romana
1748 5615 1801 5669 in

180 5715 508 5780 prototypo
536 5709 857 5777 superstites
886 5725 1028 5764 ante
1078 5708 1385 5763 indicantur
1437 5707 1627 5762 initiali
1675 5708 1802 5761 clia-

178 5806 432 5858 racterc
478 5801 743 5867 rotundo;
778 5809 888 5857 tum
917 5818 1035 5874 qua:
1088 5818 1281 5860 nomen
1310 5802 1579 5873 pontiﬁcis
1603 5800 1797 5857 consti-

1892 579 2164 634 meusibus
2185 594 2249 634 ac
2280 580 2468 637 diebus
2497 593 2855 650 constantem,
2883 585 3115 643 eﬁerunt
3142 588 3348 657 pariter
3368 605 3465 659 per

1891 668 2102 723 litteras
2148 670 2406 739 capitales
2458 671 2724 728 Romanas
2774 674 2828 729 in
2857 676 3139 731 vetnstiori
3171 676 3263 731 illa
3298 677 3464 743 serie,

1891 760 2158 816 coloribus
2179 776 2438 832 expressa
2461 764 2513 819 in
2545 765 2761 821 basilica
2780 764 2838 821 S.
2867 766 3062 821 Pauli:
3083 783 3245 839 quam
3266 769 3462 826 seriem

1891 848 2158 919 depictam
2184 850 2414 907 dicimus
2438 854 2635 910 seculo
2674 856 2884 925 quinto,
2915 857 3299 915 circa-aetatem
3328 859 3468 917 Leo-

1891 942 1978 996 nis
2027 941 2236 1012 Magni,
2298 946 2515 1013 quando
2568 955 2623 1000 ct
2682 948 2948 1003 musivum
3008 950 3467 1021 componebatur,

1892 1031 2131 1099 ejusdem
2158 1035 2357 1104 opiﬁcii
2388 1051 2453 1091 ac
2482 1037 2679 1093 scholae
2716 1038 2912 1110 stylum
2965 1042 3274 1097 ostendens.
3316 1041 3473 1110 Quaa-

1893 1137 2106 1194 cunque
2135 1126 2299 1195 igitur
2346 1126 2539 1182 littera:
2581 1129 2635 1183 in
2676 1131 2972 1203 archetypo
3018 1141 3143 1188 sunt
3176 1133 3471 1189 etiamnum

1892 1218 2219 1287 conspicuae,
2272 1218 2376 1273 illa:
2410 1236 2439 1273 a
2480 1220 2635 1275 nobis
2680 1222 3057 1290 imprimentur
3085 1224 3473 1280 characteribus

1892 1307 2203 1377 capitalibus
2244 1310 2506 1376 rotundis,
2556 1321 2772 1368 servato
2812 1313 3002 1369 ordine
3028 1322 3082 1369 et
3104 1330 3331 1370 numero
3356 1329 3476 1369 ver-

1893 1412 2072 1463 suum,
2105 1413 2198 1452 seu
2233 1398 2524 1466 linearum,
2573 1418 2680 1471 quo
2720 1404 2898 1473 pictor
2946 1404 3212 1475 disposuit
3265 1404 3477 1477 epigra-

1893 1487 2034 1558 phcn
2098 1491 2319 1560 imagini
2371 1493 2676 1561 proximam
2731 1494 2849 1564 ejus
2887 1495 3157 1566 pontiﬁcis
3208 1494 3276 1552 ad
3314 1510 3475 1565 quem

1894 1579 2145 1637 refertur.
2204 1581 2435 1638 Lacuna:
2480 1600 2609 1640 vero
2660 1586 2907 1642 versibus
2949 1601 3013 1644 ac
3056 1586 3251 1644 litteris
3281 1586 3477 1657 injuria

1897 1684 2198 1743 temporum
2246 1674 2426 1741 illatae,
2475 1676 2521 1731 si
2570 1693 2690 1747 qua:
2735 1676 2955 1745 fuerint,
3004 1679 3356 1735 ostendentur
3409 1694 3478 1734 ex

1894 1763 2109 1819 diverso
2156 1764 2475 1821 charactere
2513 1767 2987 1838 supplementorum
3031 1768 3230 1825 ibidem
3261 1784 3293 1824 a
3322 1768 3479 1824 nobis

1828 1840 1873 1899 Β
1903 1852 2227 1909 adhibendo.
2289 1853 2463 1911 Porro
2520 1858 2899 1927 supplementa
2954 1858 3113 1915 serici
3168 1860 3481 1916 vetustioris

1900 1945 2076 2001 aetatis
2098 1945 2384 2001 Leoniano:
2409 1946 2498 2003 ubi
2520 1957 2775 2019 poterunt
2794 1949 2847 2004 in
2868 1950 3056 2005 eadem
3074 1950 3295 2006 basilica
3325 1966 3481 2021 repe,

1900 2038 2015 2103 viri,
2071 2045 2127 2092 et
2179 2039 2413 2094 mutuari
2447 2054 2514 2094 ex
2562 2041 2851 2097 recentiori
2898 2042 3056 2109 serie,
3105 2041 3205 2098 sub
3261 2040 3482 2098 Nicolao

1901 2127 2059 2182 tertio
2082 2126 2278 2183 ibidem
2303 2129 2651 2198 repetita,uti
2684 2130 2940 2199 diximus,
2988 2131 3288 2188 imitatione
3321 2146 3482 2202 supe-

1900 2218 2081 2284 rioris,
2116 2233 2181 2275 ea
2206 2220 2664 2291 consignabuntur
2705 2222 3095 2277 rharacteribus
3149 2222 3477 2293 capitalibus,

1901 2326 2005 2366 non
2035 2319 2213 2366 tamen
2239 2313 2503 2379 rotundis,
2553 2314 2643 2369 sed
2674 2314 2961 2382 inclinatis,
2986 2316 3122 2381 sive,
3158 2316 3236 2371 uti
3262 2324 3479 2380 vocant,

1901 2406 2126 2462 Italicis.
2161 2407 2255 2462 Sin
2276 2392 2339 2462 ea
2362 2408 2669 2464 litterarum
2691 2418 2745 2465 et
2766 2410 3082 2466 lacunarum
3111 2410 3481 2480 supplementa

1901 2499 2199 2554 exciderint
2246 2500 2409 2555 etiam
2465 2515 2527 2555 ex
2583 2500 2789 2556 Nicolai
2856 2501 3005 2557 tertii
3066 2500 3294 2572 picturis
3337 2500 3478 2572 (qua

1900 2596 2047 2644 certe
2076 2589 2336 2659 majorem
2379 2589 2555 2645 labem
2603 2598 3012 2658 contraxerunt,
3044 2590 3225 2648 minus
3253 2589 3483 2645 ﬁrmiter

1902 2679 2210 2735 adlimrente
2240 2680 2514 2735 veteribus
2537 2681 2819 2750 parietinis
2864 2681 3027 2747 calce,
3061 2697 3250 2753 gypso,
3282 2680 3481 2746 colore,

1905 2776 1981 2821 tot
2010 2768 2221 2823 szrculis
2247 2784 2276 2822 a
2304 2770 2707 2825 constructione
2741 2771 3038 2841 parietibus
3077 2769 3482 2841 superinducto)

1903 2859 2213 2929 supplenda:
2261 2869 2386 2914 sunt
2415 2870 2669 2916 vacantes
2710 2862 2904 2917 littera:
2931 2870 2986 2918 et
3012 2862 3275 2918 dictiones
3296 2877 3361 2918 cx
3383 2860 3486 2917 Ca-

1905 2947 2095 3018 talogis
2140 2948 2525 3005 vetustioribus
2573 2958 2624 3004 et
2668 2944 3148 3013 cincndatioribus,
3184 2950 3485 3020 praesertim

1904 3038 2163 3109 depositis
2200 3039 2253 3094 in
2286 3040 2526 3094 arcliivis
2573 3040 2810 3111 regionis
2859 3039 3265 3104 suburbicarite,
3297 3047 3487 3110 utpote

1904 3128 2199 3200 archetypo
2251 3129 2672 3198 proximioribns
2730 3128 2848 3185 loco
2905 3144 2967 3185 ac
3016 3137 3279 3201 tempore,
3330 3127 3487 3198 juxta

1882 3218 2119 3289 regulas
2170 3218 2377 3275 critcrii
2425 3219 2747 3276 constitutas
2785 3221 2961 3292 capite
2989 3221 3246 3288 secundo,
3280 3220 3333 3275 in
3379 3220 3489 3277 ﬁne

1903 3311 2111 3385 numeri
2139 3312 2195 3379 4,
2247 3327 2370 3367 cum
2426 3312 2573 3368 credi
2620 3313 2829 3384 possint
2859 3328 2923 3368 ac
2952 3312 3186 3369 debeant
3226 3312 3309 3369 vel
3360 3312 3487 3368 hinc

1904 3403 2193 3473 desumpti,
2240 3404 2328 3460 vel
2367 3405 2666 3475 antiquitus
2713 3405 2893 3461 collati
2936 3420 3061 3460 cum
3090 3407 3157 3462 iis
3186 3406 3490 3477 prototypis

1900 3504 2000 3560 per
2024 3489 2283 3546 ecclesias
2306 3490 2698 3559 patriarchalcs
2719 3490 2904 3547 Romae
2930 3492 3257 3562 spectandis.
3285 3490 3487 3547 Indicia

1904 3593 2034 3635 vero
2062 3579 2313 3636 lectionis
2338 3581 2591 3652 legitimae
2611 3582 2698 3637 his
2721 3582 2773 3636 in
2806 3582 3013 3639 lacunis
3034 3584 3109 3638 ita
3143 3582 3489 3639 restituendae

1903 3687 1970 3729 ex
2020 3672 2292 3745 Catalogis
2340 3683 2500 3728 erunt
2541 3675 2593 3728 in
2621 3675 2723 3730 hac
2776 3685 2960 3731 nostra
3004 3675 3240 3731 editione
3288 3674 3485 3730 littera:

1904 3765 2167 3836 alpliabeti
2210 3766 2490 3821 minusculi
2542 3767 2797 3833 rotundis,
2834 3778 2894 3823 ut
2924 3769 3083 3839 vulgo
3111 3769 3331 3836 dicitur,
3379 3783 3486 3824 non

1907 3862 2087 3911 tamen
2122 3857 2403 3927 capitales,
2425 3873 2545 3928 qum
2575 3858 2702 3913 solae
2725 3859 3051 3916 adhibentur
3072 3861 3124 3915 in
3169 3860 3365 3916 litteris
3395 3876 3485 3916 su-

1905 3946 2223 4017 perstitibus
2261 3948 2541 4020 archetypi
2595 3948 2875 4005 Leoniaui.
2918 3950 2995 4004 Ita
3044 3950 3261 4005 demum
3311 3951 3403 4007 ﬁet
3430 3960 3489 4006 ut

1907 4039 2079 4095 lector
2128 4039 2302 4109 ipsum
2348 4040 2462 4096 fere
2506 4049 2850 4113 prototypum
2889 4041 3124 4098 basilicae
3155 4041 3213 4098 S.
3247 4042 3400 4097 Pauli
3432 4053 3489 4098 et

1906 4133 2228 4202 epigraphcs
2256 4131 2328 4188 ibi
2353 4133 2524 4203 pictas
2551 4132 2742 4202 quinto
2771 4132 2971 4188 Christi
2994 4132 3191 4188 smculo
3212 4148 3324 4202 prae
3352 4148 3482 4187 ocu-

1908 4222 1973 4277 lis
1998 4221 2214 4290 liabeat,
2246 4231 2462 4278 servato
2490 4237 2719 4277 numero
2752 4235 3008 4277 versuum
3052 4236 3115 4277 ac
3143 4221 3485 4287 litterarum;

1907 4321 1963 4368 et
1992 4313 2212 4369 lacunas
2260 4320 2316 4367 et
2371 4313 2760 4384 supplementa,
2783 4322 2896 4368 tum
2926 4329 2956 4367 a
2986 4313 3126 4370 serie
3154 4312 3359 4371 Nicolai
3397 4313 3483 4379 Ill,

1909 4414 2018 4460 tum
2067 4420 2097 4458 a
2155 4404 2371 4474 scriptis
2417 4406 2688 4475 Catalogis
2735 4406 2936 4477 petita.
2990 4407 3093 4463 hoc
3140 4407 3194 4461 in
3240 4407 3487 4479 exemplo

1909 4493 2158 4550 distincte
2180 4504 2368 4550 cernat

1978 4608 2033 4662 5.
2070 4606 2188 4662 Prae
2214 4610 2427 4665 caeteris
2457 4610 2620 4681 igitur
2661 4610 2932 4680 Catalogis
2968 4620 3021 4666 et
3053 4610 3303 4667 indiculis
3328 4611 3489 4666 chro-

1907 4697 2133 4769 nologiie
2158 4699 2467 4767 pontiﬁciae,
2501 4700 2760 4756 allinitatc
2780 4702 2955 4758 aetatis
2993 4718 3057 4757 ac
3081 4702 3186 4757 loci
3213 4700 3489 4756 Leoniano

1908 4792 2202 4862 archetypo
2218 4775 2664 4861 proximioribus,
2687 4794 3008 4850 contendam
3026 4792 3144 4849 illos
3161 4808 3279 4849 esse
3303 4792 3486 4847 obser-

1907 4882 2113 4935 vandos
2162 4882 2396 4937 maxime
2440 4894 2496 4939 et
2540 4883 2916 4947 confcrcndos,
2944 4882 3033 4952 qui
3066 4896 3161 4951 per
3197 4898 3259 4937 ca
3290 4880 3483 4936 saecula

1910 4973 2245 5042 prodierunt,
2281 4989 2399 5043 quae
2427 4974 2772 5044 peritioribus
2803 4982 3100 5043 tcmportun
3132 4972 3486 5044 scriptoribus

1908 5064 2255 5119 abundabant
2298 5084 2311 5120 :
2364 5067 2439 5120 ita
2492 5066 2909 5120 decernentibus
2950 5064 3148 5135 regulis
3198 5065 3372 5136 prima
3425 5082 3487 5119 ac

1908 5154 2084 5218 tertia,
2134 5169 2295 5223 supra
2353 5155 2685 5210 conﬁrmatis
2738 5154 2913 5223 capite
2963 5152 3033 5219 2,,
3061 5170 3114 5208 n.
3152 5155 3187 5208 2
3220 5163 3273 5208 et
3303 5154 3354 5219 7,
3395 5151 3484 5208 ubi

1909 5252 2083 5298 ratum
2127 5244 2181 5298 id
2225 5244 2528 5297 habendum
2551 5258 2673 5299 esse
2699 5244 2933 5299 diximus
2967 5264 2978 5298 :
3006 5244 3153 5300 Inter
3175 5245 3488 5299 documenta

1909 5347 2196 5407 temporum
2233 5334 2464 5405 publica,
2495 5337 2539 5389 si
2566 5351 2682 5407 qua:
2725 5346 2867 5402 sunt,
2917 5354 2980 5392 ea
3024 5354 3130 5393 esse
3157 5336 3487 5409 praeferenda

1908 5448 2025 5502 qua:
2055 5445 2147 5499 per
2174 5429 2309 5483 viros
2350 5428 2563 5505 idoneos
2597 5432 2766 5500 posita
2811 5432 2914 5486 sint
2959 5432 3197 5501 proxima
3238 5430 3384 5485 αἰαιί
3424 5435 3487 5485 de

1905 5539 2011 5593 qua
2063 5537 2181 5575 cum
2233 5522 2460 5575 maxime
2514 5523 2789 5592 quwritur.
2846 5520 2932 5575 Ex
2990 5520 3315 5576 documentis
3368 5534 3486 5575 vero

1906 5616 2120 5671 aliunde
2142 5616 2455 5670 ministratis
2482 5632 2640 5687 quam
2663 5633 2727 5672 ea:
2755 5616 2868 5671 loco
2910 5616 2997 5670 ubi
3012 5632 3103 5689 {res
3130 5615 3365 5685 proxime
3390 5629 3481 5683 ge-

1909 5708 2173 5774 rebantur,
2196 5708 2309 5776 stt/1'
2306 5707 2438 5777 I‘agii
2461 5708 2857 5779 prtcrogativam
2873 5707 2984 5777 [ore
3004 5724 3156 5776 penes
3175 5705 3306 5760 illud
3328 5704 3473 5773 cujut

1906 5803 2106 5858 auctori
2138 5818 2296 5857 causa
2324 5800 2573 5869 scientiae,
2598 5802 2783 5872 peritia
2830 5798 3145 5870 disciplina,
3168 5814 3227 5853 ar
3254 5796 3487 5852 studium
