  <div class='ocr_page' id='page_1' title='image "/cluster/home/n/w/nwhite01/storage/ocr_20150623/127/hvd.32044015471683/143.png"; bbox 0 0 3976 6312; ppageno 0'>
   <div class='ocr_carea' id='block_1_1' title="bbox 513 334 3785 414">
    <p class='ocr_par' dir='ltr' id='par_1_1' title="bbox 513 334 3785 414">
     <span class='ocr_line' id='line_1_1' title="bbox 513 334 3785 414; baseline 0.006 -21"><span class='ocrx_word' id='word_1_1' title='bbox 513 334 623 393; x_wconf 69' lang='grc'><strong>275</strong></span> <span class='ocrx_word' id='word_1_2' title='bbox 1227 337 1321 392; x_wconf 77' lang='grc' dir='ltr'><strong>ΔΙ)</strong></span> <span class='ocrx_word' id='word_1_3' title='bbox 1355 337 1800 396; x_wconf 81' lang='lat' dir='ltr'><strong>ANASTASIUM</strong></span> <span class='ocrx_word' id='word_1_4' title='bbox 1841 340 2354 399; x_wconf 76' lang='lat' dir='ltr'><strong>PROLEGOMENA</strong></span> <span class='ocrx_word' id='word_1_5' title='bbox 2391 344 2570 402; x_wconf 81' lang='lat' dir='ltr'><strong>EDIT.</strong></span> <span class='ocrx_word' id='word_1_6' title='bbox 2612 348 3037 408; x_wconf 69' lang='lat' dir='ltr'><strong>ROll.-VATIC.</strong></span> <span class='ocrx_word' id='word_1_7' title='bbox 3675 350 3785 414; x_wconf 69' lang='lat'><strong>276</strong></span> 
     </span>
    </p>
   </div>
   <div class='ocr_carea' id='block_1_2' title="bbox 516 443 3782 537">
    <p class='ocr_par' dir='ltr' id='par_1_2' title="bbox 516 443 3782 537">
     <span class='ocr_line' id='line_1_2' title="bbox 516 443 3782 537; baseline 0.009 -40"><span class='ocrx_word' id='word_1_8' title='bbox 516 443 751 499; x_wconf 74' lang='lat' dir='ltr'><strong>veritatis</strong></span> <span class='ocrx_word' id='word_1_9' title='bbox 795 444 1102 517; x_wconf 75' lang='lat' dir='ltr'><strong>facultatem</strong></span> <span class='ocrx_word' id='word_1_10' title='bbox 1139 448 1340 504; x_wconf 84' lang='lat' dir='ltr'><strong>dederit</strong></span> <span class='ocrx_word' id='word_1_11' title='bbox 1386 452 1692 523; x_wconf 76' lang='lat' dir='ltr'><strong>ampliorem</strong></span> <span class='ocrx_word' id='word_1_12' title='bbox 1741 455 1984 525; x_wconf 82' lang='lat' dir='ltr'><strong>temporis</strong></span> <span class='ocrx_word' id='word_1_13' title='bbox 2038 472 2101 509; x_wconf 87' lang='lat' dir='ltr'><strong>ac</strong></span> <span class='ocrx_word' id='word_1_14' title='bbox 2128 465 2180 523; x_wconf 83' lang='grc' dir='ltr'><strong>Α</strong></span> <span class='ocrx_word' id='word_1_15' title='bbox 2204 474 2328 514; x_wconf 90' lang='lat' dir='ltr'><strong>cum</strong></span> <span class='ocrx_word' id='word_1_16' title='bbox 2357 460 2764 521; x_wconf 88' lang='lat' dir='ltr'><strong>characteribus</strong></span> <span class='ocrx_word' id='word_1_17' title='bbox 2788 467 2951 523; x_wconf 82' lang='lat' dir='ltr'><strong>certis</strong></span> <span class='ocrx_word' id='word_1_18' title='bbox 3006 481 3273 522; x_wconf 91' lang='lat' dir='ltr'><strong>annorum</strong></span> <span class='ocrx_word' id='word_1_19' title='bbox 3319 481 3479 537; x_wconf 83' lang='lat' dir='ltr'><strong>supra</strong></span> <span class='ocrx_word' id='word_1_20' title='bbox 3518 467 3782 537; x_wconf 85' lang='lat' dir='ltr'><strong>indicato,</strong></span> 
     </span>
    </p>
   </div>
   <div class='ocr_carea' id='block_1_3' title="bbox 515 539 2074 628">
    <p class='ocr_par' dir='ltr' id='par_1_3' title="bbox 515 539 1204 614">
     <span class='ocr_line' id='line_1_3' title="bbox 515 539 1204 614; baseline 0.01 -26"><span class='ocrx_word' id='word_1_21' title='bbox 515 551 694 590; x_wconf 82' lang='lat' dir='ltr'><strong>rerum</strong></span> <span class='ocrx_word' id='word_1_22' title='bbox 718 539 1204 614; x_wconf 75' lang='lat' dir='ltr'><strong>perquirendarum.</strong></span> 
     </span>
    </p>
   </div>
   <div class='ocr_carea' id='block_1_4' title="bbox 2185 539 3785 628">
    <p class='ocr_par' dir='ltr' id='par_1_4' title="bbox 2200 555 3785 628">
     <span class='ocr_line' id='line_1_4' title="bbox 2200 555 3785 628; baseline 0.006 -21"><span class='ocrx_word' id='word_1_23' title='bbox 2200 566 2268 609; x_wconf 89' lang='lat' dir='ltr'><strong>ac</strong></span> <span class='ocrx_word' id='word_1_24' title='bbox 2292 555 2507 613; x_wconf 73' lang='lat' dir='ltr'><strong>caeteris</strong></span> <span class='ocrx_word' id='word_1_25' title='bbox 2557 557 2893 628; x_wconf 68' lang='lat' dir='ltr'><strong>praeferendo</strong></span> <span class='ocrx_word' id='word_1_26' title='bbox 2934 574 3003 616; x_wconf 84' lang='lat' dir='ltr'><strong>ex</strong></span> <span class='ocrx_word' id='word_1_27' title='bbox 3040 559 3424 615; x_wconf 76' lang='lat' dir='ltr'><strong>demonstratis</strong></span> <span class='ocrx_word' id='word_1_28' title='bbox 3452 575 3483 615; x_wconf 90' lang='lat' dir='ltr'><strong>a</strong></span> <span class='ocrx_word' id='word_1_29' title='bbox 3506 575 3592 616; x_wconf 91' lang='lat' dir='ltr'><strong>me</strong></span> <span class='ocrx_word' id='word_1_30' title='bbox 3636 562 3785 617; x_wconf 86' lang='lat' dir='ltr'><strong>inter</strong></span> 
     </span>
    </p>
   </div>
   <div class='ocr_carea' id='block_1_5' title="bbox 586 630 3784 722">
    <p class='ocr_par' dir='ltr' id='par_1_5' title="bbox 586 630 3784 722">
     <span class='ocr_line' id='line_1_5' title="bbox 586 630 3784 722; baseline 0.006 -36"><span class='ocrx_word' id='word_1_31' title='bbox 586 630 1009 692; x_wconf 82' lang='lat' dir='ltr'><strong>Attendentibus</strong></span> <span class='ocrx_word' id='word_1_32' title='bbox 1066 637 1248 707; x_wconf 89' lang='lat' dir='ltr'><strong>itaque</strong></span> <span class='ocrx_word' id='word_1_33' title='bbox 1294 640 1451 695; x_wconf 90' lang='lat' dir='ltr'><strong>nobis</strong></span> <span class='ocrx_word' id='word_1_34' title='bbox 1483 639 1537 693; x_wconf 91' lang='lat' dir='ltr'><strong>in</strong></span> <span class='ocrx_word' id='word_1_35' title='bbox 1570 639 1781 696; x_wconf 88' lang='lat' dir='ltr'><strong>delectu</strong></span> <span class='ocrx_word' id='word_1_36' title='bbox 1819 640 2100 712; x_wconf 88' lang='lat' dir='ltr'><strong>Catalogo-</strong></span> <span class='ocrx_word' id='word_1_37' title='bbox 2200 643 2318 701; x_wconf 64' lang='lat' dir='ltr'><strong>huic</strong></span> <span class='ocrx_word' id='word_1_38' title='bbox 2363 647 2743 719; x_wconf 86' lang='lat' dir='ltr'><strong>prolegomena</strong></span> <span class='ocrx_word' id='word_1_39' title='bbox 2795 665 2918 719; x_wconf 76' lang='lat' dir='ltr'><strong>pag.</strong></span> <span class='ocrx_word' id='word_1_40' title='bbox 2964 664 3041 705; x_wconf 86' lang='lat' dir='ltr'><strong>xu</strong></span> <span class='ocrx_word' id='word_1_41' title='bbox 3105 648 3287 720; x_wconf 78' lang='lat' dir='ltr'><strong>(supra</strong></span> <span class='ocrx_word' id='word_1_42' title='bbox 3340 648 3440 703; x_wconf 86' lang='lat' dir='ltr'><strong>col.</strong></span> <span class='ocrx_word' id='word_1_43' title='bbox 3480 648 3627 722; x_wconf 71' lang='lat'><strong>1‘29).</strong></span> <span class='ocrx_word' id='word_1_44' title='bbox 3670 648 3784 706; x_wconf 86' lang='lat' dir='ltr'><strong>Suo</strong></span> 
     </span>
    </p>
   </div>
   <div class='ocr_carea' id='block_1_6' title="bbox 515 730 3784 809">
    <p class='ocr_par' dir='ltr' id='par_1_6' title="bbox 515 730 3784 809">
     <span class='ocr_line' id='line_1_6' title="bbox 515 730 3784 809; baseline 0.005 -31"><span class='ocrx_word' id='word_1_45' title='bbox 515 740 638 779; x_wconf 92' lang='lat' dir='ltr'><strong>rum</strong></span> <span class='ocrx_word' id='word_1_46' title='bbox 691 734 805 782; x_wconf 90' lang='lat' dir='ltr'><strong>tum</strong></span> <span class='ocrx_word' id='word_1_47' title='bbox 854 730 1259 799; x_wconf 78' lang='lat' dir='ltr'><strong>proximitatem</strong></span> <span class='ocrx_word' id='word_1_48' title='bbox 1288 732 1394 789; x_wconf 88' lang='lat' dir='ltr'><strong>loci</strong></span> <span class='ocrx_word' id='word_1_49' title='bbox 1429 750 1492 790; x_wconf 91' lang='lat' dir='ltr'><strong>ac</strong></span> <span class='ocrx_word' id='word_1_50' title='bbox 1532 733 1809 804; x_wconf 88' lang='lat' dir='ltr'><strong>temporis,</strong></span> <span class='ocrx_word' id='word_1_51' title='bbox 1840 733 2001 789; x_wconf 85' lang='lat' dir='ltr'><strong>rebus</strong></span> <span class='ocrx_word' id='word_1_52' title='bbox 2035 749 2099 790; x_wconf 92' lang='lat' dir='ltr'><strong>ac</strong></span> <span class='ocrx_word' id='word_1_53' title='bbox 2199 732 2383 807; x_wconf 87' lang='lat' dir='ltr'><strong>itaque</strong></span> <span class='ocrx_word' id='word_1_54' title='bbox 2435 735 2559 805; x_wconf 82' lang='lat' dir='ltr'><strong>jure</strong></span> <span class='ocrx_word' id='word_1_55' title='bbox 2611 736 2721 792; x_wconf 88' lang='lat' dir='ltr'><strong>Leo</strong></span> <span class='ocrx_word' id='word_1_56' title='bbox 2779 735 3005 809; x_wconf 82' lang='lat' dir='ltr'><strong>Magnus</strong></span> <span class='ocrx_word' id='word_1_57' title='bbox 3061 736 3284 809; x_wconf 87' lang='lat' dir='ltr'><strong>pingere</strong></span> <span class='ocrx_word' id='word_1_58' title='bbox 3340 745 3555 807; x_wconf 90' lang='lat' dir='ltr'><strong>poterat</strong></span> <span class='ocrx_word' id='word_1_59' title='bbox 3618 748 3784 808; x_wconf 89' lang='lat' dir='ltr'><strong>atque</strong></span> 
     </span>
    </p>
   </div>
   <div class='ocr_carea' id='block_1_7' title="bbox 516 818 3781 898">
    <p class='ocr_par' dir='ltr' id='par_1_7' title="bbox 516 818 3781 898">
     <span class='ocr_line' id='line_1_7' title="bbox 516 818 3781 898; baseline 0.004 -27"><span class='ocrx_word' id='word_1_60' title='bbox 516 818 670 885; x_wconf 78' lang='lat' dir='ltr'><strong>viris,</strong></span> <span class='ocrx_word' id='word_1_61' title='bbox 711 834 848 889; x_wconf 87' lang='lat' dir='ltr'><strong>quos</strong></span> <span class='ocrx_word' id='word_1_62' title='bbox 896 833 1305 892; x_wconf 72' lang='lat' dir='ltr'><strong>repraesentant,</strong></span> <span class='ocrx_word' id='word_1_63' title='bbox 1358 834 1469 880; x_wconf 92' lang='lat' dir='ltr'><strong>tum</strong></span> <span class='ocrx_word' id='word_1_64' title='bbox 1498 825 1746 896; x_wconf 88' lang='lat' dir='ltr'><strong>peritiam</strong></span> <span class='ocrx_word' id='word_1_65' title='bbox 1778 825 2094 896; x_wconf 70' lang='lat' dir='ltr'><strong>disciplima,</strong></span> <span class='ocrx_word' id='word_1_66' title='bbox 2196 842 2518 898; x_wconf 84' lang='lat' dir='ltr'><strong>proponere,</strong></span> <span class='ocrx_word' id='word_1_67' title='bbox 2566 836 2823 897; x_wconf 78' lang='lat' dir='ltr'><strong>tanquam</strong></span> <span class='ocrx_word' id='word_1_68' title='bbox 2870 828 3115 883; x_wconf 86' lang='lat' dir='ltr'><strong>numeris</strong></span> <span class='ocrx_word' id='word_1_69' title='bbox 3158 827 3414 884; x_wconf 87' lang='lat' dir='ltr'><strong>omnibus</strong></span> <span class='ocrx_word' id='word_1_70' title='bbox 3454 828 3781 894; x_wconf 76' lang='lat' dir='ltr'><strong>absolutam,</strong></span> 
     </span>
    </p>
   </div>
   <div class='ocr_carea' id='block_1_8' title="bbox 509 902 3783 988">
    <p class='ocr_par' dir='ltr' id='par_1_8' title="bbox 509 902 3783 988">
     <span class='ocr_line' id='line_1_8' title="bbox 509 902 3783 988; baseline 0.003 -24"><span class='ocrx_word' id='word_1_71' title='bbox 509 919 569 964; x_wconf 86' lang='lat' dir='ltr'><strong>et</strong></span> <span class='ocrx_word' id='word_1_72' title='bbox 597 926 817 967; x_wconf 83' lang='lat' dir='ltr'><strong>causam</strong></span> <span class='ocrx_word' id='word_1_73' title='bbox 848 914 1089 971; x_wconf 75' lang='lat' dir='ltr'><strong>scientim</strong></span> <span class='ocrx_word' id='word_1_74' title='bbox 1118 916 1171 971; x_wconf 87' lang='lat' dir='ltr'><strong>in</strong></span> <span class='ocrx_word' id='word_1_75' title='bbox 1223 918 1536 979; x_wconf 86' lang='lat' dir='ltr'><strong>auctoribus</strong></span> <span class='ocrx_word' id='word_1_76' title='bbox 1574 933 1666 988; x_wconf 81' lang='lat' dir='ltr'><strong>qui</strong></span> <span class='ocrx_word' id='word_1_77' title='bbox 1694 919 1910 974; x_wconf 87' lang='lat' dir='ltr'><strong>eosdem</strong></span> <span class='ocrx_word' id='word_1_78' title='bbox 1936 917 2097 975; x_wconf 89' lang='lat' dir='ltr'><strong>Cata-</strong></span> <span class='ocrx_word' id='word_1_79' title='bbox 2197 919 2392 975; x_wconf 89' lang='lat' dir='ltr'><strong>seriem</strong></span> <span class='ocrx_word' id='word_1_80' title='bbox 2445 927 2500 974; x_wconf 90' lang='lat' dir='ltr'><strong>et</strong></span> <span class='ocrx_word' id='word_1_81' title='bbox 2545 902 2951 988; x_wconf 78' lang='lat' dir='ltr'><strong>chronologiam</strong></span> <span class='ocrx_word' id='word_1_82' title='bbox 3000 919 3056 974; x_wconf 92' lang='lat' dir='ltr'><strong>in</strong></span> <span class='ocrx_word' id='word_1_83' title='bbox 3106 919 3329 974; x_wconf 89' lang='lat' dir='ltr'><strong>basilica</strong></span> <span class='ocrx_word' id='word_1_84' title='bbox 3373 917 3434 974; x_wconf 90' lang='lat' dir='ltr'><strong>S.</strong></span> <span class='ocrx_word' id='word_1_85' title='bbox 3476 917 3652 985; x_wconf 84' lang='lat' dir='ltr'><strong>Pauli,</strong></span> <span class='ocrx_word' id='word_1_86' title='bbox 3697 921 3783 975; x_wconf 83' lang='lat' dir='ltr'><strong>cui</strong></span> 
     </span>
    </p>
   </div>
   <div class='ocr_carea' id='block_1_9' title="bbox 512 1000 2094 1072">
    <p class='ocr_par' dir='ltr' id='par_1_9' title="bbox 512 1000 2094 1072">
     <span class='ocr_line' id='line_1_9' title="bbox 512 1000 2094 1072; baseline 0.006 -18"><span class='ocrx_word' id='word_1_87' title='bbox 512 1000 665 1072; x_wconf 81' lang='lat' dir='ltr'><strong>logos</strong></span> <span class='ocrx_word' id='word_1_88' title='bbox 686 1010 1103 1069; x_wconf 81' lang='lat' dir='ltr'><strong>cuntexuerunt,</strong></span> <span class='ocrx_word' id='word_1_89' title='bbox 1122 1004 1182 1060; x_wconf 87' lang='lat' dir='ltr'><strong>ﬁt</strong></span> <span class='ocrx_word' id='word_1_90' title='bbox 1200 1007 1548 1062; x_wconf 80' lang='lat' dir='ltr'><strong>manifestum</strong></span> <span class='ocrx_word' id='word_1_91' title='bbox 1562 1008 1667 1064; x_wconf 88' lang='lat' dir='ltr'><strong>hoc</strong></span> <span class='ocrx_word' id='word_1_92' title='bbox 1688 1008 1852 1062; x_wconf 89' lang='lat' dir='ltr'><strong>etiam</strong></span> <span class='ocrx_word' id='word_1_93' title='bbox 1876 1008 2094 1064; x_wconf 90' lang='lat' dir='ltr'><strong>nomine</strong></span> 
     </span>
    </p>
   </div>
   <div class='ocr_carea' id='block_1_10' title="bbox 504 1096 2091 1171">
    <p class='ocr_par' dir='ltr' id='par_1_10' title="bbox 504 1096 2091 1171">
     <span class='ocr_line' id='line_1_10' title="bbox 504 1096 2091 1171; baseline 0.004 -23"><span class='ocrx_word' id='word_1_94' title='bbox 504 1098 631 1149; x_wconf 84' lang='lat' dir='ltr'><strong>esse</strong></span> <span class='ocrx_word' id='word_1_95' title='bbox 653 1096 864 1161; x_wconf 67' lang='lat' dir='ltr'><strong>cancris</strong></span> <span class='ocrx_word' id='word_1_96' title='bbox 890 1097 1279 1168; x_wconf 59' lang='lat' dir='ltr'><strong>preferendam</strong></span> <span class='ocrx_word' id='word_1_97' title='bbox 1307 1099 1711 1171; x_wconf 80' lang='lat' dir='ltr'><strong>chronologiam</strong></span> <span class='ocrx_word' id='word_1_98' title='bbox 1762 1099 1827 1155; x_wconf 91' lang='lat' dir='ltr'><strong>iis</strong></span> <span class='ocrx_word' id='word_1_99' title='bbox 1854 1100 1906 1155; x_wconf 89' lang='lat' dir='ltr'><strong>in</strong></span> <span class='ocrx_word' id='word_1_100' title='bbox 1928 1099 2091 1157; x_wconf 86' lang='lat' dir='ltr'><strong>Cata-</strong></span> 
     </span>
    </p>
   </div>
   <div class='ocr_carea' id='block_1_11' title="bbox 508 1183 2093 1263">
    <p class='ocr_par' dir='ltr' id='par_1_11' title="bbox 508 1183 2093 1263">
     <span class='ocr_line' id='line_1_11' title="bbox 508 1183 2093 1263; baseline 0.006 -26"><span class='ocrx_word' id='word_1_101' title='bbox 508 1183 643 1255; x_wconf 86' lang='lat' dir='ltr'><strong>logis</strong></span> <span class='ocrx_word' id='word_1_102' title='bbox 672 1197 1022 1256; x_wconf 87' lang='lat' dir='ltr'><strong>apparentem</strong></span> <span class='ocrx_word' id='word_1_103' title='bbox 1048 1190 1140 1259; x_wconf 85' lang='lat' dir='ltr'><strong>qui</strong></span> <span class='ocrx_word' id='word_1_104' title='bbox 1184 1193 1612 1247; x_wconf 80' lang='lat' dir='ltr'><strong>contexebantur</strong></span> <span class='ocrx_word' id='word_1_105' title='bbox 1631 1201 1687 1249; x_wconf 90' lang='lat' dir='ltr'><strong>ct</strong></span> <span class='ocrx_word' id='word_1_106' title='bbox 1722 1192 2093 1263; x_wconf 85' lang='lat' dir='ltr'><strong>proponeban-</strong></span> 
     </span>
    </p>
   </div>
   <div class='ocr_carea' id='block_1_12' title="bbox 510 1277 2088 1355">
    <p class='ocr_par' dir='ltr' id='par_1_12' title="bbox 510 1277 2088 1355">
     <span class='ocr_line' id='line_1_12' title="bbox 510 1277 2088 1355; baseline 0.008 -27"><span class='ocrx_word' id='word_1_107' title='bbox 510 1285 600 1330; x_wconf 90' lang='lat' dir='ltr'><strong>tur</strong></span> <span class='ocrx_word' id='word_1_108' title='bbox 627 1277 841 1347; x_wconf 85' lang='lat' dir='ltr'><strong>publice</strong></span> <span class='ocrx_word' id='word_1_109' title='bbox 866 1279 919 1333; x_wconf 91' lang='lat' dir='ltr'><strong>in</strong></span> <span class='ocrx_word' id='word_1_110' title='bbox 944 1280 1184 1337; x_wconf 85' lang='lat' dir='ltr'><strong>basilicis</strong></span> <span class='ocrx_word' id='word_1_111' title='bbox 1215 1282 1479 1340; x_wconf 79' lang='lat' dir='ltr'><strong>Romanis</strong></span> <span class='ocrx_word' id='word_1_112' title='bbox 1505 1299 1604 1355; x_wconf 90' lang='lat' dir='ltr'><strong>per</strong></span> <span class='ocrx_word' id='word_1_113' title='bbox 1645 1293 1859 1340; x_wconf 73' lang='lat' dir='ltr'><strong>tetatem</strong></span> <span class='ocrx_word' id='word_1_114' title='bbox 1891 1284 2088 1349; x_wconf 88' lang='lat' dir='ltr'><strong>liberii,</strong></span> 
     </span>
    </p>
   </div>
   <div class='ocr_carea' id='block_1_13' title="bbox 502 1368 2090 1449">
    <p class='ocr_par' dir='ltr' id='par_1_13' title="bbox 502 1368 2090 1449">
     <span class='ocr_line' id='line_1_13' title="bbox 502 1368 2090 1449; baseline 0.008 -27"><span class='ocrx_word' id='word_1_115' title='bbox 502 1368 706 1425; x_wconf 66' lang='lat' dir='ltr'><strong>saeculo</strong></span> <span class='ocrx_word' id='word_1_116' title='bbox 756 1369 957 1429; x_wconf 85' lang='lat' dir='ltr'><strong>Christi</strong></span> <span class='ocrx_word' id='word_1_117' title='bbox 1015 1384 1232 1444; x_wconf 89' lang='lat' dir='ltr'><strong>quarto,</strong></span> <span class='ocrx_word' id='word_1_118' title='bbox 1295 1385 1352 1431; x_wconf 85' lang='lat' dir='ltr'><strong>et</strong></span> <span class='ocrx_word' id='word_1_119' title='bbox 1403 1378 1600 1433; x_wconf 89' lang='lat' dir='ltr'><strong>Leonis</strong></span> <span class='ocrx_word' id='word_1_120' title='bbox 1660 1377 1834 1449; x_wconf 82' lang='lat' dir='ltr'><strong>Magni</strong></span> <span class='ocrx_word' id='word_1_121' title='bbox 1895 1378 2090 1434; x_wconf 56' lang='lat' dir='ltr'><strong>sarculo</strong></span> 
     </span>
    </p>
   </div>
   <div class='ocr_carea' id='block_1_14' title="bbox 502 1458 2091 1539">
    <p class='ocr_par' dir='ltr' id='par_1_14' title="bbox 502 1458 2091 1539">
     <span class='ocr_line' id='line_1_14' title="bbox 502 1458 2091 1539; baseline 0.009 -28"><span class='ocrx_word' id='word_1_122' title='bbox 502 1458 714 1527; x_wconf 87' lang='lat' dir='ltr'><strong>quinto,</strong></span> <span class='ocrx_word' id='word_1_123' title='bbox 747 1471 801 1516; x_wconf 90' lang='lat' dir='ltr'><strong>et</strong></span> <span class='ocrx_word' id='word_1_124' title='bbox 847 1464 1186 1535; x_wconf 86' lang='lat' dir='ltr'><strong>Symmachi,</strong></span> <span class='ocrx_word' id='word_1_125' title='bbox 1235 1466 1431 1523; x_wconf 88' lang='lat' dir='ltr'><strong>Felicis</strong></span> <span class='ocrx_word' id='word_1_126' title='bbox 1456 1469 1658 1539; x_wconf 90' lang='lat' dir='ltr'><strong>quarti,</strong></span> <span class='ocrx_word' id='word_1_127' title='bbox 1705 1484 1770 1524; x_wconf 88' lang='lat' dir='ltr'><strong>ac</strong></span> <span class='ocrx_word' id='word_1_128' title='bbox 1816 1467 2011 1524; x_wconf 87' lang='lat' dir='ltr'><strong>Justini</strong></span> <span class='ocrx_word' id='word_1_129' title='bbox 2038 1479 2091 1525; x_wconf 91' lang='lat' dir='ltr'><strong>et</strong></span> 
     </span>
    </p>
   </div>
   <div class='ocr_carea' id='block_1_15' title="bbox 504 1547 2081 1629">
    <p class='ocr_par' dir='ltr' id='par_1_15' title="bbox 504 1547 2081 1629">
     <span class='ocr_line' id='line_1_15' title="bbox 504 1547 2081 1629; baseline 0.006 -25"><span class='ocrx_word' id='word_1_130' title='bbox 504 1547 796 1610; x_wconf 70' lang='lat' dir='ltr'><strong>Iustiniani</strong></span> <span class='ocrx_word' id='word_1_131' title='bbox 830 1557 1158 1629; x_wconf 89' lang='lat' dir='ltr'><strong>principum,</strong></span> <span class='ocrx_word' id='word_1_132' title='bbox 1187 1559 1384 1615; x_wconf 76' lang='lat' dir='ltr'><strong>szeculo</strong></span> <span class='ocrx_word' id='word_1_133' title='bbox 1414 1570 1567 1615; x_wconf 85' lang='lat' dir='ltr'><strong>sexto</strong></span> <span class='ocrx_word' id='word_1_134' title='bbox 1596 1575 1719 1615; x_wconf 74' lang='lat' dir='ltr'><strong>terte</strong></span> <span class='ocrx_word' id='word_1_135' title='bbox 1744 1559 2081 1616; x_wconf 68' lang='lat' dir='ltr'><strong>Christiante.</strong></span> 
     </span>
    </p>
   </div>
   <div class='ocr_carea' id='block_1_16' title="bbox 499 1641 2089 1724">
    <p class='ocr_par' dir='ltr' id='par_1_16' title="bbox 499 1641 2089 1724">
     <span class='ocr_line' id='line_1_16' title="bbox 499 1641 2089 1724; baseline 0.005 -23"><span class='ocrx_word' id='word_1_136' title='bbox 499 1641 637 1701; x_wconf 82' lang='lat' dir='ltr'><strong>Nam</strong></span> <span class='ocrx_word' id='word_1_137' title='bbox 665 1655 854 1705; x_wconf 81' lang='lat' dir='ltr'><strong>aetates</strong></span> <span class='ocrx_word' id='word_1_138' title='bbox 882 1650 986 1706; x_wconf 85' lang='lat' dir='ltr'><strong>illae</strong></span> <span class='ocrx_word' id='word_1_139' title='bbox 1013 1667 1073 1707; x_wconf 88' lang='lat' dir='ltr'><strong>ac</strong></span> <span class='ocrx_word' id='word_1_140' title='bbox 1101 1652 1297 1707; x_wconf 80' lang='lat' dir='ltr'><strong>saecula</strong></span> <span class='ocrx_word' id='word_1_141' title='bbox 1332 1669 1442 1724; x_wconf 80' lang='lat' dir='ltr'><strong>pr-te</strong></span> <span class='ocrx_word' id='word_1_142' title='bbox 1488 1655 1702 1709; x_wconf 71' lang='lat' dir='ltr'><strong>cancris</strong></span> <span class='ocrx_word' id='word_1_143' title='bbox 1745 1655 2089 1711; x_wconf 88' lang='lat' dir='ltr'><strong>abundarunt</strong></span> 
     </span>
    </p>
   </div>
   <div class='ocr_carea' id='block_1_17' title="bbox 497 1737 2085 1817">
    <p class='ocr_par' dir='ltr' id='par_1_17' title="bbox 497 1737 2085 1817">
     <span class='ocr_line' id='line_1_17' title="bbox 497 1737 2085 1817; baseline 0.006 -27"><span class='ocrx_word' id='word_1_144' title='bbox 497 1737 689 1803; x_wconf 88' lang='lat' dir='ltr'><strong>peritis</strong></span> <span class='ocrx_word' id='word_1_145' title='bbox 720 1741 772 1793; x_wconf 93' lang='lat' dir='ltr'><strong>in</strong></span> <span class='ocrx_word' id='word_1_146' title='bbox 805 1756 865 1797; x_wconf 89' lang='lat' dir='ltr'><strong>re</strong></span> <span class='ocrx_word' id='word_1_147' title='bbox 911 1742 1292 1815; x_wconf 85' lang='lat' dir='ltr'><strong>chronologica</strong></span> <span class='ocrx_word' id='word_1_148' title='bbox 1332 1744 1713 1817; x_wconf 88' lang='lat' dir='ltr'><strong>scriptoribus,</strong></span> <span class='ocrx_word' id='word_1_149' title='bbox 1739 1745 1914 1816; x_wconf 87' lang='lat' dir='ltr'><strong>iisque</strong></span> <span class='ocrx_word' id='word_1_150' title='bbox 1934 1744 2085 1800; x_wconf 88' lang='lat' dir='ltr'><strong>adhi-</strong></span> 
     </span>
    </p>
   </div>
   <div class='ocr_carea' id='block_1_18' title="bbox 2194 1006 3781 1081">
    <p class='ocr_par' dir='ltr' id='par_1_18' title="bbox 2194 1006 3781 1081">
     <span class='ocr_line' id='line_1_18' title="bbox 2194 1006 3781 1081; baseline -0.003 -15"><span class='ocrx_word' id='word_1_151' title='bbox 2194 1025 2294 1066; x_wconf 92' lang='lat' dir='ltr'><strong>nos</strong></span> <span class='ocrx_word' id='word_1_152' title='bbox 2342 1018 2625 1078; x_wconf 85' lang='lat' dir='ltr'><strong>acceptum</strong></span> <span class='ocrx_word' id='word_1_153' title='bbox 2680 1007 2973 1064; x_wconf 84' lang='lat' dir='ltr'><strong>referimus</strong></span> <span class='ocrx_word' id='word_1_154' title='bbox 3019 1006 3279 1078; x_wconf 87' lang='lat' dir='ltr'><strong>quidquid</strong></span> <span class='ocrx_word' id='word_1_155' title='bbox 3338 1007 3393 1063; x_wconf 93' lang='lat' dir='ltr'><strong>in</strong></span> <span class='ocrx_word' id='word_1_156' title='bbox 3441 1008 3781 1081; x_wconf 82' lang='lat' dir='ltr'><strong>chronogra-</strong></span> 
     </span>
    </p>
   </div>
   <div class='ocr_carea' id='block_1_19' title="bbox 2192 1096 3784 1174">
    <p class='ocr_par' dir='ltr' id='par_1_19' title="bbox 2192 1096 3784 1174">
     <span class='ocr_line' id='line_1_19' title="bbox 2192 1096 3784 1174; baseline -0.003 -16"><span class='ocrx_word' id='word_1_157' title='bbox 2192 1103 2320 1174; x_wconf 89' lang='lat' dir='ltr'><strong>phia</strong></span> <span class='ocrx_word' id='word_1_158' title='bbox 2351 1101 2629 1173; x_wconf 77' lang='lat' dir='ltr'><strong>pontiﬁcio</strong></span> <span class='ocrx_word' id='word_1_159' title='bbox 2657 1116 2755 1173; x_wconf 91' lang='lat' dir='ltr'><strong>per</strong></span> <span class='ocrx_word' id='word_1_160' title='bbox 2803 1100 3088 1172; x_wconf 85' lang='lat' dir='ltr'><strong>Catalcgos</strong></span> <span class='ocrx_word' id='word_1_161' title='bbox 3127 1100 3254 1156; x_wconf 89' lang='lat' dir='ltr'><strong>inde</strong></span> <span class='ocrx_word' id='word_1_162' title='bbox 3295 1098 3652 1167; x_wconf 85' lang='lat' dir='ltr'><strong>transcriptos</strong></span> <span class='ocrx_word' id='word_1_163' title='bbox 3677 1096 3784 1153; x_wconf 83' lang='lat' dir='ltr'><strong>Ro-</strong></span> 
     </span>
    </p>
   </div>
   <div class='ocr_carea' id='block_1_20' title="bbox 2192 1185 3785 1258">
    <p class='ocr_par' dir='ltr' id='par_1_20' title="bbox 2192 1185 3785 1258">
     <span class='ocr_line' id='line_1_20' title="bbox 2192 1185 3785 1258; baseline -0.004 -12"><span class='ocrx_word' id='word_1_164' title='bbox 2192 1206 2353 1246; x_wconf 88' lang='lat' dir='ltr'><strong>mana</strong></span> <span class='ocrx_word' id='word_1_165' title='bbox 2395 1190 2719 1246; x_wconf 86' lang='lat' dir='ltr'><strong>documenta</strong></span> <span class='ocrx_word' id='word_1_166' title='bbox 2777 1196 3093 1244; x_wconf 81' lang='lat' dir='ltr'><strong>constanter</strong></span> <span class='ocrx_word' id='word_1_167' title='bbox 3143 1203 3209 1243; x_wconf 90' lang='lat' dir='ltr'><strong>ac</strong></span> <span class='ocrx_word' id='word_1_168' title='bbox 3262 1185 3496 1243; x_wconf 82' lang='lat' dir='ltr'><strong>ﬁdeliter</strong></span> <span class='ocrx_word' id='word_1_169' title='bbox 3546 1185 3785 1258; x_wconf 83' lang='lat' dir='ltr'><strong>posteris</strong></span> 
     </span>
    </p>
   </div>
   <div class='ocr_carea' id='block_1_21' title="bbox 2192 1285 2559 1340">
    <p class='ocr_par' dir='ltr' id='par_1_21' title="bbox 2192 1285 2559 1340">
     <span class='ocr_line' id='line_1_21' title="bbox 2192 1285 2559 1340; baseline -0.008 0"><span class='ocrx_word' id='word_1_170' title='bbox 2192 1285 2559 1340; x_wconf 86' lang='lat' dir='ltr'><strong>tradiderunt.</strong></span> 
     </span>
    </p>
   </div>
   <div class='ocr_carea' id='block_1_22' title="bbox 2263 1371 3781 1446">
    <p class='ocr_par' dir='ltr' id='par_1_22' title="bbox 2263 1371 3781 1446">
     <span class='ocr_line' id='line_1_22' title="bbox 2263 1371 3781 1446; baseline -0.002 -14"><span class='ocrx_word' id='word_1_171' title='bbox 2263 1375 2472 1433; x_wconf 85' lang='lat' dir='ltr'><strong>Saeculo</strong></span> <span class='ocrx_word' id='word_1_172' title='bbox 2544 1375 2757 1431; x_wconf 86' lang='lat' dir='ltr'><strong>tandem</strong></span> <span class='ocrx_word' id='word_1_173' title='bbox 2822 1375 3071 1446; x_wconf 82' lang='lat' dir='ltr'><strong>proximo</strong></span> <span class='ocrx_word' id='word_1_174' title='bbox 3091 1412 3108 1438; x_wconf 86' lang='lat'><strong>,</strong></span> <span class='ocrx_word' id='word_1_175' title='bbox 3168 1387 3362 1444; x_wconf 90' lang='lat' dir='ltr'><strong>nempe</strong></span> <span class='ocrx_word' id='word_1_176' title='bbox 3428 1372 3530 1431; x_wconf 83' lang='lat' dir='ltr'><strong>sub</strong></span> <span class='ocrx_word' id='word_1_177' title='bbox 3594 1371 3781 1429; x_wconf 81' lang='lat' dir='ltr'><strong>Felice</strong></span> 
     </span>
    </p>
   </div>
   <div class='ocr_carea' id='block_1_23' title="bbox 2190 1465 3779 1542">
    <p class='ocr_par' dir='ltr' id='par_1_23' title="bbox 2190 1465 3779 1542">
     <span class='ocr_line' id='line_1_23' title="bbox 2190 1465 3779 1542; baseline -0.002 -19"><span class='ocrx_word' id='word_1_178' title='bbox 2190 1477 2422 1542; x_wconf 88' lang='lat' dir='ltr'><strong>quarto,</strong></span> <span class='ocrx_word' id='word_1_179' title='bbox 2468 1476 2524 1523; x_wconf 88' lang='lat' dir='ltr'><strong>et</strong></span> <span class='ocrx_word' id='word_1_180' title='bbox 2568 1466 2873 1522; x_wconf 71' lang='lat' dir='ltr'><strong>Iustiniano</strong></span> <span class='ocrx_word' id='word_1_181' title='bbox 2918 1465 3195 1537; x_wconf 90' lang='lat' dir='ltr'><strong>principe,</strong></span> <span class='ocrx_word' id='word_1_182' title='bbox 3239 1465 3307 1519; x_wconf 90' lang='lat' dir='ltr'><strong>ad</strong></span> <span class='ocrx_word' id='word_1_183' title='bbox 3353 1479 3516 1535; x_wconf 90' lang='lat' dir='ltr'><strong>quam</strong></span> <span class='ocrx_word' id='word_1_184' title='bbox 3558 1472 3779 1520; x_wconf 59' lang='lat' dir='ltr'><strong>aetatem</strong></span> 
     </span>
    </p>
   </div>
   <div class='ocr_carea' id='block_1_24' title="bbox 2187 1552 3779 1632">
    <p class='ocr_par' dir='ltr' id='par_1_24' title="bbox 2187 1552 3779 1632">
     <span class='ocr_line' id='line_1_24' title="bbox 2187 1552 3779 1632; baseline -0.003 -16"><span class='ocrx_word' id='word_1_185' title='bbox 2187 1562 2424 1632; x_wconf 87' lang='lat' dir='ltr'><strong>pertinet</strong></span> <span class='ocrx_word' id='word_1_186' title='bbox 2456 1558 2746 1629; x_wconf 81' lang='lat' dir='ltr'><strong>Catalogus</strong></span> <span class='ocrx_word' id='word_1_187' title='bbox 2776 1558 3074 1629; x_wconf 86' lang='lat' dir='ltr'><strong>appellatus</strong></span> <span class='ocrx_word' id='word_1_188' title='bbox 3101 1573 3132 1614; x_wconf 84' lang='lat' dir='ltr'><strong>a</strong></span> <span class='ocrx_word' id='word_1_189' title='bbox 3160 1552 3550 1613; x_wconf 87' lang='lat' dir='ltr'><strong>Schelestratio</strong></span> <span class='ocrx_word' id='word_1_190' title='bbox 3588 1573 3779 1613; x_wconf 69' lang='lat' dir='ltr'><strong>secun-</strong></span> 
     </span>
    </p>
   </div>
   <div class='ocr_carea' id='block_1_25' title="bbox 2188 1647 3776 1721">
    <p class='ocr_par' dir='ltr' id='par_1_25' title="bbox 2188 1647 3776 1721">
     <span class='ocr_line' id='line_1_25' title="bbox 2188 1647 3776 1721; baseline 0 -17"><span class='ocrx_word' id='word_1_191' title='bbox 2188 1652 2330 1717; x_wconf 80' lang='lat' dir='ltr'><strong>dus,</strong></span> <span class='ocrx_word' id='word_1_192' title='bbox 2382 1650 2835 1721; x_wconf 88' lang='lat' dir='ltr'><strong>chronologorum</strong></span> <span class='ocrx_word' id='word_1_193' title='bbox 2890 1650 3068 1705; x_wconf 89' lang='lat' dir='ltr'><strong>studia</strong></span> <span class='ocrx_word' id='word_1_194' title='bbox 3124 1649 3362 1704; x_wconf 88' lang='lat' dir='ltr'><strong>nondum</strong></span> <span class='ocrx_word' id='word_1_195' title='bbox 3421 1647 3776 1716; x_wconf 77' lang='lat' dir='ltr'><strong>defecerant,</strong></span> 
     </span>
    </p>
   </div>
   <div class='ocr_carea' id='block_1_26' title="bbox 2187 1737 3778 1797">
    <p class='ocr_par' dir='ltr' id='par_1_26' title="bbox 2187 1737 3778 1797">
     <span class='ocr_line' id='line_1_26' title="bbox 2187 1737 3778 1797; baseline 0 -2"><span class='ocrx_word' id='word_1_196' title='bbox 2187 1739 2503 1797; x_wconf 83' lang='lat' dir='ltr'><strong>ﬂorentibus</strong></span> <span class='ocrx_word' id='word_1_197' title='bbox 2557 1740 2846 1795; x_wconf 84' lang='lat' dir='ltr'><strong>Ammiano</strong></span> <span class='ocrx_word' id='word_1_198' title='bbox 2910 1737 3226 1794; x_wconf 81' lang='lat' dir='ltr'><strong>Marcellino</strong></span> <span class='ocrx_word' id='word_1_199' title='bbox 3282 1738 3425 1794; x_wconf 90' lang='lat' dir='ltr'><strong>inter</strong></span> <span class='ocrx_word' id='word_1_200' title='bbox 3483 1737 3778 1795; x_wconf 82' lang='lat' dir='ltr'><strong>Orientalis</strong></span> 
     </span>
    </p>
   </div>
   <div class='ocr_carea' id='block_1_27' title="bbox 497 1827 3779 1909">
    <p class='ocr_par' dir='ltr' id='par_1_27' title="bbox 497 1827 3779 1909">
     <span class='ocr_line' id='line_1_27' title="bbox 497 1827 3779 1909; baseline 0.002 -28"><span class='ocrx_word' id='word_1_201' title='bbox 497 1827 628 1885; x_wconf 86' lang='lat' dir='ltr'><strong>bitis</strong></span> <span class='ocrx_word' id='word_1_202' title='bbox 673 1844 771 1900; x_wconf 84' lang='lat' dir='ltr'><strong>per</strong></span> <span class='ocrx_word' id='word_1_203' title='bbox 818 1832 1091 1891; x_wconf 88' lang='lat' dir='ltr'><strong>Romanos</strong></span> <span class='ocrx_word' id='word_1_204' title='bbox 1138 1837 1422 1907; x_wconf 89' lang='lat' dir='ltr'><strong>pontiﬁces</strong></span> <span class='ocrx_word' id='word_1_205' title='bbox 1447 1838 1513 1892; x_wconf 89' lang='lat' dir='ltr'><strong>ad</strong></span> <span class='ocrx_word' id='word_1_206' title='bbox 1554 1838 1892 1907; x_wconf 89' lang='lat' dir='ltr'><strong>supputanda</strong></span> <span class='ocrx_word' id='word_1_207' title='bbox 1924 1847 2087 1909; x_wconf 90' lang='lat' dir='ltr'><strong>atque</strong></span> <span class='ocrx_word' id='word_1_208' title='bbox 2120 1831 2162 1891; x_wconf 88' lang='lat' dir='ltr'><strong>B</strong></span> <span class='ocrx_word' id='word_1_209' title='bbox 2191 1834 2402 1906; x_wconf 89' lang='lat' dir='ltr'><strong>imperii</strong></span> <span class='ocrx_word' id='word_1_210' title='bbox 2460 1835 2752 1908; x_wconf 89' lang='lat' dir='ltr'><strong>scriptores</strong></span> <span class='ocrx_word' id='word_1_211' title='bbox 2779 1875 2793 1899; x_wconf 93' lang='lat'><strong>,</strong></span> <span class='ocrx_word' id='word_1_212' title='bbox 2846 1841 2901 1889; x_wconf 92' lang='lat' dir='ltr'><strong>et</strong></span> <span class='ocrx_word' id='word_1_213' title='bbox 2956 1834 3012 1888; x_wconf 91' lang='lat' dir='ltr'><strong>in</strong></span> <span class='ocrx_word' id='word_1_214' title='bbox 3062 1831 3355 1889; x_wconf 88' lang='lat' dir='ltr'><strong>Occidente</strong></span> <span class='ocrx_word' id='word_1_215' title='bbox 3411 1830 3779 1888; x_wconf 84' lang='lat' dir='ltr'><strong>recolentibus</strong></span> 
     </span>
    </p>
   </div>
   <div class='ocr_carea' id='block_1_28' title="bbox 499 1917 2120 1997">
    <p class='ocr_par' dir='ltr' id='par_1_28' title="bbox 499 1917 2120 1997">
     <span class='ocr_line' id='line_1_28' title="bbox 499 1917 2120 1997; baseline 0.009 -28"><span class='ocrx_word' id='word_1_216' title='bbox 499 1917 803 1974; x_wconf 87' lang='lat' dir='ltr'><strong>ordinanda</strong></span> <span class='ocrx_word' id='word_1_217' title='bbox 838 1921 1120 1992; x_wconf 66' lang='lat' dir='ltr'><strong>tempore,</strong></span> <span class='ocrx_word' id='word_1_218' title='bbox 1164 1926 1449 1981; x_wconf 86' lang='lat' dir='ltr'><strong>occasione</strong></span> <span class='ocrx_word' id='word_1_219' title='bbox 1479 1927 1926 1997; x_wconf 82' lang='lat' dir='ltr'><strong>disceptationum</strong></span> <span class='ocrx_word' id='word_1_220' title='bbox 1956 1936 2085 1983; x_wconf 92' lang='lat' dir='ltr'><strong>tunc</strong></span> <span class='ocrx_word' id='word_1_221' title='bbox 2117 1963 2120 1966; x_wconf 58' lang='grc' dir='ltr'><em>ρ</em></span> 
     </span>
    </p>
   </div>
   <div class='ocr_carea' id='block_1_29' title="bbox 493 2004 2086 2074">
    <p class='ocr_par' dir='ltr' id='par_1_29' title="bbox 493 2004 2086 2074">
     <span class='ocr_line' id='line_1_29' title="bbox 493 2004 2086 2074; baseline 0.01 -17"><span class='ocrx_word' id='word_1_222' title='bbox 493 2004 796 2074; x_wconf 79' lang='lat' dir='ltr'><strong>vigentium</strong></span> <span class='ocrx_word' id='word_1_223' title='bbox 821 2009 889 2065; x_wconf 91' lang='lat' dir='ltr'><strong>de</strong></span> <span class='ocrx_word' id='word_1_224' title='bbox 912 2012 1276 2070; x_wconf 84' lang='lat' dir='ltr'><strong>celebratione</strong></span> <span class='ocrx_word' id='word_1_225' title='bbox 1308 2014 1429 2071; x_wconf 77' lang='lat' dir='ltr'><strong>festi</strong></span> <span class='ocrx_word' id='word_1_226' title='bbox 1460 2015 1758 2073; x_wconf 86' lang='lat' dir='ltr'><strong>Paschalis.</strong></span> <span class='ocrx_word' id='word_1_227' title='bbox 1792 2016 2086 2073; x_wconf 89' lang='lat' dir='ltr'><strong>Constante</strong></span> 
     </span>
    </p>
   </div>
   <div class='ocr_carea' id='block_1_30' title="bbox 495 2096 2084 2168">
    <p class='ocr_par' dir='ltr' id='par_1_30' title="bbox 495 2096 2084 2168">
     <span class='ocr_line' id='line_1_30' title="bbox 495 2096 2084 2168; baseline 0.009 -19"><span class='ocrx_word' id='word_1_228' title='bbox 495 2096 609 2151; x_wconf 81' lang='lat' dir='ltr'><strong>vita</strong></span> <span class='ocrx_word' id='word_1_229' title='bbox 651 2097 877 2168; x_wconf 83' lang='lat' dir='ltr'><strong>Liberii,</strong></span> <span class='ocrx_word' id='word_1_230' title='bbox 927 2105 1178 2161; x_wconf 88' lang='lat' dir='ltr'><strong>manibus</strong></span> <span class='ocrx_word' id='word_1_231' title='bbox 1203 2107 1538 2163; x_wconf 87' lang='lat' dir='ltr'><strong>eruditorum</strong></span> <span class='ocrx_word' id='word_1_232' title='bbox 1569 2109 1846 2164; x_wconf 89' lang='lat' dir='ltr'><strong>terebatur</strong></span> <span class='ocrx_word' id='word_1_233' title='bbox 1869 2108 2084 2165; x_wconf 86' lang='lat' dir='ltr'><strong>Eusebii</strong></span> 
     </span>
    </p>
   </div>
   <div class='ocr_carea' id='block_1_31' title="bbox 492 2190 2086 2273">
    <p class='ocr_par' dir='ltr' id='par_1_31' title="bbox 492 2190 2086 2273">
     <span class='ocr_line' id='line_1_31' title="bbox 492 2190 2086 2273; baseline 0.006 -26"><span class='ocrx_word' id='word_1_234' title='bbox 492 2190 830 2258; x_wconf 83' lang='lat' dir='ltr'><strong>Chronieon,</strong></span> <span class='ocrx_word' id='word_1_235' title='bbox 860 2206 913 2252; x_wconf 90' lang='lat' dir='ltr'><strong>et</strong></span> <span class='ocrx_word' id='word_1_236' title='bbox 938 2213 969 2252; x_wconf 89' lang='lat' dir='ltr'><strong>a</strong></span> <span class='ocrx_word' id='word_1_237' title='bbox 994 2197 1342 2273; x_wconf 88' lang='lat' dir='ltr'><strong>llieronymo,</strong></span> <span class='ocrx_word' id='word_1_238' title='bbox 1375 2193 1467 2273; x_wconf 86' lang='lat' dir='ltr'><strong>qui</strong></span> <span class='ocrx_word' id='word_1_239' title='bbox 1489 2203 1646 2259; x_wconf 85' lang='lat' dir='ltr'><strong>beato</strong></span> <span class='ocrx_word' id='word_1_240' title='bbox 1664 2191 1904 2259; x_wconf 83' lang='lat' dir='ltr'><strong>Damaso</strong></span> <span class='ocrx_word' id='word_1_241' title='bbox 1925 2202 2086 2259; x_wconf 89' lang='lat' dir='ltr'><strong>Libe-</strong></span> 
     </span>
    </p>
   </div>
   <div class='ocr_carea' id='block_1_32' title="bbox 494 2283 2083 2361">
    <p class='ocr_par' dir='ltr' id='par_1_32' title="bbox 494 2283 2083 2361">
     <span class='ocr_line' id='line_1_32' title="bbox 494 2283 2083 2361; baseline 0.009 -25"><span class='ocrx_word' id='word_1_242' title='bbox 494 2283 564 2338; x_wconf 82' lang='lat' dir='ltr'><strong>rii</strong></span> <span class='ocrx_word' id='word_1_243' title='bbox 593 2288 899 2343; x_wconf 87' lang='lat' dir='ltr'><strong>successori</strong></span> <span class='ocrx_word' id='word_1_244' title='bbox 924 2287 1025 2345; x_wconf 87' lang='lat' dir='ltr'><strong>fuit</strong></span> <span class='ocrx_word' id='word_1_245' title='bbox 1055 2291 1122 2346; x_wconf 90' lang='lat' dir='ltr'><strong>ab</strong></span> <span class='ocrx_word' id='word_1_246' title='bbox 1142 2293 1406 2361; x_wconf 84' lang='lat' dir='ltr'><strong>epistolis,</strong></span> <span class='ocrx_word' id='word_1_247' title='bbox 1440 2308 1545 2349; x_wconf 91' lang='lat' dir='ltr'><strong>non</strong></span> <span class='ocrx_word' id='word_1_248' title='bbox 1567 2294 1729 2351; x_wconf 89' lang='lat' dir='ltr'><strong>modo</strong></span> <span class='ocrx_word' id='word_1_249' title='bbox 1755 2295 1944 2350; x_wconf 83' lang='lat' dir='ltr'><strong>Latine</strong></span> <span class='ocrx_word' id='word_1_250' title='bbox 1964 2295 2083 2351; x_wconf 89' lang='lat' dir='ltr'><strong>red-</strong></span> 
     </span>
    </p>
   </div>
   <div class='ocr_carea' id='block_1_33' title="bbox 490 2375 2085 2449">
    <p class='ocr_par' dir='ltr' id='par_1_33' title="bbox 490 2375 2085 2449">
     <span class='ocr_line' id='line_1_33' title="bbox 490 2375 2085 2449; baseline 0.006 -19"><span class='ocrx_word' id='word_1_251' title='bbox 490 2375 749 2443; x_wconf 81' lang='lat' dir='ltr'><strong>debatur,</strong></span> <span class='ocrx_word' id='word_1_252' title='bbox 786 2386 845 2433; x_wconf 90' lang='lat' dir='ltr'><strong>ut</strong></span> <span class='ocrx_word' id='word_1_253' title='bbox 874 2378 1113 2449; x_wconf 82' lang='lat' dir='ltr'><strong>ejusdem</strong></span> <span class='ocrx_word' id='word_1_254' title='bbox 1142 2398 1273 2438; x_wconf 91' lang='lat' dir='ltr'><strong>usus</strong></span> <span class='ocrx_word' id='word_1_255' title='bbox 1316 2386 1623 2441; x_wconf 86' lang='lat' dir='ltr'><strong>communis</strong></span> <span class='ocrx_word' id='word_1_256' title='bbox 1648 2385 1803 2440; x_wconf 90' lang='lat' dir='ltr'><strong>ﬁeret</strong></span> <span class='ocrx_word' id='word_1_257' title='bbox 1830 2385 2085 2441; x_wconf 87' lang='lat' dir='ltr'><strong>universo</strong></span> 
     </span>
    </p>
   </div>
   <div class='ocr_carea' id='block_1_34' title="bbox 490 2465 2082 2547">
    <p class='ocr_par' dir='ltr' id='par_1_34' title="bbox 490 2465 2082 2547">
     <span class='ocr_line' id='line_1_34' title="bbox 490 2465 2082 2547; baseline 0.005 -25"><span class='ocrx_word' id='word_1_258' title='bbox 490 2465 798 2536; x_wconf 87' lang='lat' dir='ltr'><strong>Occidcnli,</strong></span> <span class='ocrx_word' id='word_1_259' title='bbox 846 2487 1032 2527; x_wconf 86' lang='lat' dir='ltr'><strong>verum</strong></span> <span class='ocrx_word' id='word_1_260' title='bbox 1082 2474 1244 2529; x_wconf 91' lang='lat' dir='ltr'><strong>etiam</strong></span> <span class='ocrx_word' id='word_1_261' title='bbox 1270 2476 1671 2547; x_wconf 85' lang='lat' dir='ltr'><strong>producebatur</strong></span> <span class='ocrx_word' id='word_1_262' title='bbox 1697 2490 1869 2547; x_wconf 87' lang='lat' dir='ltr'><strong>usque</strong></span> <span class='ocrx_word' id='word_1_263' title='bbox 1892 2477 1958 2532; x_wconf 89' lang='lat' dir='ltr'><strong>ad</strong></span> <span class='ocrx_word' id='word_1_264' title='bbox 1986 2492 2082 2532; x_wconf 90' lang='lat' dir='ltr'><strong>sua</strong></span> 
     </span>
    </p>
   </div>
   <div class='ocr_carea' id='block_1_35' title="bbox 494 2561 2085 2644">
    <p class='ocr_par' dir='ltr' id='par_1_35' title="bbox 494 2561 2085 2644">
     <span class='ocr_line' id='line_1_35' title="bbox 494 2561 2085 2644; baseline 0.006 -32"><span class='ocrx_word' id='word_1_265' title='bbox 494 2566 761 2644; x_wconf 80' lang='lat' dir='ltr'><strong>tempora.</strong></span> <span class='ocrx_word' id='word_1_266' title='bbox 812 2561 858 2616; x_wconf 79' lang='grc' dir='ltr'>Α</span> <span class='ocrx_word' id='word_1_267' title='bbox 910 2562 1120 2620; x_wconf 86' lang='lat' dir='ltr'><strong>Latinis</strong></span> <span class='ocrx_word' id='word_1_268' title='bbox 1167 2565 1329 2620; x_wconf 88' lang='lat' dir='ltr'><strong>etiam</strong></span> <span class='ocrx_word' id='word_1_269' title='bbox 1380 2567 1724 2638; x_wconf 84' lang='lat' dir='ltr'><strong>chronologis</strong></span> <span class='ocrx_word' id='word_1_270' title='bbox 1753 2567 1856 2623; x_wconf 88' lang='lat' dir='ltr'><strong>hoc</strong></span> <span class='ocrx_word' id='word_1_271' title='bbox 1889 2565 2085 2622; x_wconf 67' lang='lat' dir='ltr'><strong>smculo</strong></span> 
     </span>
    </p>
   </div>
   <div class='ocr_carea' id='block_1_36' title="bbox 488 2649 2077 2730">
    <p class='ocr_par' dir='ltr' id='par_1_36' title="bbox 488 2649 2077 2730">
     <span class='ocr_line' id='line_1_36' title="bbox 488 2649 2077 2730; baseline 0.004 -27"><span class='ocrx_word' id='word_1_272' title='bbox 488 2649 915 2718; x_wconf 85' lang='lat' dir='ltr'><strong>perﬁciebantur</strong></span> <span class='ocrx_word' id='word_1_273' title='bbox 967 2663 1021 2708; x_wconf 86' lang='lat' dir='ltr'><strong>et</strong></span> <span class='ocrx_word' id='word_1_274' title='bbox 1080 2655 1496 2711; x_wconf 87' lang='lat' dir='ltr'><strong>illustrabantur</strong></span> <span class='ocrx_word' id='word_1_275' title='bbox 1548 2658 1682 2730; x_wconf 85' lang='lat' dir='ltr'><strong>cycli</strong></span> <span class='ocrx_word' id='word_1_276' title='bbox 1736 2659 2018 2729; x_wconf 87' lang='lat' dir='ltr'><strong>paschales</strong></span> <span class='ocrx_word' id='word_1_277' title='bbox 2064 2678 2077 2710; x_wconf 73' lang='grc' dir='ltr'>ι</span> 
     </span>
    </p>
   </div>
   <div class='ocr_carea' id='block_1_37' title="bbox 491 2742 2081 2821">
    <p class='ocr_par' dir='ltr' id='par_1_37' title="bbox 491 2742 2081 2821">
     <span class='ocr_line' id='line_1_37' title="bbox 491 2742 2081 2821; baseline 0.008 -26"><span class='ocrx_word' id='word_1_278' title='bbox 491 2742 719 2798; x_wconf 86' lang='lat' dir='ltr'><strong>indieuli</strong></span> <span class='ocrx_word' id='word_1_279' title='bbox 761 2749 1047 2801; x_wconf 86' lang='lat' dir='ltr'><strong>consulum</strong></span> <span class='ocrx_word' id='word_1_280' title='bbox 1099 2749 1496 2805; x_wconf 88' lang='lat' dir='ltr'><strong>emendatiorcs</strong></span> <span class='ocrx_word' id='word_1_281' title='bbox 1522 2750 1711 2805; x_wconf 90' lang='lat' dir='ltr'><strong>iisdem</strong></span> <span class='ocrx_word' id='word_1_282' title='bbox 1742 2753 2081 2821; x_wconf 86' lang='lat' dir='ltr'><strong>apponeban-</strong></span> 
     </span>
    </p>
   </div>
   <div class='ocr_carea' id='block_1_38' title="bbox 491 2837 2079 2913">
    <p class='ocr_par' dir='ltr' id='par_1_38' title="bbox 491 2837 2079 2913">
     <span class='ocr_line' id='line_1_38' title="bbox 491 2837 2079 2913; baseline 0.007 -26"><span class='ocrx_word' id='word_1_283' title='bbox 491 2845 600 2899; x_wconf 90' lang='lat' dir='ltr'><strong>tur,</strong></span> <span class='ocrx_word' id='word_1_284' title='bbox 636 2838 712 2889; x_wconf 90' lang='lat' dir='ltr'><strong>uti</strong></span> <span class='ocrx_word' id='word_1_285' title='bbox 738 2837 1114 2895; x_wconf 67' lang='lat' dir='ltr'><strong>deuamscrant</strong></span> <span class='ocrx_word' id='word_1_286' title='bbox 1144 2839 1369 2910; x_wconf 89' lang='lat' dir='ltr'><strong>hujusce</strong></span> <span class='ocrx_word' id='word_1_287' title='bbox 1393 2842 1606 2912; x_wconf 82' lang='lat' dir='ltr'><strong>generis</strong></span> <span class='ocrx_word' id='word_1_288' title='bbox 1653 2842 1908 2913; x_wconf 78' lang='lat' dir='ltr'><strong>opuscula</strong></span> <span class='ocrx_word' id='word_1_289' title='bbox 1937 2841 2079 2898; x_wconf 89' lang='lat' dir='ltr'><strong>cele-</strong></span> 
     </span>
    </p>
   </div>
   <div class='ocr_carea' id='block_1_39' title="bbox 486 2926 2079 3005">
    <p class='ocr_par' dir='ltr' id='par_1_39' title="bbox 486 2926 2079 3005">
     <span class='ocr_line' id='line_1_39' title="bbox 486 2926 2079 3005; baseline 0.005 -26"><span class='ocrx_word' id='word_1_290' title='bbox 486 2927 725 2983; x_wconf 81' lang='lat' dir='ltr'><strong>berrima</strong></span> <span class='ocrx_word' id='word_1_291' title='bbox 753 2945 782 2981; x_wconf 90' lang='lat' dir='ltr'><strong>a</strong></span> <span class='ocrx_word' id='word_1_292' title='bbox 829 2926 1098 2986; x_wconf 67' lang='lat' dir='ltr'><strong>thcnerio</strong></span> <span class='ocrx_word' id='word_1_293' title='bbox 1126 2930 1342 3002; x_wconf 85' lang='lat' dir='ltr'><strong>vulgata</strong></span> <span class='ocrx_word' id='word_1_294' title='bbox 1400 2941 1522 3003; x_wconf 88' lang='lat' dir='ltr'><strong>post</strong></span> <span class='ocrx_word' id='word_1_295' title='bbox 1575 2934 1781 3005; x_wconf 82' lang='lat' dir='ltr'><strong>cyclum</strong></span> <span class='ocrx_word' id='word_1_296' title='bbox 1822 2933 2079 2997; x_wconf 81' lang='lat' dir='ltr'><strong>Victorii;</strong></span> 
     </span>
    </p>
   </div>
   <div class='ocr_carea' id='block_1_40' title="bbox 487 3018 2080 3096">
    <p class='ocr_par' dir='ltr' id='par_1_40' title="bbox 487 3018 2080 3096">
     <span class='ocr_line' id='line_1_40' title="bbox 487 3018 2080 3096; baseline 0.005 -25"><span class='ocrx_word' id='word_1_297' title='bbox 487 3018 541 3072; x_wconf 90' lang='lat' dir='ltr'><strong>in</strong></span> <span class='ocrx_word' id='word_1_298' title='bbox 573 3020 771 3088; x_wconf 84' lang='lat' dir='ltr'><strong>quibus</strong></span> <span class='ocrx_word' id='word_1_299' title='bbox 801 3021 1043 3078; x_wconf 90' lang='lat' dir='ltr'><strong>laterculi</strong></span> <span class='ocrx_word' id='word_1_300' title='bbox 1093 3023 1406 3080; x_wconf 80' lang='lat' dir='ltr'><strong>consulares</strong></span> <span class='ocrx_word' id='word_1_301' title='bbox 1456 3034 1511 3079; x_wconf 90' lang='lat' dir='ltr'><strong>et</strong></span> <span class='ocrx_word' id='word_1_302' title='bbox 1540 3024 1920 3096; x_wconf 65' lang='lat' dir='ltr'><strong>praefectorum</strong></span> <span class='ocrx_word' id='word_1_303' title='bbox 1949 3023 2080 3083; x_wconf 88' lang='lat' dir='ltr'><strong>Urbi</strong></span> 
     </span>
    </p>
   </div>
   <div class='ocr_carea' id='block_1_41' title="bbox 490 3110 2076 3184">
    <p class='ocr_par' dir='ltr' id='par_1_41' title="bbox 490 3110 2076 3184">
     <span class='ocr_line' id='line_1_41' title="bbox 490 3110 2076 3184; baseline 0.006 -23"><span class='ocrx_word' id='word_1_304' title='bbox 490 3110 744 3166; x_wconf 78' lang='lat' dir='ltr'><strong>collectio</strong></span> <span class='ocrx_word' id='word_1_305' title='bbox 786 3112 852 3166; x_wconf 91' lang='lat' dir='ltr'><strong>ad</strong></span> <span class='ocrx_word' id='word_1_306' title='bbox 903 3122 1156 3181; x_wconf 87' lang='lat' dir='ltr'><strong>quartum</strong></span> <span class='ocrx_word' id='word_1_307' title='bbox 1214 3114 1415 3169; x_wconf 89' lang='lat' dir='ltr'><strong>Christi</strong></span> <span class='ocrx_word' id='word_1_308' title='bbox 1466 3113 1722 3169; x_wconf 72' lang='lat' dir='ltr'><strong>smculum</strong></span> <span class='ocrx_word' id='word_1_309' title='bbox 1778 3114 2076 3184; x_wconf 84' lang='lat' dir='ltr'><strong>pertinens,</strong></span> 
     </span>
    </p>
   </div>
   <div class='ocr_carea' id='block_1_42' title="bbox 2186 1923 3783 1996">
    <p class='ocr_par' dir='ltr' id='par_1_42' title="bbox 2186 1923 3783 1996">
     <span class='ocr_line' id='line_1_42' title="bbox 2186 1923 3783 1996; baseline 0.001 -15"><span class='ocrx_word' id='word_1_310' title='bbox 2186 1927 2376 1981; x_wconf 89' lang='lat' dir='ltr'><strong>eadem</strong></span> <span class='ocrx_word' id='word_1_311' title='bbox 2427 1925 2609 1981; x_wconf 88' lang='lat' dir='ltr'><strong>studia</strong></span> <span class='ocrx_word' id='word_1_312' title='bbox 2659 1923 2925 1996; x_wconf 90' lang='lat' dir='ltr'><strong>Prospero</strong></span> <span class='ocrx_word' id='word_1_313' title='bbox 2970 1933 3027 1982; x_wconf 83' lang='lat' dir='ltr'><strong>et</strong></span> <span class='ocrx_word' id='word_1_314' title='bbox 3076 1923 3400 1981; x_wconf 83' lang='lat' dir='ltr'><strong>Cassiodoro</strong></span> <span class='ocrx_word' id='word_1_315' title='bbox 3437 1943 3451 1979; x_wconf 90' lang='lat'>:</span> <span class='ocrx_word' id='word_1_316' title='bbox 3501 1940 3531 1980; x_wconf 88' lang='lat' dir='ltr'><strong>a</strong></span> <span class='ocrx_word' id='word_1_317' title='bbox 3581 1924 3783 1994; x_wconf 86' lang='lat' dir='ltr'><strong>quibus</strong></span> 
     </span>
    </p>
   </div>
   <div class='ocr_carea' id='block_1_43' title="bbox 2187 2015 3779 2086">
    <p class='ocr_par' dir='ltr' id='par_1_43' title="bbox 2187 2015 3779 2086">
     <span class='ocr_line' id='line_1_43' title="bbox 2187 2015 3779 2086; baseline 0 -14"><span class='ocrx_word' id='word_1_318' title='bbox 2187 2018 2400 2075; x_wconf 87' lang='lat' dir='ltr'><strong>abunde</strong></span> <span class='ocrx_word' id='word_1_319' title='bbox 2425 2018 2729 2075; x_wconf 88' lang='lat' dir='ltr'><strong>consultum</strong></span> <span class='ocrx_word' id='word_1_320' title='bbox 2762 2017 2867 2073; x_wconf 79' lang='lat' dir='ltr'><strong>fuit</strong></span> <span class='ocrx_word' id='word_1_321' title='bbox 2892 2016 3212 2073; x_wconf 90' lang='lat' dir='ltr'><strong>ordinandis</strong></span> <span class='ocrx_word' id='word_1_322' title='bbox 3238 2016 3577 2086; x_wconf 86' lang='lat' dir='ltr'><strong>temporibus</strong></span> <span class='ocrx_word' id='word_1_323' title='bbox 3604 2015 3779 2085; x_wconf 87' lang='lat' dir='ltr'><strong>ponti-</strong></span> 
     </span>
    </p>
   </div>
   <div class='ocr_carea' id='block_1_44' title="bbox 2189 2103 3777 2178">
    <p class='ocr_par' dir='ltr' id='par_1_44' title="bbox 2189 2103 3777 2178">
     <span class='ocr_line' id='line_1_44' title="bbox 2189 2103 3777 2178; baseline 0 -17"><span class='ocrx_word' id='word_1_324' title='bbox 2189 2105 2351 2163; x_wconf 88' lang='lat' dir='ltr'><strong>ﬁcum</strong></span> <span class='ocrx_word' id='word_1_325' title='bbox 2407 2116 2461 2163; x_wconf 91' lang='lat' dir='ltr'><strong>et</strong></span> <span class='ocrx_word' id='word_1_326' title='bbox 2509 2107 2893 2178; x_wconf 86' lang='lat' dir='ltr'><strong>consignandis</strong></span> <span class='ocrx_word' id='word_1_327' title='bbox 2942 2122 3041 2177; x_wconf 87' lang='lat' dir='ltr'><strong>per</strong></span> <span class='ocrx_word' id='word_1_328' title='bbox 3091 2104 3382 2162; x_wconf 85' lang='lat' dir='ltr'><strong>laterculos</strong></span> <span class='ocrx_word' id='word_1_329' title='bbox 3435 2103 3777 2161; x_wconf 79' lang='lat' dir='ltr'><strong>consulares.</strong></span> 
     </span>
    </p>
   </div>
   <div class='ocr_carea' id='block_1_45' title="bbox 2185 2195 3780 2269">
    <p class='ocr_par' dir='ltr' id='par_1_45' title="bbox 2185 2195 3780 2269">
     <span class='ocr_line' id='line_1_45' title="bbox 2185 2195 3780 2269; baseline -0.001 -16"><span class='ocrx_word' id='word_1_330' title='bbox 2185 2198 2377 2253; x_wconf 85' lang='lat' dir='ltr'><strong>Incidit</strong></span> <span class='ocrx_word' id='word_1_331' title='bbox 2405 2198 2458 2252; x_wconf 89' lang='lat' dir='ltr'><strong>in</strong></span> <span class='ocrx_word' id='word_1_332' title='bbox 2485 2198 2763 2269; x_wconf 78' lang='lat' dir='ltr'><strong>proximos</strong></span> <span class='ocrx_word' id='word_1_333' title='bbox 2794 2211 2964 2252; x_wconf 88' lang='lat' dir='ltr'><strong>annos</strong></span> <span class='ocrx_word' id='word_1_334' title='bbox 2996 2196 3284 2268; x_wconf 83' lang='lat' dir='ltr'><strong>Dionysius</strong></span> <span class='ocrx_word' id='word_1_335' title='bbox 3310 2195 3553 2266; x_wconf 81' lang='lat' dir='ltr'><strong>Exiguus</strong></span> <span class='ocrx_word' id='word_1_336' title='bbox 3578 2195 3780 2251; x_wconf 59' lang='lat' dir='ltr'><strong>Roma.</strong></span> 
     </span>
    </p>
   </div>
   <div class='ocr_carea' id='block_1_46' title="bbox 2186 2285 3781 2356">
    <p class='ocr_par' dir='ltr' id='par_1_46' title="bbox 2186 2285 3781 2356">
     <span class='ocr_line' id='line_1_46' title="bbox 2186 2285 3781 2356; baseline -0.001 -12"><span class='ocrx_word' id='word_1_337' title='bbox 2186 2304 2288 2344; x_wconf 87' lang='lat' dir='ltr'><strong>nus</strong></span> <span class='ocrx_word' id='word_1_338' title='bbox 2314 2289 2502 2356; x_wconf 86' lang='lat' dir='ltr'><strong>abbas,</strong></span> <span class='ocrx_word' id='word_1_339' title='bbox 2529 2298 2638 2344; x_wconf 92' lang='lat' dir='ltr'><strong>tum</strong></span> <span class='ocrx_word' id='word_1_340' title='bbox 2662 2289 2738 2345; x_wconf 92' lang='lat' dir='ltr'><strong>rei</strong></span> <span class='ocrx_word' id='word_1_341' title='bbox 2753 2287 3054 2355; x_wconf 85' lang='lat' dir='ltr'><strong>Paschalis,</strong></span> <span class='ocrx_word' id='word_1_342' title='bbox 3089 2296 3202 2343; x_wconf 90' lang='lat' dir='ltr'><strong>tum</strong></span> <span class='ocrx_word' id='word_1_343' title='bbox 3222 2303 3345 2343; x_wconf 67' lang='lat' dir='ltr'><strong>{Brit}</strong></span> <span class='ocrx_word' id='word_1_344' title='bbox 3370 2285 3578 2343; x_wconf 85' lang='lat' dir='ltr'><strong>Christi</strong></span> <span class='ocrx_word' id='word_1_345' title='bbox 3603 2286 3781 2343; x_wconf 86' lang='lat' dir='ltr'><strong>cultor</strong></span> 
     </span>
    </p>
   </div>
   <div class='ocr_carea' id='block_1_47' title="bbox 2185 2379 3777 2459">
    <p class='ocr_par' dir='ltr' id='par_1_47' title="bbox 2185 2379 3777 2459">
     <span class='ocr_line' id='line_1_47' title="bbox 2185 2379 3777 2459; baseline -0.001 -21"><span class='ocrx_word' id='word_1_346' title='bbox 2185 2384 2445 2439; x_wconf 86' lang='lat' dir='ltr'><strong>emeritus</strong></span> <span class='ocrx_word' id='word_1_347' title='bbox 2467 2422 2483 2449; x_wconf 93' lang='lat'><strong>,</strong></span> <span class='ocrx_word' id='word_1_348' title='bbox 2513 2382 2667 2453; x_wconf 89' lang='lat' dir='ltr'><strong>cujus</strong></span> <span class='ocrx_word' id='word_1_349' title='bbox 2695 2382 2877 2457; x_wconf 86' lang='lat' dir='ltr'><strong>cyclus</strong></span> <span class='ocrx_word' id='word_1_350' title='bbox 2913 2383 2986 2459; x_wconf 71' lang='lat' dir='ltr'><strong>ita</strong></span> <span class='ocrx_word' id='word_1_351' title='bbox 3012 2381 3216 2452; x_wconf 88' lang='lat' dir='ltr'><strong>placuit</strong></span> <span class='ocrx_word' id='word_1_352' title='bbox 3240 2380 3470 2437; x_wconf 84' lang='lat' dir='ltr'><strong>summis</strong></span> <span class='ocrx_word' id='word_1_353' title='bbox 3498 2379 3777 2451; x_wconf 78' lang='lat' dir='ltr'><strong>pontiﬁci-</strong></span> 
     </span>
    </p>
   </div>
   <div class='ocr_carea' id='block_1_48' title="bbox 2184 2472 3780 2547">
    <p class='ocr_par' dir='ltr' id='par_1_48' title="bbox 2184 2472 3780 2547">
     <span class='ocr_line' id='line_1_48' title="bbox 2184 2472 3780 2547; baseline -0.002 -15"><span class='ocrx_word' id='word_1_354' title='bbox 2184 2475 2306 2542; x_wconf 87' lang='lat' dir='ltr'><strong>bus,</strong></span> <span class='ocrx_word' id='word_1_355' title='bbox 2343 2485 2402 2531; x_wconf 94' lang='lat' dir='ltr'><strong>ut</strong></span> <span class='ocrx_word' id='word_1_356' title='bbox 2436 2492 2561 2531; x_wconf 91' lang='lat' dir='ltr'><strong>eum</strong></span> <span class='ocrx_word' id='word_1_357' title='bbox 2595 2475 2922 2547; x_wconf 85' lang='lat' dir='ltr'><strong>vulgandum</strong></span> <span class='ocrx_word' id='word_1_358' title='bbox 2967 2489 3088 2532; x_wconf 87' lang='lat' dir='ltr'><strong>esse</strong></span> <span class='ocrx_word' id='word_1_359' title='bbox 3127 2473 3460 2531; x_wconf 88' lang='lat' dir='ltr'><strong>crediderint</strong></span> <span class='ocrx_word' id='word_1_360' title='bbox 3503 2472 3575 2529; x_wconf 87' lang='lat' dir='ltr'><strong>ad</strong></span> <span class='ocrx_word' id='word_1_361' title='bbox 3618 2488 3780 2529; x_wconf 77' lang='lat' dir='ltr'><strong>usum</strong></span> 
     </span>
    </p>
   </div>
   <div class='ocr_carea' id='block_1_49' title="bbox 2185 2554 3779 2637">
    <p class='ocr_par' dir='ltr' id='par_1_49' title="bbox 2185 2554 3779 2637">
     <span class='ocr_line' id='line_1_49' title="bbox 2185 2554 3779 2637; baseline -0.003 -15"><span class='ocrx_word' id='word_1_362' title='bbox 2185 2567 2443 2623; x_wconf 76' lang='lat' dir='ltr'><strong>Ecclesia:</strong></span> <span class='ocrx_word' id='word_1_363' title='bbox 2475 2568 2761 2634; x_wconf 62' lang='lat' dir='ltr'><strong>universae,</strong></span> <span class='ocrx_word' id='word_1_364' title='bbox 2790 2576 2845 2623; x_wconf 89' lang='lat' dir='ltr'><strong>et</strong></span> <span class='ocrx_word' id='word_1_365' title='bbox 2870 2554 3221 2637; x_wconf 80' lang='lat' dir='ltr'><strong>chronologia</strong></span> <span class='ocrx_word' id='word_1_366' title='bbox 3247 2565 3322 2620; x_wconf 89' lang='lat' dir='ltr'><strong>ita</strong></span> <span class='ocrx_word' id='word_1_367' title='bbox 3350 2563 3639 2621; x_wconf 80' lang='lat' dir='ltr'><strong>commoda</strong></span> <span class='ocrx_word' id='word_1_368' title='bbox 3662 2564 3779 2619; x_wconf 81' lang='lat' dir='ltr'><strong>visa</strong></span> 
     </span>
    </p>
   </div>
   <div class='ocr_carea' id='block_1_50' title="bbox 2185 2653 3778 2730">
    <p class='ocr_par' dir='ltr' id='par_1_50' title="bbox 2185 2653 3778 2730">
     <span class='ocr_line' id='line_1_50' title="bbox 2185 2653 3778 2730; baseline -0.003 -16"><span class='ocrx_word' id='word_1_369' title='bbox 2185 2668 2269 2715; x_wconf 91' lang='lat' dir='ltr'><strong>est</strong></span> <span class='ocrx_word' id='word_1_370' title='bbox 2316 2658 2570 2730; x_wconf 88' lang='lat' dir='ltr'><strong>posteris,</strong></span> <span class='ocrx_word' id='word_1_371' title='bbox 2616 2667 2675 2714; x_wconf 89' lang='lat' dir='ltr'><strong>ut</strong></span> <span class='ocrx_word' id='word_1_372' title='bbox 2722 2674 2818 2729; x_wconf 92' lang='lat' dir='ltr'><strong>per</strong></span> <span class='ocrx_word' id='word_1_373' title='bbox 2857 2674 2976 2715; x_wconf 91' lang='lat' dir='ltr'><strong>eam</strong></span> <span class='ocrx_word' id='word_1_374' title='bbox 3030 2656 3302 2713; x_wconf 83' lang='lat' dir='ltr'><strong>enuntiari</strong></span> <span class='ocrx_word' id='word_1_375' title='bbox 3348 2669 3522 2711; x_wconf 87' lang='lat' dir='ltr'><strong>annos</strong></span> <span class='ocrx_word' id='word_1_376' title='bbox 3572 2653 3778 2710; x_wconf 84' lang='lat' dir='ltr'><strong>Christi</strong></span> 
     </span>
    </p>
   </div>
   <div class='ocr_carea' id='block_1_51' title="bbox 2185 2744 3774 2819">
    <p class='ocr_par' dir='ltr' id='par_1_51' title="bbox 2185 2744 3774 2819">
     <span class='ocr_line' id='line_1_51' title="bbox 2185 2744 3774 2819; baseline -0.004 -16"><span class='ocrx_word' id='word_1_377' title='bbox 2185 2750 2458 2806; x_wconf 83' lang='lat' dir='ltr'><strong>voluerint</strong></span> <span class='ocrx_word' id='word_1_378' title='bbox 2486 2750 2555 2805; x_wconf 91' lang='lat' dir='ltr'><strong>ab</strong></span> <span class='ocrx_word' id='word_1_379' title='bbox 2580 2758 2737 2805; x_wconf 66' lang='lat' dir='ltr'><strong>(etate</strong></span> <span class='ocrx_word' id='word_1_380' title='bbox 2764 2748 2947 2804; x_wconf 87' lang='lat' dir='ltr'><strong>Caroli</strong></span> <span class='ocrx_word' id='word_1_381' title='bbox 2989 2747 3189 2819; x_wconf 80' lang='lat' dir='ltr'><strong>Magni,</strong></span> <span class='ocrx_word' id='word_1_382' title='bbox 3221 2756 3281 2801; x_wconf 85' lang='lat' dir='ltr'><strong>et</strong></span> <span class='ocrx_word' id='word_1_383' title='bbox 3298 2744 3614 2802; x_wconf 83' lang='lat' dir='ltr'><strong>consecutis</strong></span> <span class='ocrx_word' id='word_1_384' title='bbox 3649 2744 3774 2814; x_wconf 86' lang='lat' dir='ltr'><strong>qui-</strong></span> 
     </span>
    </p>
   </div>
   <div class='ocr_carea' id='block_1_52' title="bbox 2183 2837 3773 2913">
    <p class='ocr_par' dir='ltr' id='par_1_52' title="bbox 2183 2837 3773 2913">
     <span class='ocr_line' id='line_1_52' title="bbox 2183 2837 3773 2913; baseline -0.005 -14"><span class='ocrx_word' id='word_1_385' title='bbox 2183 2842 2391 2913; x_wconf 85' lang='lat' dir='ltr'><strong>busque</strong></span> <span class='ocrx_word' id='word_1_386' title='bbox 2440 2843 2653 2899; x_wconf 63' lang='lat' dir='ltr'><strong>saeculis</strong></span> <span class='ocrx_word' id='word_1_387' title='bbox 2699 2852 2811 2898; x_wconf 90' lang='lat' dir='ltr'><strong>tum</strong></span> <span class='ocrx_word' id='word_1_388' title='bbox 2862 2842 2915 2897; x_wconf 91' lang='lat' dir='ltr'><strong>in</strong></span> <span class='ocrx_word' id='word_1_389' title='bbox 2946 2842 3165 2913; x_wconf 85' lang='lat' dir='ltr'><strong>privata</strong></span> <span class='ocrx_word' id='word_1_390' title='bbox 3213 2855 3273 2896; x_wconf 87' lang='lat' dir='ltr'><strong>re</strong></span> <span class='ocrx_word' id='word_1_391' title='bbox 3320 2837 3773 2901; x_wconf 80' lang='lat' dir='ltr'><strong>administranda,</strong></span> 
     </span>
    </p>
   </div>
   <div class='ocr_carea' id='block_1_53' title="bbox 2185 2932 3775 3006">
    <p class='ocr_par' dir='ltr' id='par_1_53' title="bbox 2185 2932 3775 3006">
     <span class='ocr_line' id='line_1_53' title="bbox 2185 2932 3775 3006; baseline -0.001 -19"><span class='ocrx_word' id='word_1_392' title='bbox 2185 2943 2298 2989; x_wconf 89' lang='lat' dir='ltr'><strong>tum</strong></span> <span class='ocrx_word' id='word_1_393' title='bbox 2330 2934 2382 2989; x_wconf 91' lang='lat' dir='ltr'><strong>in</strong></span> <span class='ocrx_word' id='word_1_394' title='bbox 2407 2934 2635 3004; x_wconf 88' lang='lat' dir='ltr'><strong>publicis</strong></span> <span class='ocrx_word' id='word_1_395' title='bbox 2656 2934 2866 2989; x_wconf 87' lang='lat' dir='ltr'><strong>actibus</strong></span> <span class='ocrx_word' id='word_1_396' title='bbox 2885 2934 3289 3006; x_wconf 87' lang='lat' dir='ltr'><strong>consignandis,</strong></span> <span class='ocrx_word' id='word_1_397' title='bbox 3313 2932 3775 3004; x_wconf 83' lang='lat' dir='ltr'><strong>quemadmodum</strong></span> 
     </span>
    </p>
   </div>
   <div class='ocr_carea' id='block_1_54' title="bbox 2183 3024 2676 3082">
    <p class='ocr_par' dir='ltr' id='par_1_54' title="bbox 2183 3024 2676 3082">
     <span class='ocr_line' id='line_1_54' title="bbox 2183 3024 2676 3082; baseline 0 -3"><span class='ocrx_word' id='word_1_398' title='bbox 2183 3024 2344 3081; x_wconf 87' lang='lat' dir='ltr'><strong>hodie</strong></span> <span class='ocrx_word' id='word_1_399' title='bbox 2369 3026 2676 3082; x_wconf 88' lang='lat' dir='ltr'><strong>adhibetur.</strong></span> 
     </span>
    </p>
   </div>
   <div class='ocr_carea' id='block_1_55' title="bbox 2255 3114 3774 3189">
    <p class='ocr_par' dir='ltr' id='par_1_55' title="bbox 2255 3114 3774 3189">
     <span class='ocr_line' id='line_1_55' title="bbox 2255 3114 3774 3189; baseline -0.001 -17"><span class='ocrx_word' id='word_1_400' title='bbox 2255 3118 2310 3172; x_wconf 67' lang='grc'><strong>4.</strong></span> <span class='ocrx_word' id='word_1_401' title='bbox 2350 3117 2551 3173; x_wconf 87' lang='lat' dir='ltr'><strong>Harum</strong></span> <span class='ocrx_word' id='word_1_402' title='bbox 2595 3118 2757 3189; x_wconf 78' lang='lat' dir='ltr'><strong>igitur</strong></span> <span class='ocrx_word' id='word_1_403' title='bbox 2789 3126 3007 3174; x_wconf 65' lang='lat' dir='ltr'><strong>(elatum</strong></span> <span class='ocrx_word' id='word_1_404' title='bbox 3046 3117 3333 3188; x_wconf 87' lang='lat' dir='ltr'><strong>Catalogos</strong></span> <span class='ocrx_word' id='word_1_405' title='bbox 3375 3124 3433 3172; x_wconf 86' lang='lat' dir='ltr'><strong>et</strong></span> <span class='ocrx_word' id='word_1_406' title='bbox 3478 3114 3774 3172; x_wconf 81' lang='lat' dir='ltr'><strong>chronolo—</strong></span> 
     </span>
    </p>
   </div>
   <div class='ocr_carea' id='block_1_56' title="bbox 488 3194 3773 3283">
    <p class='ocr_par' dir='ltr' id='par_1_56' title="bbox 488 3194 3773 3283">
     <span class='ocr_line' id='line_1_56' title="bbox 488 3194 3773 3283; baseline 0.001 -27"><span class='ocrx_word' id='word_1_407' title='bbox 488 3205 789 3274; x_wconf 61' lang='lat' dir='ltr'><strong>amictuque</strong></span> <span class='ocrx_word' id='word_1_408' title='bbox 819 3207 1117 3277; x_wconf 88' lang='lat' dir='ltr'><strong>perscripta</strong></span> <span class='ocrx_word' id='word_1_409' title='bbox 1142 3216 1197 3262; x_wconf 89' lang='lat' dir='ltr'><strong>et</strong></span> <span class='ocrx_word' id='word_1_410' title='bbox 1224 3208 1445 3262; x_wconf 88' lang='lat' dir='ltr'><strong>nomina</strong></span> <span class='ocrx_word' id='word_1_411' title='bbox 1475 3222 1539 3262; x_wconf 89' lang='lat' dir='ltr'><strong>ac</strong></span> <span class='ocrx_word' id='word_1_412' title='bbox 1561 3207 1922 3277; x_wconf 82' lang='lat' dir='ltr'><strong>depositiones</strong></span> <span class='ocrx_word' id='word_1_413' title='bbox 1944 3223 2075 3278; x_wconf 85' lang='lat' dir='ltr'><strong>pon-</strong></span> <span class='ocrx_word' id='word_1_414' title='bbox 2103 3194 2146 3257; x_wconf 66' lang='grc' dir='ltr'><strong>(ἶ</strong></span> <span class='ocrx_word' id='word_1_415' title='bbox 2181 3213 2323 3283; x_wconf 83' lang='lat' dir='ltr'><strong>giam</strong></span> <span class='ocrx_word' id='word_1_416' title='bbox 2353 3211 2707 3282; x_wconf 74' lang='lat' dir='ltr'><strong>pontiﬁcium,</strong></span> <span class='ocrx_word' id='word_1_417' title='bbox 2732 3226 2895 3282; x_wconf 90' lang='lat' dir='ltr'><strong>quam</strong></span> <span class='ocrx_word' id='word_1_418' title='bbox 2923 3210 3221 3275; x_wconf 87' lang='lat' dir='ltr'><strong>continent,</strong></span> <span class='ocrx_word' id='word_1_419' title='bbox 3248 3225 3279 3265; x_wconf 89' lang='lat' dir='ltr'><strong>a</strong></span> <span class='ocrx_word' id='word_1_420' title='bbox 3308 3208 3570 3264; x_wconf 76' lang='lat' dir='ltr'><strong>Romanis</strong></span> <span class='ocrx_word' id='word_1_421' title='bbox 3597 3207 3773 3262; x_wconf 85' lang='lat' dir='ltr'><strong>docu-</strong></span> 
     </span>
    </p>
   </div>
   <div class='ocr_carea' id='block_1_57' title="bbox 489 3296 2068 3369">
    <p class='ocr_par' dir='ltr' id='par_1_57' title="bbox 489 3296 2068 3369">
     <span class='ocr_line' id='line_1_57' title="bbox 489 3296 2068 3369; baseline 0.005 -22"><span class='ocrx_word' id='word_1_422' title='bbox 489 3296 696 3351; x_wconf 89' lang='lat' dir='ltr'><strong>tiﬁcum</strong></span> <span class='ocrx_word' id='word_1_423' title='bbox 725 3296 1120 3364; x_wconf 87' lang='lat' dir='ltr'><strong>Romanorum,</strong></span> <span class='ocrx_word' id='word_1_424' title='bbox 1151 3298 1390 3369; x_wconf 86' lang='lat' dir='ltr'><strong>ejusdem</strong></span> <span class='ocrx_word' id='word_1_425' title='bbox 1416 3299 1591 3354; x_wconf 81' lang='lat' dir='ltr'><strong>aetatis</strong></span> <span class='ocrx_word' id='word_1_426' title='bbox 1637 3300 1691 3353; x_wconf 91' lang='lat' dir='ltr'><strong>in</strong></span> <span class='ocrx_word' id='word_1_427' title='bbox 1719 3300 2068 3365; x_wconf 87' lang='lat' dir='ltr'><strong>membranis,</strong></span> 
     </span>
    </p>
   </div>
   <div class='ocr_carea' id='block_1_58' title="bbox 488 3390 2073 3463">
    <p class='ocr_par' dir='ltr' id='par_1_58' title="bbox 488 3390 2073 3463">
     <span class='ocr_line' id='line_1_58' title="bbox 488 3390 2073 3463; baseline 0.003 -22"><span class='ocrx_word' id='word_1_428' title='bbox 488 3403 715 3456; x_wconf 87' lang='lat' dir='ltr'><strong>quarum</strong></span> <span class='ocrx_word' id='word_1_429' title='bbox 760 3390 953 3460; x_wconf 73' lang='lat' dir='ltr'><strong>aliqua:</strong></span> <span class='ocrx_word' id='word_1_430' title='bbox 987 3391 1071 3445; x_wconf 92' lang='lat' dir='ltr'><strong>his</strong></span> <span class='ocrx_word' id='word_1_431' title='bbox 1115 3392 1281 3446; x_wconf 88' lang='lat' dir='ltr'><strong>etiam</strong></span> <span class='ocrx_word' id='word_1_432' title='bbox 1324 3391 1727 3463; x_wconf 87' lang='lat' dir='ltr'><strong>Prolegomenis</strong></span> <span class='ocrx_word' id='word_1_433' title='bbox 1760 3392 2073 3446; x_wconf 88' lang='lat' dir='ltr'><strong>inseruntur</strong></span> 
     </span>
    </p>
   </div>
   <div class='ocr_carea' id='block_1_59' title="bbox 486 3478 2068 3552">
    <p class='ocr_par' dir='ltr' id='par_1_59' title="bbox 486 3478 2068 3552">
     <span class='ocr_line' id='line_1_59' title="bbox 486 3478 2068 3552; baseline 0.003 -20"><span class='ocrx_word' id='word_1_434' title='bbox 486 3480 755 3548; x_wconf 86' lang='lat' dir='ltr'><strong>superius.</strong></span> <span class='ocrx_word' id='word_1_435' title='bbox 787 3478 946 3535; x_wconf 58' lang='lat' dir='ltr'><strong>{Etas</strong></span> <span class='ocrx_word' id='word_1_436' title='bbox 974 3481 1157 3550; x_wconf 85' lang='lat' dir='ltr'><strong>itaque</strong></span> <span class='ocrx_word' id='word_1_437' title='bbox 1185 3480 1384 3536; x_wconf 88' lang='lat' dir='ltr'><strong>Liberii</strong></span> <span class='ocrx_word' id='word_1_438' title='bbox 1413 3496 1565 3552; x_wconf 68' lang='lat' dir='ltr'><strong>papa:</strong></span> <span class='ocrx_word' id='word_1_439' title='bbox 1602 3481 1751 3536; x_wconf 77' lang='lat' dir='ltr'><strong>ferax</strong></span> <span class='ocrx_word' id='word_1_440' title='bbox 1783 3482 2068 3536; x_wconf 87' lang='lat' dir='ltr'><strong>admodum</strong></span> 
     </span>
    </p>
   </div>
   <div class='ocr_carea' id='block_1_60' title="bbox 482 3571 2069 3646">
    <p class='ocr_par' dir='ltr' id='par_1_60' title="bbox 482 3571 2069 3646">
     <span class='ocr_line' id='line_1_60' title="bbox 482 3571 2069 3646; baseline 0.004 -23"><span class='ocrx_word' id='word_1_441' title='bbox 482 3571 586 3625; x_wconf 82' lang='lat' dir='ltr'><strong>fuit</strong></span> <span class='ocrx_word' id='word_1_442' title='bbox 637 3573 973 3643; x_wconf 84' lang='lat' dir='ltr'><strong>diligentitun</strong></span> <span class='ocrx_word' id='word_1_443' title='bbox 1025 3589 1087 3629; x_wconf 88' lang='lat' dir='ltr'><strong>ac</strong></span> <span class='ocrx_word' id='word_1_444' title='bbox 1126 3576 1423 3645; x_wconf 88' lang='lat' dir='ltr'><strong>peritorum</strong></span> <span class='ocrx_word' id='word_1_445' title='bbox 1478 3576 1545 3631; x_wconf 92' lang='lat' dir='ltr'><strong>de</strong></span> <span class='ocrx_word' id='word_1_446' title='bbox 1591 3591 1650 3631; x_wconf 89' lang='lat' dir='ltr'><strong>re</strong></span> <span class='ocrx_word' id='word_1_447' title='bbox 1688 3575 2069 3646; x_wconf 82' lang='lat' dir='ltr'><strong>chronologica</strong></span> 
     </span>
    </p>
   </div>
   <div class='ocr_carea' id='block_1_61' title="bbox 486 3667 2067 3740">
    <p class='ocr_par' dir='ltr' id='par_1_61' title="bbox 486 3667 2067 3740">
     <span class='ocr_line' id='line_1_61' title="bbox 486 3667 2067 3740; baseline 0.003 -20"><span class='ocrx_word' id='word_1_448' title='bbox 486 3667 834 3736; x_wconf 86' lang='lat' dir='ltr'><strong>scriptorum.</strong></span> <span class='ocrx_word' id='word_1_449' title='bbox 855 3668 1090 3723; x_wconf 86' lang='lat' dir='ltr'><strong>iudicavi</strong></span> <span class='ocrx_word' id='word_1_450' title='bbox 1108 3671 1271 3724; x_wconf 90' lang='lat' dir='ltr'><strong>etiam</strong></span> <span class='ocrx_word' id='word_1_451' title='bbox 1295 3668 1452 3740; x_wconf 90' lang='lat' dir='ltr'><strong>paulo</strong></span> <span class='ocrx_word' id='word_1_452' title='bbox 1480 3678 1603 3724; x_wconf 89' lang='lat' dir='ltr'><strong>ante</strong></span> <span class='ocrx_word' id='word_1_453' title='bbox 1624 3668 1830 3740; x_wconf 55' lang='lat' dir='ltr'><strong>(cap.&quot;5,</strong></span> <span class='ocrx_word' id='word_1_454' title='bbox 1849 3686 1994 3722; x_wconf 83' lang='lat' dir='ltr'><strong>num.</strong></span> <span class='ocrx_word' id='word_1_455' title='bbox 2012 3669 2067 3739; x_wconf 90' lang='lat'><strong>8)</strong></span> 
     </span>
    </p>
   </div>
   <div class='ocr_carea' id='block_1_62' title="bbox 485 3757 2069 3832">
    <p class='ocr_par' dir='ltr' id='par_1_62' title="bbox 485 3757 2069 3832">
     <span class='ocr_line' id='line_1_62' title="bbox 485 3757 2069 3832; baseline 0.002 -21"><span class='ocrx_word' id='word_1_456' title='bbox 485 3757 683 3812; x_wconf 86' lang='lat' dir='ltr'><strong>seriem</strong></span> <span class='ocrx_word' id='word_1_457' title='bbox 716 3760 1065 3815; x_wconf 83' lang='lat' dir='ltr'><strong>vctustiorem</strong></span> <span class='ocrx_word' id='word_1_458' title='bbox 1089 3761 1403 3832; x_wconf 88' lang='lat' dir='ltr'><strong>pontiﬁcum</strong></span> <span class='ocrx_word' id='word_1_459' title='bbox 1428 3762 1821 3826; x_wconf 81' lang='lat' dir='ltr'><strong>Romanorum,</strong></span> <span class='ocrx_word' id='word_1_460' title='bbox 1848 3761 1899 3815; x_wconf 91' lang='lat' dir='ltr'><strong>in</strong></span> <span class='ocrx_word' id='word_1_461' title='bbox 1926 3761 2069 3817; x_wconf 86' lang='lat' dir='ltr'><strong>basi-</strong></span> 
     </span>
    </p>
   </div>
   <div class='ocr_carea' id='block_1_63' title="bbox 488 3847 2066 3923">
    <p class='ocr_par' dir='ltr' id='par_1_63' title="bbox 488 3847 2066 3923">
     <span class='ocr_line' id='line_1_63' title="bbox 488 3847 2066 3923; baseline 0.003 -20"><span class='ocrx_word' id='word_1_462' title='bbox 488 3849 589 3904; x_wconf 87' lang='lat' dir='ltr'><strong>lica</strong></span> <span class='ocrx_word' id='word_1_463' title='bbox 625 3847 885 3906; x_wconf 76' lang='lat' dir='ltr'><strong>Vaticana</strong></span> <span class='ocrx_word' id='word_1_464' title='bbox 916 3852 1179 3923; x_wconf 81' lang='lat' dir='ltr'><strong>depictam</strong></span> <span class='ocrx_word' id='word_1_465' title='bbox 1228 3854 1530 3910; x_wconf 83' lang='lat' dir='ltr'><strong>ostendisse</strong></span> <span class='ocrx_word' id='word_1_466' title='bbox 1552 3854 1781 3910; x_wconf 76' lang='lat' dir='ltr'><strong>viventis</strong></span> <span class='ocrx_word' id='word_1_467' title='bbox 1811 3853 2066 3910; x_wconf 87' lang='lat' dir='ltr'><strong>indicium</strong></span> 
     </span>
    </p>
   </div>
   <div class='ocr_carea' id='block_1_64' title="bbox 486 3941 2070 4020">
    <p class='ocr_par' dir='ltr' id='par_1_64' title="bbox 486 3941 2070 4020">
     <span class='ocr_line' id='line_1_64' title="bbox 486 3941 2070 4020; baseline 0.005 -24"><span class='ocrx_word' id='word_1_468' title='bbox 486 3941 603 3997; x_wconf 87' lang='lat' dir='ltr'><strong>sola</strong></span> <span class='ocrx_word' id='word_1_469' title='bbox 633 3942 685 3997; x_wconf 84' lang='lat' dir='ltr'><strong>in</strong></span> <span class='ocrx_word' id='word_1_470' title='bbox 715 3943 947 4015; x_wconf 84' lang='lat' dir='ltr'><strong>imagine</strong></span> <span class='ocrx_word' id='word_1_471' title='bbox 978 3944 1179 4001; x_wconf 64' lang='lat' dir='ltr'><strong>Libet-ii</strong></span> <span class='ocrx_word' id='word_1_472' title='bbox 1223 3962 1320 4015; x_wconf 91' lang='lat' dir='ltr'><strong>per</strong></span> <span class='ocrx_word' id='word_1_473' title='bbox 1370 3947 1579 4018; x_wconf 84' lang='lat' dir='ltr'><strong>insigne</strong></span> <span class='ocrx_word' id='word_1_474' title='bbox 1605 3950 1925 4019; x_wconf 88' lang='lat' dir='ltr'><strong>quadratum</strong></span> <span class='ocrx_word' id='word_1_475' title='bbox 1954 3950 2070 4020; x_wconf 89' lang='lat' dir='ltr'><strong>ejus</strong></span> 
     </span>
    </p>
   </div>
   <div class='ocr_carea' id='block_1_65' title="bbox 484 4033 2071 4108">
    <p class='ocr_par' dir='ltr' id='par_1_65' title="bbox 484 4033 2071 4108">
     <span class='ocr_line' id='line_1_65' title="bbox 484 4033 2071 4108; baseline 0.005 -21"><span class='ocrx_word' id='word_1_476' title='bbox 484 4033 647 4103; x_wconf 86' lang='lat' dir='ltr'><strong>capiti</strong></span> <span class='ocrx_word' id='word_1_477' title='bbox 674 4044 948 4106; x_wconf 89' lang='lat' dir='ltr'><strong>aptatum;</strong></span> <span class='ocrx_word' id='word_1_478' title='bbox 985 4038 1128 4093; x_wconf 84' lang='lat' dir='ltr'><strong>unde</strong></span> <span class='ocrx_word' id='word_1_479' title='bbox 1150 4036 1420 4108; x_wconf 80' lang='lat' dir='ltr'><strong>colligitur</strong></span> <span class='ocrx_word' id='word_1_480' title='bbox 1440 4040 1524 4095; x_wconf 80' lang='lat' dir='ltr'><strong>vel</strong></span> <span class='ocrx_word' id='word_1_481' title='bbox 1552 4040 1698 4095; x_wconf 89' lang='lat' dir='ltr'><strong>illam</strong></span> <span class='ocrx_word' id='word_1_482' title='bbox 1738 4041 1901 4096; x_wconf 86' lang='lat' dir='ltr'><strong>seriei</strong></span> <span class='ocrx_word' id='word_1_483' title='bbox 1924 4040 2071 4096; x_wconf 84' lang='lat' dir='ltr'><strong>Vali-</strong></span> 
     </span>
    </p>
   </div>
   <div class='ocr_carea' id='block_1_66' title="bbox 484 4130 2067 4197">
    <p class='ocr_par' dir='ltr' id='par_1_66' title="bbox 484 4130 2067 4197">
     <span class='ocr_line' id='line_1_66' title="bbox 484 4130 2067 4197; baseline 0.003 -16"><span class='ocrx_word' id='word_1_484' title='bbox 484 4141 635 4183; x_wconf 72' lang='lat' dir='ltr'><strong>canw</strong></span> <span class='ocrx_word' id='word_1_485' title='bbox 656 4137 864 4197; x_wconf 90' lang='lat' dir='ltr'><strong>partem</strong></span> <span class='ocrx_word' id='word_1_486' title='bbox 892 4131 1188 4185; x_wconf 84' lang='lat' dir='ltr'><strong>coloratam</strong></span> <span class='ocrx_word' id='word_1_487' title='bbox 1219 4130 1385 4188; x_wconf 88' lang='lat' dir='ltr'><strong>fuisse</strong></span> <span class='ocrx_word' id='word_1_488' title='bbox 1406 4141 1689 4188; x_wconf 87' lang='lat' dir='ltr'><strong>constante</strong></span> <span class='ocrx_word' id='word_1_489' title='bbox 1709 4133 1818 4187; x_wconf 86' lang='lat' dir='ltr'><strong>vita</strong></span> <span class='ocrx_word' id='word_1_490' title='bbox 1848 4132 2067 4196; x_wconf 89' lang='lat' dir='ltr'><strong>Liberii,</strong></span> 
     </span>
    </p>
   </div>
   <div class='ocr_carea' id='block_1_67' title="bbox 480 4220 2068 4291">
    <p class='ocr_par' dir='ltr' id='par_1_67' title="bbox 480 4220 2068 4291">
     <span class='ocr_line' id='line_1_67' title="bbox 480 4220 2068 4291; baseline 0.004 -21"><span class='ocrx_word' id='word_1_491' title='bbox 480 4225 535 4271; x_wconf 84' lang='lat' dir='ltr'><strong>et</strong></span> <span class='ocrx_word' id='word_1_492' title='bbox 587 4220 764 4273; x_wconf 90' lang='lat' dir='ltr'><strong>serius</strong></span> <span class='ocrx_word' id='word_1_493' title='bbox 811 4221 1125 4290; x_wconf 87' lang='lat' dir='ltr'><strong>productam</strong></span> <span class='ocrx_word' id='word_1_494' title='bbox 1176 4231 1364 4291; x_wconf 89' lang='lat' dir='ltr'><strong>postea</strong></span> <span class='ocrx_word' id='word_1_495' title='bbox 1388 4221 1554 4279; x_wconf 85' lang='lat' dir='ltr'><strong>fuisse</strong></span> <span class='ocrx_word' id='word_1_496' title='bbox 1583 4227 1649 4278; x_wconf 89' lang='lat' dir='ltr'><strong>ad</strong></span> <span class='ocrx_word' id='word_1_497' title='bbox 1688 4223 2068 4290; x_wconf 84' lang='lat' dir='ltr'><strong>Hormisdam;</strong></span> 
     </span>
    </p>
   </div>
   <div class='ocr_carea' id='block_1_68' title="bbox 482 4308 2070 4387">
    <p class='ocr_par' dir='ltr' id='par_1_68' title="bbox 482 4308 2070 4387">
     <span class='ocr_line' id='line_1_68' title="bbox 482 4308 2070 4387; baseline 0.004 -25"><span class='ocrx_word' id='word_1_498' title='bbox 482 4308 568 4363; x_wconf 75' lang='lat' dir='ltr'><strong>vel</strong></span> <span class='ocrx_word' id='word_1_499' title='bbox 624 4311 693 4364; x_wconf 87' lang='lat' dir='ltr'><strong>ab</strong></span> <span class='ocrx_word' id='word_1_500' title='bbox 737 4312 1028 4381; x_wconf 90' lang='lat' dir='ltr'><strong>antiquiori</strong></span> <span class='ocrx_word' id='word_1_501' title='bbox 1081 4314 1223 4369; x_wconf 87' lang='lat' dir='ltr'><strong>serie</strong></span> <span class='ocrx_word' id='word_1_502' title='bbox 1266 4314 1566 4371; x_wconf 74' lang='lat' dir='ltr'><strong>Liberiante</strong></span> <span class='ocrx_word' id='word_1_503' title='bbox 1622 4317 1797 4372; x_wconf 64' lang='lat' dir='ltr'><strong>aetatis</strong></span> <span class='ocrx_word' id='word_1_504' title='bbox 1843 4317 2070 4387; x_wconf 88' lang='lat' dir='ltr'><strong>petitmn</strong></span> 
     </span>
    </p>
   </div>
   <div class='ocr_carea' id='block_1_69' title="bbox 483 4401 2072 4471">
    <p class='ocr_par' dir='ltr' id='par_1_69' title="bbox 483 4401 2072 4471">
     <span class='ocr_line' id='line_1_69' title="bbox 483 4401 2072 4471; baseline 0.007 -19"><span class='ocrx_word' id='word_1_505' title='bbox 483 4401 781 4471; x_wconf 74' lang='lat' dir='ltr'><strong>exemplar,</strong></span> <span class='ocrx_word' id='word_1_506' title='bbox 813 4403 955 4471; x_wconf 89' lang='lat' dir='ltr'><strong>quod</strong></span> <span class='ocrx_word' id='word_1_507' title='bbox 981 4404 1032 4457; x_wconf 92' lang='lat' dir='ltr'><strong>in</strong></span> <span class='ocrx_word' id='word_1_508' title='bbox 1066 4402 1325 4460; x_wconf 88' lang='lat' dir='ltr'><strong>Vaticana</strong></span> <span class='ocrx_word' id='word_1_509' title='bbox 1353 4406 1446 4461; x_wconf 88' lang='lat' dir='ltr'><strong>tali</strong></span> <span class='ocrx_word' id='word_1_510' title='bbox 1475 4406 1796 4463; x_wconf 86' lang='lat' dir='ltr'><strong>emblemate</strong></span> <span class='ocrx_word' id='word_1_511' title='bbox 1842 4410 2072 4464; x_wconf 90' lang='lat' dir='ltr'><strong>adorna-</strong></span> 
     </span>
    </p>
   </div>
   <div class='ocr_carea' id='block_1_70' title="bbox 483 4491 2068 4564">
    <p class='ocr_par' dir='ltr' id='par_1_70' title="bbox 483 4491 2068 4564">
     <span class='ocr_line' id='line_1_70' title="bbox 483 4491 2068 4564; baseline 0.006 -19"><span class='ocrx_word' id='word_1_512' title='bbox 483 4491 665 4545; x_wconf 88' lang='lat' dir='ltr'><strong>batur.</strong></span> <span class='ocrx_word' id='word_1_513' title='bbox 724 4492 1053 4551; x_wconf 89' lang='lat' dir='ltr'><strong>Utrumlibet</strong></span> <span class='ocrx_word' id='word_1_514' title='bbox 1109 4511 1238 4551; x_wconf 82' lang='lat' dir='ltr'><strong>vero</strong></span> <span class='ocrx_word' id='word_1_515' title='bbox 1294 4496 1671 4564; x_wconf 88' lang='lat' dir='ltr'><strong>admittamus,</strong></span> <span class='ocrx_word' id='word_1_516' title='bbox 1721 4509 1930 4554; x_wconf 90' lang='lat' dir='ltr'><strong>certum</strong></span> <span class='ocrx_word' id='word_1_517' title='bbox 1984 4509 2068 4554; x_wconf 88' lang='lat' dir='ltr'><strong>est</strong></span> 
     </span>
    </p>
   </div>
   <div class='ocr_carea' id='block_1_71' title="bbox 478 4583 2065 4662">
    <p class='ocr_par' dir='ltr' id='par_1_71' title="bbox 478 4583 2065 4662">
     <span class='ocr_line' id='line_1_71' title="bbox 478 4583 2065 4662; baseline 0.007 -27"><span class='ocrx_word' id='word_1_518' title='bbox 478 4583 665 4638; x_wconf 87' lang='lat' dir='ltr'><strong>eadem</strong></span> <span class='ocrx_word' id='word_1_519' title='bbox 720 4593 881 4640; x_wconf 80' lang='lat' dir='ltr'><strong>aetate</strong></span> <span class='ocrx_word' id='word_1_520' title='bbox 938 4585 1163 4652; x_wconf 91' lang='lat' dir='ltr'><strong>Liberii,</strong></span> <span class='ocrx_word' id='word_1_521' title='bbox 1202 4603 1309 4657; x_wconf 89' lang='lat' dir='ltr'><strong>qua</strong></span> <span class='ocrx_word' id='word_1_522' title='bbox 1369 4589 1634 4645; x_wconf 83' lang='lat' dir='ltr'><strong>vetustior</strong></span> <span class='ocrx_word' id='word_1_523' title='bbox 1683 4605 1749 4644; x_wconf 79' lang='lat' dir='ltr'><strong>ex</strong></span> <span class='ocrx_word' id='word_1_524' title='bbox 1792 4591 2065 4662; x_wconf 82' lang='lat' dir='ltr'><strong>Catalogis</strong></span> 
     </span>
    </p>
   </div>
   <div class='ocr_carea' id='block_1_72' title="bbox 478 4676 2063 4752">
    <p class='ocr_par' dir='ltr' id='par_1_72' title="bbox 478 4676 2063 4752">
     <span class='ocr_line' id='line_1_72' title="bbox 478 4676 2063 4752; baseline 0.007 -23"><span class='ocrx_word' id='word_1_525' title='bbox 478 4676 717 4746; x_wconf 87' lang='lat' dir='ltr'><strong>scriptis.</strong></span> <span class='ocrx_word' id='word_1_526' title='bbox 743 4687 798 4731; x_wconf 86' lang='lat' dir='ltr'><strong>et</strong></span> <span class='ocrx_word' id='word_1_527' title='bbox 828 4679 1094 4733; x_wconf 79' lang='lat' dir='ltr'><strong>vetustior</strong></span> <span class='ocrx_word' id='word_1_528' title='bbox 1123 4694 1187 4735; x_wconf 80' lang='lat' dir='ltr'><strong>ex</strong></span> <span class='ocrx_word' id='word_1_529' title='bbox 1213 4680 1437 4750; x_wconf 84' lang='lat' dir='ltr'><strong>depictis</strong></span> <span class='ocrx_word' id='word_1_530' title='bbox 1467 4682 1519 4735; x_wconf 90' lang='lat' dir='ltr'><strong>in</strong></span> <span class='ocrx_word' id='word_1_531' title='bbox 1557 4683 1853 4752; x_wconf 87' lang='lat' dir='ltr'><strong>parietibus</strong></span> <span class='ocrx_word' id='word_1_532' title='bbox 1878 4683 2063 4740; x_wconf 84' lang='lat' dir='ltr'><strong>basili-</strong></span> 
     </span>
    </p>
   </div>
   <div class='ocr_carea' id='block_1_73' title="bbox 477 4768 2063 4847">
    <p class='ocr_par' dir='ltr' id='par_1_73' title="bbox 477 4768 2063 4847">
     <span class='ocr_line' id='line_1_73' title="bbox 477 4768 2063 4847; baseline 0.006 -28"><span class='ocrx_word' id='word_1_533' title='bbox 477 4782 665 4822; x_wconf 79' lang='lat' dir='ltr'><strong>carum</strong></span> <span class='ocrx_word' id='word_1_534' title='bbox 694 4768 858 4824; x_wconf 66' lang='lat' dir='ltr'><strong>Erbis</strong></span> <span class='ocrx_word' id='word_1_535' title='bbox 906 4770 1065 4825; x_wconf 87' lang='lat' dir='ltr'><strong>simul</strong></span> <span class='ocrx_word' id='word_1_536' title='bbox 1115 4772 1571 4841; x_wconf 85' lang='lat' dir='ltr'><strong>producebantur,</strong></span> <span class='ocrx_word' id='word_1_537' title='bbox 1613 4775 2063 4847; x_wconf 83' lang='lat' dir='ltr'><strong>chronologorum</strong></span> 
     </span>
    </p>
   </div>
   <div class='ocr_carea' id='block_1_74' title="bbox 475 4861 1743 4935">
    <p class='ocr_par' dir='ltr' id='par_1_74' title="bbox 475 4861 1743 4935">
     <span class='ocr_line' id='line_1_74' title="bbox 475 4861 1743 4935; baseline 0.005 -22"><span class='ocrx_word' id='word_1_538' title='bbox 475 4862 911 4928; x_wconf 73' lang='lat' dir='ltr'><strong>przestantiorum</strong></span> <span class='ocrx_word' id='word_1_539' title='bbox 939 4862 1148 4933; x_wconf 90' lang='lat' dir='ltr'><strong>copiam</strong></span> <span class='ocrx_word' id='word_1_540' title='bbox 1182 4861 1347 4919; x_wconf 80' lang='lat' dir='ltr'><strong>fuisse</strong></span> <span class='ocrx_word' id='word_1_541' title='bbox 1379 4874 1743 4935; x_wconf 53' lang='lat' dir='ltr'><strong>consilectam.</strong></span> 
     </span>
    </p>
   </div>
   <div class='ocr_carea' id='block_1_75' title="bbox 548 4950 2061 5025">
    <p class='ocr_par' dir='ltr' id='par_1_75' title="bbox 548 4950 2061 5025">
     <span class='ocr_line' id='line_1_75' title="bbox 548 4950 2061 5025; baseline 0.004 -22"><span class='ocrx_word' id='word_1_542' title='bbox 548 4950 745 5007; x_wconf 84' lang='lat' dir='ltr'><strong>Leonis</strong></span> <span class='ocrx_word' id='word_1_543' title='bbox 775 4952 951 5023; x_wconf 80' lang='lat' dir='ltr'><strong>Magni</strong></span> <span class='ocrx_word' id='word_1_544' title='bbox 978 4963 1218 5024; x_wconf 86' lang='lat' dir='ltr'><strong>tempora</strong></span> <span class='ocrx_word' id='word_1_545' title='bbox 1251 4970 1355 5009; x_wconf 91' lang='lat' dir='ltr'><strong>non</strong></span> <span class='ocrx_word' id='word_1_546' title='bbox 1389 4956 1567 5011; x_wconf 92' lang='lat' dir='ltr'><strong>minus</strong></span> <span class='ocrx_word' id='word_1_547' title='bbox 1592 4970 1754 5025; x_wconf 89' lang='lat' dir='ltr'><strong>quam</strong></span> <span class='ocrx_word' id='word_1_548' title='bbox 1777 4954 2061 5011; x_wconf 88' lang='lat' dir='ltr'><strong>Liberiana</strong></span> 
     </span>
    </p>
   </div>
   <div class='ocr_carea' id='block_1_76' title="bbox 480 5041 2064 5117">
    <p class='ocr_par' dir='ltr' id='par_1_76' title="bbox 480 5041 2064 5117">
     <span class='ocr_line' id='line_1_76' title="bbox 480 5041 2064 5117; baseline 0.004 -24"><span class='ocrx_word' id='word_1_549' title='bbox 480 5041 829 5099; x_wconf 85' lang='lat' dir='ltr'><strong>abundabant</strong></span> <span class='ocrx_word' id='word_1_550' title='bbox 884 5045 1057 5100; x_wconf 86' lang='lat' dir='ltr'><strong>doctis</strong></span> <span class='ocrx_word' id='word_1_551' title='bbox 1106 5045 1469 5116; x_wconf 82' lang='lat' dir='ltr'><strong>chronologis,</strong></span> <span class='ocrx_word' id='word_1_552' title='bbox 1521 5061 1657 5117; x_wconf 89' lang='lat' dir='ltr'><strong>quos</strong></span> <span class='ocrx_word' id='word_1_553' title='bbox 1704 5047 1771 5101; x_wconf 89' lang='lat' dir='ltr'><strong>ad</strong></span> <span class='ocrx_word' id='word_1_554' title='bbox 1796 5062 1858 5102; x_wconf 90' lang='lat' dir='ltr'><strong>ea</strong></span> <span class='ocrx_word' id='word_1_555' title='bbox 1888 5047 2064 5102; x_wconf 88' lang='lat' dir='ltr'><strong>studia</strong></span> 
     </span>
    </p>
   </div>
   <div class='ocr_carea' id='block_1_77' title="bbox 478 5134 2066 5207">
    <p class='ocr_par' dir='ltr' id='par_1_77' title="bbox 478 5134 2066 5207">
     <span class='ocr_line' id='line_1_77' title="bbox 478 5134 2066 5207; baseline 0.004 -20"><span class='ocrx_word' id='word_1_556' title='bbox 478 5134 801 5189; x_wconf 77' lang='lat' dir='ltr'><strong>incitaverat</strong></span> <span class='ocrx_word' id='word_1_557' title='bbox 853 5136 927 5190; x_wconf 89' lang='lat' dir='ltr'><strong>rei</strong></span> <span class='ocrx_word' id='word_1_558' title='bbox 970 5137 1254 5206; x_wconf 85' lang='lat' dir='ltr'><strong>paschalis</strong></span> <span class='ocrx_word' id='word_1_559' title='bbox 1309 5138 1609 5207; x_wconf 85' lang='lat' dir='ltr'><strong>inquisitio,</strong></span> <span class='ocrx_word' id='word_1_560' title='bbox 1662 5146 1717 5193; x_wconf 89' lang='lat' dir='ltr'><strong>et</strong></span> <span class='ocrx_word' id='word_1_561' title='bbox 1773 5153 1838 5192; x_wconf 77' lang='lat' dir='ltr'><strong>ex</strong></span> <span class='ocrx_word' id='word_1_562' title='bbox 1896 5137 2066 5193; x_wconf 87' lang='lat' dir='ltr'><strong>admi-</strong></span> 
     </span>
    </p>
   </div>
   <div class='ocr_carea' id='block_1_78' title="bbox 476 5225 2063 5299">
    <p class='ocr_par' dir='ltr' id='par_1_78' title="bbox 476 5225 2063 5299">
     <span class='ocr_line' id='line_1_78' title="bbox 476 5225 2063 5299; baseline 0.002 -20"><span class='ocrx_word' id='word_1_563' title='bbox 476 5225 665 5281; x_wconf 89' lang='lat' dir='ltr'><strong>nistris</strong></span> <span class='ocrx_word' id='word_1_564' title='bbox 691 5227 836 5282; x_wconf 89' lang='lat' dir='ltr'><strong>sedis</strong></span> <span class='ocrx_word' id='word_1_565' title='bbox 862 5227 1167 5296; x_wconf 66' lang='lat' dir='ltr'><strong>apostolica:</strong></span> <span class='ocrx_word' id='word_1_566' title='bbox 1193 5231 1551 5285; x_wconf 87' lang='lat' dir='ltr'><strong>constituerat</strong></span> <span class='ocrx_word' id='word_1_567' title='bbox 1586 5228 1825 5299; x_wconf 85' lang='lat' dir='ltr'><strong>ejusdem</strong></span> <span class='ocrx_word' id='word_1_568' title='bbox 1846 5228 2063 5299; x_wconf 81' lang='lat' dir='ltr'><strong>pontiﬁ-</strong></span> 
     </span>
    </p>
   </div>
   <div class='ocr_carea' id='block_1_79' title="bbox 477 5318 2066 5391">
    <p class='ocr_par' dir='ltr' id='par_1_79' title="bbox 477 5318 2066 5391">
     <span class='ocr_line' id='line_1_79' title="bbox 477 5318 2066 5391; baseline 0.002 -19"><span class='ocrx_word' id='word_1_569' title='bbox 477 5332 590 5383; x_wconf 87' lang='lat' dir='ltr'><strong>ces,</strong></span> <span class='ocrx_word' id='word_1_570' title='bbox 644 5318 721 5372; x_wconf 89' lang='lat' dir='ltr'><strong>uti</strong></span> <span class='ocrx_word' id='word_1_571' title='bbox 770 5320 1148 5375; x_wconf 89' lang='lat' dir='ltr'><strong>demonstrant</strong></span> <span class='ocrx_word' id='word_1_572' title='bbox 1188 5320 1384 5376; x_wconf 73' lang='lat' dir='ltr'><strong>littera:</strong></span> <span class='ocrx_word' id='word_1_573' title='bbox 1412 5319 1640 5377; x_wconf 84' lang='lat' dir='ltr'><strong>Victorii</strong></span> <span class='ocrx_word' id='word_1_574' title='bbox 1692 5321 1971 5391; x_wconf 82' lang='lat' dir='ltr'><strong>Aquitani,</strong></span> <span class='ocrx_word' id='word_1_575' title='bbox 2010 5329 2066 5376; x_wconf 88' lang='lat' dir='ltr'><strong>et</strong></span> 
     </span>
    </p>
   </div>
   <div class='ocr_carea' id='block_1_80' title="bbox 475 5408 2057 5480">
    <p class='ocr_par' dir='ltr' id='par_1_80' title="bbox 475 5408 2057 5480">
     <span class='ocr_line' id='line_1_80' title="bbox 475 5408 2057 5480; baseline 0.001 -16"><span class='ocrx_word' id='word_1_576' title='bbox 475 5408 662 5480; x_wconf 88' lang='lat' dir='ltr'><strong>cyclus</strong></span> <span class='ocrx_word' id='word_1_577' title='bbox 717 5408 996 5464; x_wconf 89' lang='lat' dir='ltr'><strong>Paschalis</strong></span> <span class='ocrx_word' id='word_1_578' title='bbox 1058 5408 1126 5463; x_wconf 90' lang='lat' dir='ltr'><strong>ab</strong></span> <span class='ocrx_word' id='word_1_579' title='bbox 1178 5424 1242 5466; x_wconf 91' lang='lat' dir='ltr'><strong>eo</strong></span> <span class='ocrx_word' id='word_1_580' title='bbox 1290 5413 1640 5468; x_wconf 84' lang='lat' dir='ltr'><strong>transmissus</strong></span> <span class='ocrx_word' id='word_1_581' title='bbox 1686 5413 1754 5467; x_wconf 90' lang='lat' dir='ltr'><strong>ad</strong></span> <span class='ocrx_word' id='word_1_582' title='bbox 1795 5411 2057 5478; x_wconf 85' lang='lat' dir='ltr'><strong>Hilarum,</strong></span> 
     </span>
    </p>
   </div>
   <div class='ocr_carea' id='block_1_81' title="bbox 472 5498 2056 5570">
    <p class='ocr_par' dir='ltr' id='par_1_81' title="bbox 472 5498 2056 5570">
     <span class='ocr_line' id='line_1_81' title="bbox 472 5498 2056 5570; baseline 0.004 -17"><span class='ocrx_word' id='word_1_583' title='bbox 472 5498 676 5554; x_wconf 88' lang='lat' dir='ltr'><strong>Leonis</strong></span> <span class='ocrx_word' id='word_1_584' title='bbox 707 5514 858 5570; x_wconf 84' lang='lat' dir='ltr'><strong>papae</strong></span> <span class='ocrx_word' id='word_1_585' title='bbox 888 5508 1015 5556; x_wconf 90' lang='lat' dir='ltr'><strong>tunc</strong></span> <span class='ocrx_word' id='word_1_586' title='bbox 1062 5502 1520 5570; x_wconf 88' lang='lat' dir='ltr'><strong>archidiaconum,</strong></span> <span class='ocrx_word' id='word_1_587' title='bbox 1553 5504 1747 5560; x_wconf 89' lang='lat' dir='ltr'><strong>deinde</strong></span> <span class='ocrx_word' id='word_1_588' title='bbox 1775 5517 2056 5560; x_wconf 86' lang='lat' dir='ltr'><strong>successo—</strong></span> 
     </span>
    </p>
   </div>
   <div class='ocr_carea' id='block_1_82' title="bbox 476 5593 2059 5668">
    <p class='ocr_par' dir='ltr' id='par_1_82' title="bbox 476 5593 2059 5668">
     <span class='ocr_line' id='line_1_82' title="bbox 476 5593 2059 5668; baseline 0.002 -21"><span class='ocrx_word' id='word_1_589' title='bbox 476 5608 612 5648; x_wconf 88' lang='lat' dir='ltr'><strong>rem.</strong></span> <span class='ocrx_word' id='word_1_590' title='bbox 646 5593 816 5664; x_wconf 88' lang='lat' dir='ltr'><strong>llujus</strong></span> <span class='ocrx_word' id='word_1_591' title='bbox 864 5595 1057 5664; x_wconf 88' lang='lat' dir='ltr'><strong>peritia</strong></span> <span class='ocrx_word' id='word_1_592' title='bbox 1088 5605 1393 5666; x_wconf 85' lang='lat' dir='ltr'><strong>temporum</strong></span> <span class='ocrx_word' id='word_1_593' title='bbox 1419 5606 1624 5668; x_wconf 89' lang='lat' dir='ltr'><strong>quanta</strong></span> <span class='ocrx_word' id='word_1_594' title='bbox 1664 5597 1825 5652; x_wconf 80' lang='lat' dir='ltr'><strong>fuerit</strong></span> <span class='ocrx_word' id='word_1_595' title='bbox 1848 5596 2059 5652; x_wconf 88' lang='lat' dir='ltr'><strong>abunde</strong></span> 
     </span>
    </p>
   </div>
   <div class='ocr_carea' id='block_1_83' title="bbox 476 5685 2056 5763">
    <p class='ocr_par' dir='ltr' id='par_1_83' title="bbox 476 5685 2056 5763">
     <span class='ocr_line' id='line_1_83' title="bbox 476 5685 2056 5763; baseline 0.003 -27"><span class='ocrx_word' id='word_1_596' title='bbox 476 5685 652 5755; x_wconf 78' lang='lat' dir='ltr'><strong>colligi</strong></span> <span class='ocrx_word' id='word_1_597' title='bbox 708 5701 865 5753; x_wconf 88' lang='lat' dir='ltr'><strong>posse</strong></span> <span class='ocrx_word' id='word_1_598' title='bbox 919 5688 1136 5743; x_wconf 86' lang='lat' dir='ltr'><strong>credam</strong></span> <span class='ocrx_word' id='word_1_599' title='bbox 1203 5689 1553 5763; x_wconf 84' lang='lat' dir='ltr'><strong>exactissimo</strong></span> <span class='ocrx_word' id='word_1_600' title='bbox 1613 5705 1680 5744; x_wconf 74' lang='lat' dir='ltr'><strong>ex</strong></span> <span class='ocrx_word' id='word_1_601' title='bbox 1746 5703 2056 5744; x_wconf 86' lang='lat' dir='ltr'><strong>commensu</strong></span> 
     </span>
    </p>
   </div>
   <div class='ocr_carea' id='block_1_84' title="bbox 476 5775 2059 5853">
    <p class='ocr_par' dir='ltr' id='par_1_84' title="bbox 476 5775 2059 5853">
     <span class='ocr_line' id='line_1_84' title="bbox 476 5775 2059 5853; baseline 0.003 -23"><span class='ocrx_word' id='word_1_602' title='bbox 476 5775 717 5832; x_wconf 83' lang='lat' dir='ltr'><strong>eiusdem</strong></span> <span class='ocrx_word' id='word_1_603' title='bbox 765 5778 1127 5847; x_wconf 74' lang='lat' dir='ltr'><strong>chronologia:</strong></span> <span class='ocrx_word' id='word_1_604' title='bbox 1181 5779 1245 5835; x_wconf 85' lang='lat' dir='ltr'><strong>de</strong></span> <span class='ocrx_word' id='word_1_605' title='bbox 1296 5778 1499 5837; x_wconf 85' lang='lat' dir='ltr'><strong>Christi</strong></span> <span class='ocrx_word' id='word_1_606' title='bbox 1550 5782 1761 5837; x_wconf 84' lang='lat' dir='ltr'><strong>Domini</strong></span> <span class='ocrx_word' id='word_1_607' title='bbox 1800 5782 2059 5853; x_wconf 76' lang='lat' dir='ltr'><strong>passione</strong></span> 
     </span>
    </p>
   </div>
   <div class='ocr_carea' id='block_1_85' title="bbox 2179 3298 3773 3372">
    <p class='ocr_par' dir='ltr' id='par_1_85' title="bbox 2179 3298 3773 3372">
     <span class='ocr_line' id='line_1_85' title="bbox 2179 3298 3773 3372; baseline -0.004 -16"><span class='ocrx_word' id='word_1_608' title='bbox 2179 3304 2378 3358; x_wconf 88' lang='lat' dir='ltr'><strong>mentis</strong></span> <span class='ocrx_word' id='word_1_609' title='bbox 2418 3314 2720 3372; x_wconf 89' lang='lat' dir='ltr'><strong>acceptam,</strong></span> <span class='ocrx_word' id='word_1_610' title='bbox 2770 3317 2892 3358; x_wconf 86' lang='lat' dir='ltr'><strong>esse</strong></span> <span class='ocrx_word' id='word_1_611' title='bbox 2938 3302 3160 3372; x_wconf 88' lang='lat' dir='ltr'><strong>reliquis</strong></span> <span class='ocrx_word' id='word_1_612' title='bbox 3203 3298 3598 3370; x_wconf 69' lang='lat' dir='ltr'><strong>praeferendam</strong></span> <span class='ocrx_word' id='word_1_613' title='bbox 3644 3312 3773 3352; x_wconf 90' lang='lat' dir='ltr'><strong>cum</strong></span> 
     </span>
    </p>
   </div>
   <div class='ocr_carea' id='block_1_86' title="bbox 2175 3388 3879 3463">
    <p class='ocr_par' dir='ltr' id='par_1_86' title="bbox 2175 3388 3879 3463">
     <span class='ocr_line' id='line_1_86' title="bbox 2175 3388 3879 3463; baseline -0.005 -14"><span class='ocrx_word' id='word_1_614' title='bbox 2175 3394 2703 3459; x_wconf 89' lang='lat' dir='ltr'><strong>demonstraverim,</strong></span> <span class='ocrx_word' id='word_1_615' title='bbox 2751 3407 3087 3463; x_wconf 84' lang='lat' dir='ltr'><strong>consequens</strong></span> <span class='ocrx_word' id='word_1_616' title='bbox 3142 3400 3227 3448; x_wconf 87' lang='lat' dir='ltr'><strong>est</strong></span> <span class='ocrx_word' id='word_1_617' title='bbox 3277 3399 3336 3445; x_wconf 88' lang='lat' dir='ltr'><strong>ut</strong></span> <span class='ocrx_word' id='word_1_618' title='bbox 3380 3390 3630 3445; x_wconf 85' lang='lat' dir='ltr'><strong>eamdem</strong></span> <span class='ocrx_word' id='word_1_619' title='bbox 3674 3388 3771 3442; x_wconf 90' lang='lat' dir='ltr'><strong>hic</strong></span> <span class='ocrx_word' id='word_1_620' title='bbox 3866 3403 3879 3407; x_wconf 65' lang='grc'><strong><em>”</em></strong></span> 
     </span>
    </p>
   </div>
   <div class='ocr_carea' id='block_1_87' title="bbox 2175 3477 3772 3554">
    <p class='ocr_par' dir='ltr' id='par_1_87' title="bbox 2175 3477 3772 3554">
     <span class='ocr_line' id='line_1_87' title="bbox 2175 3477 3772 3554; baseline -0.003 -17"><span class='ocrx_word' id='word_1_621' title='bbox 2175 3496 2502 3554; x_wconf 90' lang='lat' dir='ltr'><strong>apponerem</strong></span> <span class='ocrx_word' id='word_1_622' title='bbox 2576 3483 2645 3538; x_wconf 89' lang='lat' dir='ltr'><strong>ad</strong></span> <span class='ocrx_word' id='word_1_623' title='bbox 2709 3481 3094 3539; x_wconf 79' lang='lat' dir='ltr'><strong>conferendum</strong></span> <span class='ocrx_word' id='word_1_624' title='bbox 3160 3489 3215 3537; x_wconf 91' lang='lat' dir='ltr'><strong>et</strong></span> <span class='ocrx_word' id='word_1_625' title='bbox 3276 3481 3347 3535; x_wconf 86' lang='lat' dir='ltr'><strong>ad</strong></span> <span class='ocrx_word' id='word_1_626' title='bbox 3415 3477 3772 3535; x_wconf 80' lang='lat' dir='ltr'><strong>indicandum</strong></span> 
     </span>
    </p>
   </div>
   <div class='ocr_carea' id='block_1_88' title="bbox 2175 3569 3774 3649">
    <p class='ocr_par' dir='ltr' id='par_1_88' title="bbox 2175 3569 3774 3649">
     <span class='ocr_line' id='line_1_88' title="bbox 2175 3569 3774 3649; baseline -0.003 -20"><span class='ocrx_word' id='word_1_627' title='bbox 2175 3573 2291 3642; x_wconf 89' lang='lat' dir='ltr'><strong>ejus</strong></span> <span class='ocrx_word' id='word_1_628' title='bbox 2330 3588 2658 3628; x_wconf 88' lang='lat' dir='ltr'><strong>consensum</strong></span> <span class='ocrx_word' id='word_1_629' title='bbox 2687 3587 2809 3628; x_wconf 92' lang='lat' dir='ltr'><strong>cum</strong></span> <span class='ocrx_word' id='word_1_630' title='bbox 2837 3573 3131 3644; x_wconf 87' lang='lat' dir='ltr'><strong>archetypo</strong></span> <span class='ocrx_word' id='word_1_631' title='bbox 3174 3571 3232 3626; x_wconf 82' lang='lat' dir='ltr'><strong>S.</strong></span> <span class='ocrx_word' id='word_1_632' title='bbox 3263 3571 3436 3627; x_wconf 90' lang='lat' dir='ltr'><strong>Pauli.</strong></span> <span class='ocrx_word' id='word_1_633' title='bbox 3464 3569 3774 3649; x_wconf 82' lang='lat' dir='ltr'><strong>Diligenter</strong></span> 
     </span>
    </p>
   </div>
   <div class='ocr_carea' id='block_1_89' title="bbox 2174 3662 3770 3736">
    <p class='ocr_par' dir='ltr' id='par_1_89' title="bbox 2174 3662 3770 3736">
     <span class='ocr_line' id='line_1_89' title="bbox 2174 3662 3770 3736; baseline -0.002 -18"><span class='ocrx_word' id='word_1_634' title='bbox 2174 3666 2338 3735; x_wconf 82' lang='lat' dir='ltr'><strong>igitur</strong></span> <span class='ocrx_word' id='word_1_635' title='bbox 2366 3664 2672 3736; x_wconf 85' lang='lat' dir='ltr'><strong>indagando</strong></span> <span class='ocrx_word' id='word_1_636' title='bbox 2714 3664 2946 3735; x_wconf 87' lang='lat' dir='ltr'><strong>genuina</strong></span> <span class='ocrx_word' id='word_1_637' title='bbox 2987 3662 3494 3732; x_wconf 32' lang='lat' dir='ltr'><strong>illius‘exemplaria</strong></span> <span class='ocrx_word' id='word_1_638' title='bbox 3536 3662 3593 3717; x_wconf 84' lang='lat' dir='ltr'><strong>in</strong></span> <span class='ocrx_word' id='word_1_639' title='bbox 3624 3662 3770 3716; x_wconf 50' lang='lat' dir='ltr'><strong>antic</strong></span> 
     </span>
    </p>
   </div>
   <div class='ocr_carea' id='block_1_90' title="bbox 2172 3749 3771 3826">
    <p class='ocr_par' dir='ltr' id='par_1_90' title="bbox 2172 3749 3771 3826">
     <span class='ocr_line' id='line_1_90' title="bbox 2172 3749 3771 3826; baseline -0.003 -17"><span class='ocrx_word' id='word_1_640' title='bbox 2172 3754 2451 3826; x_wconf 87' lang='lat' dir='ltr'><strong>quioribus</strong></span> <span class='ocrx_word' id='word_1_641' title='bbox 2499 3753 2777 3809; x_wconf 90' lang='lat' dir='ltr'><strong>codicibus</strong></span> <span class='ocrx_word' id='word_1_642' title='bbox 2826 3761 2881 3809; x_wconf 89' lang='lat' dir='ltr'><strong>et</strong></span> <span class='ocrx_word' id='word_1_643' title='bbox 2932 3753 3170 3808; x_wconf 82' lang='lat' dir='ltr'><strong>archivis</strong></span> <span class='ocrx_word' id='word_1_644' title='bbox 3215 3751 3453 3823; x_wconf 85' lang='lat' dir='ltr'><strong>regionis</strong></span> <span class='ocrx_word' id='word_1_645' title='bbox 3512 3749 3771 3806; x_wconf 82' lang='lat' dir='ltr'><strong>suburbi-</strong></span> 
     </span>
    </p>
   </div>
   <div class='ocr_carea' id='block_1_91' title="bbox 2173 3845 3769 3919">
    <p class='ocr_par' dir='ltr' id='par_1_91' title="bbox 2173 3845 3769 3919">
     <span class='ocr_line' id='line_1_91' title="bbox 2173 3845 3769 3919; baseline -0.003 -16"><span class='ocrx_word' id='word_1_646' title='bbox 2173 3849 2371 3913; x_wconf 70' lang='lat' dir='ltr'><strong>carim,</strong></span> <span class='ocrx_word' id='word_1_647' title='bbox 2429 3856 2523 3905; x_wconf 90' lang='lat' dir='ltr'><strong>aut</strong></span> <span class='ocrx_word' id='word_1_648' title='bbox 2576 3848 2966 3919; x_wconf 82' lang='lat' dir='ltr'><strong>proximiorum</strong></span> <span class='ocrx_word' id='word_1_649' title='bbox 3020 3846 3152 3902; x_wconf 91' lang='lat' dir='ltr'><strong>Urbi</strong></span> <span class='ocrx_word' id='word_1_650' title='bbox 3200 3845 3592 3911; x_wconf 85' lang='lat' dir='ltr'><strong>ecclesiarum,</strong></span> <span class='ocrx_word' id='word_1_651' title='bbox 3640 3860 3769 3916; x_wconf 66' lang='lat' dir='ltr'><strong>qua</strong></span> 
     </span>
    </p>
   </div>
   <div class='ocr_carea' id='block_1_92' title="bbox 2173 3924 3766 4009">
    <p class='ocr_par' dir='ltr' id='par_1_92' title="bbox 2173 3924 3766 4009">
     <span class='ocr_line' id='line_1_92' title="bbox 2173 3924 3766 4009; baseline -0.003 -11"><span class='ocrx_word' id='word_1_652' title='bbox 2173 3942 2365 3998; x_wconf 90' lang='lat' dir='ltr'><strong>saltem</strong></span> <span class='ocrx_word' id='word_1_653' title='bbox 2402 3949 2587 3996; x_wconf 88' lang='lat' dir='ltr'><strong>essent</strong></span> <span class='ocrx_word' id='word_1_654' title='bbox 2613 3941 2756 3995; x_wconf 89' lang='lat' dir='ltr'><strong>intra</strong></span> <span class='ocrx_word' id='word_1_655' title='bbox 2802 3939 3008 3995; x_wconf 87' lang='lat' dir='ltr'><strong>Italiam</strong></span> <span class='ocrx_word' id='word_1_656' title='bbox 3040 3939 3357 4005; x_wconf 88' lang='lat' dir='ltr'><strong>constituta,</strong></span> <span class='ocrx_word' id='word_1_657' title='bbox 3385 3946 3440 3994; x_wconf 87' lang='lat' dir='ltr'><strong>et</strong></span> <span class='ocrx_word' id='word_1_658' title='bbox 3473 3924 3766 4009; x_wconf 78' lang='lat' dir='ltr'><strong>propterea</strong></span> 
     </span>
    </p>
   </div>
   <div class='ocr_carea' id='block_1_93' title="bbox 2173 4029 3765 4104">
    <p class='ocr_par' dir='ltr' id='par_1_93' title="bbox 2173 4029 3765 4104">
     <span class='ocr_line' id='line_1_93' title="bbox 2173 4029 3765 4104; baseline -0.003 -17"><span class='ocrx_word' id='word_1_659' title='bbox 2173 4033 2447 4104; x_wconf 89' lang='lat' dir='ltr'><strong>potuerint</strong></span> <span class='ocrx_word' id='word_1_660' title='bbox 2484 4034 2679 4102; x_wconf 81' lang='lat' dir='ltr'><strong>saepius</strong></span> <span class='ocrx_word' id='word_1_661' title='bbox 2715 4030 2951 4087; x_wconf 79' lang='lat' dir='ltr'><strong>conferri</strong></span> <span class='ocrx_word' id='word_1_662' title='bbox 2994 4045 3024 4085; x_wconf 90' lang='lat' dir='ltr'><strong>a</strong></span> <span class='ocrx_word' id='word_1_663' title='bbox 3067 4030 3360 4101; x_wconf 89' lang='lat' dir='ltr'><strong>majoribus</strong></span> <span class='ocrx_word' id='word_1_664' title='bbox 3405 4029 3608 4085; x_wconf 84' lang='lat' dir='ltr'><strong>nostris</strong></span> <span class='ocrx_word' id='word_1_665' title='bbox 3632 4042 3765 4084; x_wconf 86' lang='lat' dir='ltr'><strong>cum</strong></span> 
     </span>
    </p>
   </div>
   <div class='ocr_carea' id='block_1_94' title="bbox 2173 4120 3764 4200">
    <p class='ocr_par' dir='ltr' id='par_1_94' title="bbox 2173 4120 3764 4200">
     <span class='ocr_line' id='line_1_94' title="bbox 2173 4120 3764 4200; baseline -0.005 -19"><span class='ocrx_word' id='word_1_666' title='bbox 2173 4128 2417 4200; x_wconf 85' lang='lat' dir='ltr'><strong>protypis</strong></span> <span class='ocrx_word' id='word_1_667' title='bbox 2469 4126 2752 4191; x_wconf 86' lang='lat' dir='ltr'><strong>Romanis,</strong></span> <span class='ocrx_word' id='word_1_668' title='bbox 2815 4124 3107 4187; x_wconf 81' lang='lat' dir='ltr'><strong>Farfensis,</strong></span> <span class='ocrx_word' id='word_1_669' title='bbox 3159 4122 3419 4179; x_wconf 87' lang='lat' dir='ltr'><strong>Cavensis</strong></span> <span class='ocrx_word' id='word_1_670' title='bbox 3456 4130 3513 4178; x_wconf 90' lang='lat' dir='ltr'><strong>et</strong></span> <span class='ocrx_word' id='word_1_671' title='bbox 3557 4120 3764 4191; x_wconf 84' lang='lat' dir='ltr'><strong>Bergo-</strong></span> 
     </span>
    </p>
   </div>
   <div class='ocr_carea' id='block_1_95' title="bbox 2174 4209 3762 4287">
    <p class='ocr_par' dir='ltr' id='par_1_95' title="bbox 2174 4209 3762 4287">
     <span class='ocr_line' id='line_1_95' title="bbox 2174 4209 3762 4287; baseline -0.006 -16"><span class='ocrx_word' id='word_1_672' title='bbox 2174 4218 2378 4273; x_wconf 88' lang='lat' dir='ltr'><strong>mensis</strong></span> <span class='ocrx_word' id='word_1_673' title='bbox 2405 4216 2637 4287; x_wconf 80' lang='lat' dir='ltr'><strong>exempli</strong></span> <span class='ocrx_word' id='word_1_674' title='bbox 2682 4229 2936 4270; x_wconf 88' lang='lat' dir='ltr'><strong>numeros</strong></span> <span class='ocrx_word' id='word_1_675' title='bbox 2981 4213 3363 4284; x_wconf 78' lang='lat' dir='ltr'><strong>exprimendus</strong></span> <span class='ocrx_word' id='word_1_676' title='bbox 3404 4209 3595 4268; x_wconf 80' lang='lat' dir='ltr'><strong>curavi</strong></span> <span class='ocrx_word' id='word_1_677' title='bbox 3633 4224 3762 4278; x_wconf 79' lang='lat' dir='ltr'><strong>pro-</strong></span> 
     </span>
    </p>
   </div>
   <div class='ocr_carea' id='block_1_96' title="bbox 2175 4297 3765 4378">
    <p class='ocr_par' dir='ltr' id='par_1_96' title="bbox 2175 4297 3765 4378">
     <span class='ocr_line' id='line_1_96' title="bbox 2175 4297 3765 4378; baseline -0.006 -16"><span class='ocrx_word' id='word_1_678' title='bbox 2175 4307 2320 4363; x_wconf 78' lang='lat' dir='ltr'><strong>xime</strong></span> <span class='ocrx_word' id='word_1_679' title='bbox 2350 4321 2471 4377; x_wconf 63' lang='lat' dir='ltr'><strong>pom</strong></span> <span class='ocrx_word' id='word_1_680' title='bbox 2494 4305 2782 4378; x_wconf 82' lang='lat' dir='ltr'><strong>Catalogos</strong></span> <span class='ocrx_word' id='word_1_681' title='bbox 2807 4305 3030 4371; x_wconf 83' lang='lat' dir='ltr'><strong>Liberii,</strong></span> <span class='ocrx_word' id='word_1_682' title='bbox 3062 4304 3335 4365; x_wconf 76' lang='lat' dir='ltr'><strong>Leoniset</strong></span> <span class='ocrx_word' id='word_1_683' title='bbox 3361 4301 3557 4357; x_wconf 84' lang='lat' dir='ltr'><strong>Felicis</strong></span> <span class='ocrx_word' id='word_1_684' title='bbox 3581 4297 3765 4370; x_wconf 87' lang='lat' dir='ltr'><strong>quarti</strong></span> 
     </span>
    </p>
   </div>
   <div class='ocr_carea' id='block_1_97' title="bbox 2174 4392 3765 4469">
    <p class='ocr_par' dir='ltr' id='par_1_97' title="bbox 2174 4392 3765 4469">
     <span class='ocr_line' id='line_1_97' title="bbox 2174 4392 3765 4469; baseline -0.006 -13"><span class='ocrx_word' id='word_1_685' title='bbox 2174 4400 2374 4456; x_wconf 70' lang='lat' dir='ltr'><strong>sreculo</strong></span> <span class='ocrx_word' id='word_1_686' title='bbox 2411 4409 2666 4455; x_wconf 79' lang='lat' dir='ltr'><strong>exaratos</strong></span> <span class='ocrx_word' id='word_1_687' title='bbox 2712 4400 2766 4455; x_wconf 93' lang='lat' dir='ltr'><strong>in</strong></span> <span class='ocrx_word' id='word_1_688' title='bbox 2813 4399 3053 4469; x_wconf 87' lang='lat' dir='ltr'><strong>antiquis</strong></span> <span class='ocrx_word' id='word_1_689' title='bbox 3080 4394 3429 4453; x_wconf 79' lang='lat' dir='ltr'><strong>membranis.</strong></span> <span class='ocrx_word' id='word_1_690' title='bbox 3461 4401 3558 4448; x_wconf 75' lang='lat' dir='ltr'><strong>aut</strong></span> <span class='ocrx_word' id='word_1_691' title='bbox 3586 4392 3765 4461; x_wconf 86' lang='lat' dir='ltr'><strong>pictos</strong></span> 
     </span>
    </p>
   </div>
   <div class='ocr_carea' id='block_1_98' title="bbox 2174 4481 3761 4562">
    <p class='ocr_par' dir='ltr' id='par_1_98' title="bbox 2174 4481 3761 4562">
     <span class='ocr_line' id='line_1_98' title="bbox 2174 4481 3761 4562; baseline -0.009 -15"><span class='ocrx_word' id='word_1_692' title='bbox 2174 4492 2229 4547; x_wconf 93' lang='lat' dir='ltr'><strong>in</strong></span> <span class='ocrx_word' id='word_1_693' title='bbox 2296 4491 2594 4562; x_wconf 89' lang='lat' dir='ltr'><strong>parietibus</strong></span> <span class='ocrx_word' id='word_1_694' title='bbox 2654 4489 3096 4562; x_wconf 79' lang='lat' dir='ltr'><strong>patrianchalium</strong></span> <span class='ocrx_word' id='word_1_695' title='bbox 3161 4484 3321 4541; x_wconf 86' lang='lat' dir='ltr'><strong>Urbis</strong></span> <span class='ocrx_word' id='word_1_696' title='bbox 3380 4481 3761 4539; x_wconf 83' lang='lat' dir='ltr'><strong>ecclesiarum.</strong></span> 
     </span>
    </p>
   </div>
   <div class='ocr_carea' id='block_1_99' title="bbox 2098 4554 3766 4651">
    <p class='ocr_par' dir='ltr' id='par_1_99' title="bbox 2098 4554 3766 4651">
     <span class='ocr_line' id='line_1_99' title="bbox 2098 4554 3766 4651; baseline -0.008 -13"><span class='ocrx_word' id='word_1_697' title='bbox 2098 4554 2435 4651; x_wconf 77' lang='lat' dir='ltr'><strong>DQuartum</strong></span> <span class='ocrx_word' id='word_1_698' title='bbox 2485 4554 2671 4647; x_wconf 43' lang='lat' dir='ltr'><strong>addo;</strong></span> <span class='ocrx_word' id='word_1_699' title='bbox 2698 4596 2858 4651; x_wconf 91' lang='lat' dir='ltr'><strong>quem</strong></span> <span class='ocrx_word' id='word_1_700' title='bbox 2914 4578 3123 4651; x_wconf 80' lang='lat' dir='ltr'><strong>appello</strong></span> <span class='ocrx_word' id='word_1_701' title='bbox 3179 4576 3519 4640; x_wconf 87' lang='lat' dir='ltr'><strong>Lucensetn,</strong></span> <span class='ocrx_word' id='word_1_702' title='bbox 3577 4580 3766 4641; x_wconf 81' lang='lat' dir='ltr'><strong>utpote</strong></span> 
     </span>
    </p>
   </div>
   <div class='ocr_carea' id='block_1_100' title="bbox 2169 4659 3762 4746">
    <p class='ocr_par' dir='ltr' id='par_1_100' title="bbox 2169 4659 3762 4746">
     <span class='ocr_line' id='line_1_100' title="bbox 2169 4659 3762 4746; baseline -0.009 -18"><span class='ocrx_word' id='word_1_703' title='bbox 2169 4687 2440 4728; x_wconf 77' lang='lat' dir='ltr'><strong>annexum</strong></span> <span class='ocrx_word' id='word_1_704' title='bbox 2475 4670 2779 4726; x_wconf 88' lang='lat' dir='ltr'><strong>collectioni</strong></span> <span class='ocrx_word' id='word_1_705' title='bbox 2800 4669 3101 4735; x_wconf 87' lang='lat' dir='ltr'><strong>Canonum,</strong></span> <span class='ocrx_word' id='word_1_706' title='bbox 3129 4667 3245 4723; x_wconf 82' lang='lat' dir='ltr'><strong>sive</strong></span> <span class='ocrx_word' id='word_1_707' title='bbox 3264 4666 3496 4722; x_wconf 82' lang='lat' dir='ltr'><strong>Decreto</strong></span> <span class='ocrx_word' id='word_1_708' title='bbox 3516 4659 3762 4746; x_wconf 52' lang='lat' dir='ltr'><strong>Anseltni</strong></span> 
     </span>
    </p>
   </div>
   <div class='ocr_carea' id='block_1_101' title="bbox 2168 4764 2721 4836">
    <p class='ocr_par' dir='ltr' id='par_1_101' title="bbox 2168 4764 2721 4836">
     <span class='ocr_line' id='line_1_101' title="bbox 2168 4764 2721 4836; baseline -0.002 -16"><span class='ocrx_word' id='word_1_709' title='bbox 2168 4765 2405 4836; x_wconf 84' lang='lat' dir='ltr'><strong>episcopi</strong></span> <span class='ocrx_word' id='word_1_710' title='bbox 2438 4764 2721 4820; x_wconf 90' lang='lat' dir='ltr'><strong>Lucensis.</strong></span> 
     </span>
    </p>
   </div>
   <div class='ocr_carea' id='block_1_102' title="bbox 2240 4849 3764 4921">
    <p class='ocr_par' dir='ltr' id='par_1_102' title="bbox 2240 4849 3764 4921">
     <span class='ocr_line' id='line_1_102' title="bbox 2240 4849 3764 4921; baseline -0.005 -10"><span class='ocrx_word' id='word_1_711' title='bbox 2240 4857 2293 4911; x_wconf 84' lang='lat'><strong>5.</strong></span> <span class='ocrx_word' id='word_1_712' title='bbox 2338 4856 2416 4912; x_wconf 89' lang='lat' dir='ltr'><strong>Ne</strong></span> <span class='ocrx_word' id='word_1_713' title='bbox 2466 4867 2645 4911; x_wconf 89' lang='lat' dir='ltr'><strong>tamen</strong></span> <span class='ocrx_word' id='word_1_714' title='bbox 2698 4856 3074 4911; x_wconf 88' lang='lat' dir='ltr'><strong>omitteremus</strong></span> <span class='ocrx_word' id='word_1_715' title='bbox 3127 4866 3455 4909; x_wconf 85' lang='lat' dir='ltr'><strong>consensum</strong></span> <span class='ocrx_word' id='word_1_716' title='bbox 3498 4849 3764 4921; x_wconf 81' lang='lat' dir='ltr'><strong>indagare</strong></span> 
     </span>
    </p>
   </div>
   <div class='ocr_carea' id='block_1_103' title="bbox 2171 4942 3765 5018">
    <p class='ocr_par' dir='ltr' id='par_1_103' title="bbox 2171 4942 3765 5018">
     <span class='ocr_line' id='line_1_103' title="bbox 2171 4942 3765 5018; baseline -0.006 -15"><span class='ocrx_word' id='word_1_717' title='bbox 2171 4958 2482 5003; x_wconf 76' lang='lat' dir='ltr'><strong>exterorum</strong></span> <span class='ocrx_word' id='word_1_718' title='bbox 2521 4963 2736 5018; x_wconf 87' lang='lat' dir='ltr'><strong>quoque</strong></span> <span class='ocrx_word' id='word_1_719' title='bbox 2765 4946 3167 5018; x_wconf 86' lang='lat' dir='ltr'><strong>Catalogorum,</strong></span> <span class='ocrx_word' id='word_1_720' title='bbox 3213 4949 3259 5000; x_wconf 89' lang='lat' dir='ltr'><strong>si</strong></span> <span class='ocrx_word' id='word_1_721' title='bbox 3289 4943 3384 5014; x_wconf 91' lang='lat' dir='ltr'><strong>qui</strong></span> <span class='ocrx_word' id='word_1_722' title='bbox 3425 4942 3765 4997; x_wconf 88' lang='lat' dir='ltr'><strong>haberentur</strong></span> 
     </span>
    </p>
   </div>
   <div class='ocr_carea' id='block_1_104' title="bbox 2171 5034 3762 5106">
    <p class='ocr_par' dir='ltr' id='par_1_104' title="bbox 2171 5034 3762 5106">
     <span class='ocr_line' id='line_1_104' title="bbox 2171 5034 3762 5106; baseline -0.006 -13"><span class='ocrx_word' id='word_1_723' title='bbox 2171 5040 2589 5103; x_wconf 79' lang='lat' dir='ltr'><strong>emcndatiores,</strong></span> <span class='ocrx_word' id='word_1_724' title='bbox 2633 5038 2808 5093; x_wconf 87' lang='lat' dir='ltr'><strong>visum</strong></span> <span class='ocrx_word' id='word_1_725' title='bbox 2863 5046 2947 5092; x_wconf 90' lang='lat' dir='ltr'><strong>est</strong></span> <span class='ocrx_word' id='word_1_726' title='bbox 2992 5044 3113 5106; x_wconf 88' lang='lat' dir='ltr'><strong>post</strong></span> <span class='ocrx_word' id='word_1_727' title='bbox 3160 5034 3375 5091; x_wconf 87' lang='lat' dir='ltr'><strong>ltalieos</strong></span> <span class='ocrx_word' id='word_1_728' title='bbox 3424 5040 3762 5088; x_wconf 84' lang='lat' dir='ltr'><strong>memoratos</strong></span> 
     </span>
    </p>
   </div>
   <div class='ocr_carea' id='block_1_105' title="bbox 2169 5120 3757 5200">
    <p class='ocr_par' dir='ltr' id='par_1_105' title="bbox 2169 5120 3757 5200">
     <span class='ocr_line' id='line_1_105' title="bbox 2169 5120 3757 5200; baseline -0.008 -16"><span class='ocrx_word' id='word_1_729' title='bbox 2169 5130 2314 5184; x_wconf 87' lang='lat' dir='ltr'><strong>illius</strong></span> <span class='ocrx_word' id='word_1_730' title='bbox 2365 5130 2528 5184; x_wconf 88' lang='lat' dir='ltr'><strong>etiam</strong></span> <span class='ocrx_word' id='word_1_731' title='bbox 2580 5138 2759 5200; x_wconf 87' lang='lat' dir='ltr'><strong>typum</strong></span> <span class='ocrx_word' id='word_1_732' title='bbox 2814 5127 3168 5191; x_wconf 87' lang='lat' dir='ltr'><strong>subnectere,</strong></span> <span class='ocrx_word' id='word_1_733' title='bbox 3213 5136 3372 5194; x_wconf 88' lang='lat' dir='ltr'><strong>quem</strong></span> <span class='ocrx_word' id='word_1_734' title='bbox 3424 5120 3596 5176; x_wconf 88' lang='lat' dir='ltr'><strong>edidit</strong></span> <span class='ocrx_word' id='word_1_735' title='bbox 3640 5134 3757 5174; x_wconf 78' lang='lat' dir='ltr'><strong>rev.</strong></span> 
     </span>
    </p>
   </div>
   <div class='ocr_carea' id='block_1_106' title="bbox 2168 5210 3757 5289">
    <p class='ocr_par' dir='ltr' id='par_1_106' title="bbox 2168 5210 3757 5289">
     <span class='ocr_line' id='line_1_106' title="bbox 2168 5210 3757 5289; baseline -0.008 -13"><span class='ocrx_word' id='word_1_736' title='bbox 2168 5221 2229 5276; x_wconf 93' lang='lat' dir='ltr'><strong>P.</strong></span> <span class='ocrx_word' id='word_1_737' title='bbox 2260 5220 2447 5275; x_wconf 88' lang='lat' dir='ltr'><strong>Daniel</strong></span> <span class='ocrx_word' id='word_1_738' title='bbox 2487 5218 2888 5289; x_wconf 88' lang='lat' dir='ltr'><strong>Papebrochius</strong></span> <span class='ocrx_word' id='word_1_739' title='bbox 2935 5217 2991 5271; x_wconf 90' lang='lat' dir='ltr'><strong>iu</strong></span> <span class='ocrx_word' id='word_1_740' title='bbox 3020 5230 3119 5272; x_wconf 88' lang='lat' dir='ltr'><strong>suo</strong></span> <span class='ocrx_word' id='word_1_741' title='bbox 3164 5213 3371 5271; x_wconf 89' lang='lat' dir='ltr'><strong>Conatu</strong></span> <span class='ocrx_word' id='word_1_742' title='bbox 3406 5210 3757 5267; x_wconf 85' lang='lat' dir='ltr'><strong>chronhisto-</strong></span> 
     </span>
    </p>
   </div>
   <div class='ocr_carea' id='block_1_107' title="bbox 2169 5298 3757 5393">
    <p class='ocr_par' dir='ltr' id='par_1_107' title="bbox 2169 5298 3757 5393">
     <span class='ocr_line' id='line_1_107' title="bbox 2169 5298 3757 5393; baseline -0.011 -23"><span class='ocrx_word' id='word_1_743' title='bbox 2169 5316 2283 5393; x_wconf 79' lang='lat' dir='ltr'><strong>rico</strong></span> <span class='ocrx_word' id='word_1_744' title='bbox 2320 5314 2387 5369; x_wconf 89' lang='lat' dir='ltr'><strong>ad</strong></span> <span class='ocrx_word' id='word_1_745' title='bbox 2419 5312 2704 5382; x_wconf 83' lang='lat' dir='ltr'><strong>Catalogos</strong></span> <span class='ocrx_word' id='word_1_746' title='bbox 2742 5310 3058 5382; x_wconf 88' lang='lat' dir='ltr'><strong>pontiﬁcum</strong></span> <span class='ocrx_word' id='word_1_747' title='bbox 3093 5309 3497 5370; x_wconf 87' lang='lat' dir='ltr'><strong>Romanorum,</strong></span> <span class='ocrx_word' id='word_1_748' title='bbox 3532 5318 3659 5373; x_wconf 77' lang='lat' dir='ltr'><strong>pag.</strong></span> <span class='ocrx_word' id='word_1_749' title='bbox 3689 5298 3757 5354; x_wconf 80' lang='lat'><strong>75</strong></span> 
     </span>
    </p>
   </div>
   <div class='ocr_carea' id='block_1_108' title="bbox 2172 5404 2948 5477">
    <p class='ocr_par' dir='ltr' id='par_1_108' title="bbox 2172 5404 2948 5477">
     <span class='ocr_line' id='line_1_108' title="bbox 2172 5404 2948 5477; baseline -0.008 -14"><span class='ocrx_word' id='word_1_750' title='bbox 2172 5407 2477 5477; x_wconf 88' lang='lat' dir='ltr'><strong>bujusmodi</strong></span> <span class='ocrx_word' id='word_1_751' title='bbox 2509 5405 2697 5461; x_wconf 88' lang='lat' dir='ltr'><strong>notitia</strong></span> <span class='ocrx_word' id='word_1_752' title='bbox 2727 5404 2948 5474; x_wconf 70' lang='lat' dir='ltr'><strong>praeﬁxa</strong></span> 
     </span>
    </p>
   </div>
   <div class='ocr_carea' id='block_1_109' title="bbox 2246 5489 3757 5569">
    <p class='ocr_par' dir='ltr' id='par_1_109' title="bbox 2246 5489 3757 5569">
     <span class='ocr_line' id='line_1_109' title="bbox 2246 5489 3757 5569; baseline -0.007 -17"><span class='ocrx_word' id='word_1_753' title='bbox 2246 5519 2266 5552; x_wconf 79' lang='grc' dir='ltr'>ι</span> <span class='ocrx_word' id='word_1_754' title='bbox 2306 5498 2385 5554; x_wconf 80' lang='lat' dir='ltr'><strong>Ne</strong></span> <span class='ocrx_word' id='word_1_755' title='bbox 2423 5498 2553 5569; x_wconf 88' lang='lat' dir='ltr'><strong>quid</strong></span> <span class='ocrx_word' id='word_1_756' title='bbox 2582 5511 2746 5568; x_wconf 89' lang='lat' dir='ltr'><strong>porro</strong></span> <span class='ocrx_word' id='word_1_757' title='bbox 2772 5495 3091 5552; x_wconf 85' lang='lat' dir='ltr'><strong>subtraham</strong></span> <span class='ocrx_word' id='word_1_758' title='bbox 3136 5489 3521 5564; x_wconf 85' lang='lat' dir='ltr'><strong>suppellectilis</strong></span> <span class='ocrx_word' id='word_1_759' title='bbox 3554 5497 3757 5545; x_wconf 62' lang='lat' dir='ltr'><strong>nostra</strong></span> 
     </span>
    </p>
   </div>
   <div class='ocr_carea' id='block_1_110' title="bbox 2170 5580 3752 5663">
    <p class='ocr_par' dir='ltr' id='par_1_110' title="bbox 2170 5580 3752 5663">
     <span class='ocr_line' id='line_1_110' title="bbox 2170 5580 3752 5663; baseline -0.008 -16"><span class='ocrx_word' id='word_1_760' title='bbox 2170 5590 2531 5663; x_wconf 80' lang='lat' dir='ltr'><strong>antiquiarite,</strong></span> <span class='ocrx_word' id='word_1_761' title='bbox 2562 5589 2708 5644; x_wconf 91' lang='lat' dir='ltr'><strong>unde</strong></span> <span class='ocrx_word' id='word_1_762' title='bbox 2738 5587 2994 5643; x_wconf 87' lang='lat' dir='ltr'><strong>illustrari</strong></span> <span class='ocrx_word' id='word_1_763' title='bbox 3022 5584 3337 5656; x_wconf 88' lang='lat' dir='ltr'><strong>pontiﬁcum</strong></span> <span class='ocrx_word' id='word_1_764' title='bbox 3370 5580 3604 5637; x_wconf 83' lang='lat' dir='ltr'><strong>historia</strong></span> <span class='ocrx_word' id='word_1_765' title='bbox 3618 5593 3752 5650; x_wconf 80' lang='lat' dir='ltr'><strong>pos—</strong></span> 
     </span>
    </p>
   </div>
   <div class='ocr_carea' id='block_1_111' title="bbox 2170 5679 3750 5751">
    <p class='ocr_par' dir='ltr' id='par_1_111' title="bbox 2170 5679 3750 5751">
     <span class='ocr_line' id='line_1_111' title="bbox 2170 5679 3750 5751; baseline -0.011 -9"><span class='ocrx_word' id='word_1_766' title='bbox 2170 5687 2274 5751; x_wconf 90' lang='lat' dir='ltr'><strong>sit,</strong></span> <span class='ocrx_word' id='word_1_767' title='bbox 2320 5683 2458 5739; x_wconf 85' lang='lat' dir='ltr'><strong>addo</strong></span> <span class='ocrx_word' id='word_1_768' title='bbox 2498 5681 2867 5737; x_wconf 84' lang='lat' dir='ltr'><strong>membranam</strong></span> <span class='ocrx_word' id='word_1_769' title='bbox 2896 5721 2910 5745; x_wconf 94' lang='lat'><strong>,</strong></span> <span class='ocrx_word' id='word_1_770' title='bbox 2961 5688 3086 5733; x_wconf 88' lang='lat' dir='ltr'><strong>ante</strong></span> <span class='ocrx_word' id='word_1_771' title='bbox 3136 5692 3346 5741; x_wconf 85' lang='lat' dir='ltr'><strong>annos,</strong></span> <span class='ocrx_word' id='word_1_772' title='bbox 3396 5684 3458 5729; x_wconf 89' lang='lat' dir='ltr'><strong>ttt</strong></span> <span class='ocrx_word' id='word_1_773' title='bbox 3507 5679 3750 5743; x_wconf 81' lang='lat' dir='ltr'><strong>apparet,</strong></span> 
     </span>
    </p>
   </div>
   <div class='ocr_carea' id='block_1_112' title="bbox 2170 5766 3753 5843">
    <p class='ocr_par' dir='ltr' id='par_1_112' title="bbox 2170 5766 3753 5843">
     <span class='ocr_line' id='line_1_112' title="bbox 2170 5766 3753 5843; baseline -0.011 -8"><span class='ocrx_word' id='word_1_774' title='bbox 2170 5785 2455 5835; x_wconf 82' lang='lat' dir='ltr'><strong>sexcentos</strong></span> <span class='ocrx_word' id='word_1_775' title='bbox 2485 5773 2811 5843; x_wconf 85' lang='lat' dir='ltr'><strong>descriptam</strong></span> <span class='ocrx_word' id='word_1_776' title='bbox 2851 5786 2917 5826; x_wconf 78' lang='lat' dir='ltr'><strong>ex</strong></span> <span class='ocrx_word' id='word_1_777' title='bbox 2948 5770 3051 5827; x_wconf 87' lang='lat' dir='ltr'><strong>alia</strong></span> <span class='ocrx_word' id='word_1_778' title='bbox 3083 5767 3395 5829; x_wconf 83' lang='lat' dir='ltr'><strong>vetustiori,</strong></span> <span class='ocrx_word' id='word_1_779' title='bbox 3426 5766 3593 5821; x_wconf 83' lang='lat' dir='ltr'><strong>ﬁnem</strong></span> <span class='ocrx_word' id='word_1_780' title='bbox 3630 5774 3753 5820; x_wconf 78' lang='lat' dir='ltr'><strong>cum</strong></span> 
     </span>
    </p>
   </div>
  </div>
