3976 6312
220 314 329 371 277

939 304 1306 364 BLANCHINI
1348 303 1661 361 DISSERT.
1706 304 1791 358 DE
1834 304 1993 358 ANT.
2030 304 2146 368 RR.
2193 305 2393 361 l’ONT.
2431 304 2769 361 CATALOG.
3260 346 3264 351 .
3388 298 3500 353 278'

224 423 428 495 Vigilio
467 435 604 493 papa
648 419 946 485 obtinente,
996 434 1085 472 unt
1116 418 1281 474 etiam
1331 418 1490 472 tinem
1540 416 1809 485 accipiunt
1837 420 1889 478 Λ
1914 416 2123 471 dicibus
2166 433 2263 486 per
2284 416 2573 472 Gruterum
2621 417 2674 471 in
2701 414 3002 478 Thesauro,
3035 423 3091 468 et
3122 411 3490 467 Mabillonium

222 533 428 573 sonitu
448 528 881 572 tros'roucoauu
904 513 1042 568 inter
1061 513 1319 569 Analecta
1347 512 1638 568 Mabillonii
1664 521 1809 567 torno

222 605 330 673 ΙΙΙ,
367 622 490 678 pag.
527 603 662 671 49.6,
706 604 971 675 descripta
1012 612 1067 659 et
1113 605 1328 659 inventa
1377 615 1498 675 post
1539 602 1810 659 collectio-

222 714 353 753 nem
377 696 670 769 quamdam
695 696 1041 753 decretalium
1057 714 1431 768 canonumque
1449 697 1587 752 ultra
1609 712 1808 752 annum

220 791 326 847 571
377 808 486 847 non
533 798 836 846 extensam.
882 790 989 846 Sed
1039 801 1094 846 ut
1147 791 1313 846 multa
1366 791 1582 847 nomina
1616 790 1810 845 vitiose

222 880 389 935 isthic
425 879 647 952 scripta,
681 879 760 936 sic
789 888 842 935 et
880 880 1089 936 numeri
1128 881 1282 935 valde
1308 881 1505 936 diversi
1544 880 1811 935 habentur

219 985 253 1024 a
285 976 488 1025 nostra;
516 969 845 1025 membranae
873 971 1127 1027 numeris.
1169 969 1279 1026 Nec
1316 971 1493 1026 minor
1524 969 1810 1025 diversitas

219 1060 466 1114 occurrit
516 1060 569 1113 in
615 1059 783 1115 altera
832 1058 1144 1115 Corheiensi
1199 1062 1546 1127 membrana,
1588 1077 1707 1131 qua:
1756 1061 1809 1114 in

218 1146 415 1202 eodem
455 1147 843 1203 Analectorum
886 1157 1030 1202 tomo
1062 1165 1187 1219 pag.
1216 1148 1323 1204 429
1367 1150 1554 1219 incipit
1599 1150 1677 1204 De
1704 1149 1810 1219 cpi—

218 1240 393 1308 scopis
425 1236 682 1293 Romana:
731 1237 1005 1305 Ecclesiw,
1042 1249 1099 1293 et
1144 1240 1480 1310 protrahitur
1525 1256 1695 1312 usque
1742 1241 1808 1296 ad

214 1328 485 1384 Joannem
517 1328 604 1396 Vl,
636 1329 688 1384 in
719 1345 785 1385 eo
821 1330 897 1385 sic
931 1330 1143 1395 ﬁniens,
1180 1341 1239 1387 ut
1263 1334 1381 1405 cjus
1403 1333 1811 1404 deccssorisque

214 1418 397 1489 Sergii
429 1420 448 1473 l
479 1435 652 1475 annos
678 1419 903 1488 diesque
931 1422 1178 1477 omiserit
1203 1422 1481 1479 adnotare.
1520 1445 1537 1477 ι

286 1509 461 1564 Porro
519 1510 801 1580 utriusque
851 1510 1194 1568 Corbeiensis
1245 1528 1409 1584 supra
1466 1516 1688 1570 memini
1745 1531 1808 1571 ac

211 1601 496 1670 specimen
532 1602 656 1657 dedi
705 1618 864 1672 supra
917 1604 1442 1685 ill.AdltolaliOllibtt-S
1481 1609 1550 1661 ad
1595 1607 1808 1662 Catulo-

208 1705 306 1758 gos
343 1689 654 1760 ponti/itum
678 1704 743 1745 ex
774 1706 1001 1748 numero
1026 1693 1058 1746 5
1098 1695 1166 1748 ad
1196 1694 1252 1760 9,
1297 1697 1384 1751 ubi
1414 1698 1578 1752 etiam
1623 1698 1807 1753 obser-

1913 507 1967 561 iu
1992 507 2284 573 Analectis,
2312 517 2442 566 tom.
2491 508 2579 572 ιν,
2635 524 2687 578 p.
2716 507 2845 572 485,
2897 505 3087 571 editis;
3121 513 3358 559 attexam
3392 519 3493 560 suo

1913 597 2032 652 loco
2057 598 2123 652 ad
2154 608 2329 659 notas.
2353 600 2683 669 singulorum
2718 596 3031 668 pontiﬁcmn
3066 594 3203 650 Vitis
3233 594 3490 664 colligen—

1912 687 2029 750 das,
2058 688 2262 757 aliquot
2288 689 2572 758 Catalogos
2619 704 2650 743 e
2692 685 3158 757 praestautioribus
3200 694 3357 740 extra
3384 683 3494 738 ita-

1911 777 2036 832 liam
2068 779 2225 849 (quos
2254 780 2395 835 inter
2448 778 2700 835 censendi
2757 785 2881 833 sunt
2927 770 2980 832 in
3029 776 3222 848 primis
3268 775 3303 830 ii
3357 787 3496 845 quos

1910 868 2165 938 produxit
2196 869 2391 940 Pagius
2436 869 2491 923 in
2535 869 2773 924 secunda
2797 868 3035 924 editione
3060 866 3275 923 Criticze
3322 865 3463 919 Baro

1910 958 2086 1014 nianze
2131 970 2276 1017 tumo
2325 962 2369 1026 Ι,
2418 961 2662 1032 plerique
2694 977 2765 1016 ex
2810 960 3136 1016 bibliotheca
3183 957 3492 1014 Colbertina

1910 1050 2221 1126 desumpti),
2267 1069 2497 1125 quorum
2530 1070 2828 1111 consensus
2870 1069 2992 1110 cum
3020 1053 3161 1109 serie
3183 1061 3239 1108 et
3265 1052 3496 1108 chronoo

1910 1140 2048 1213 logia
2101 1145 2341 1201 basilica:
2382 1145 2554 1200 sancti
2606 1143 2797 1210 Pauli,
2846 1144 3048 1200 Italicis
3093 1141 3492 1212 exemplaribus

1910 1232 2249 1298 conﬁrmata,
2284 1235 2355 1290 ita
2389 1238 2636 1305 proxime
2663 1237 2776 1290 haec
2813 1243 2997 1289 nostra
3020 1234 3345 1289 documenta
3383 1230 3492 1287 Ro-

1910 1337 2067 1377 mana
2091 1332 2145 1377 et
2167 1323 2350 1380 ltalica
2383 1326 2755 1397 consequitur,
2788 1335 2848 1380 ut
2869 1341 3063 1397 parum
3103 1326 3391 1381 admodum
3424 1323 3492 1379 ab

1909 1414 1993 1468 his
2024 1415 2260 1469 recedat.
2701 1429 2705 1433 '

1980 1507 2033 1563 6.
2107 1507 2336 1563 Eosdem
2397 1523 2611 1578 quoque
2679 1507 2965 1581 Catalogos
3038 1508 3492 1564 bibliothecarum

1907 1597 2317 1668 provincialium
2352 1598 2626 1654 advocabo
2675 1600 2728 1654 iu
2784 1598 3214 1670 supplementum
3267 1611 3492 1653 concor-

1908 1687 1991 1743 dis
2024 1688 2315 1742 testimonii
2347 1689 2488 1759 quod
2535 1689 2860 1745 eliciendum
2899 1691 3082 1745 curavi
3112 1704 3177 1745 ex
3201 1687 3354 1744 libris
3385 1686 3490 1742 Le-

210 1786 336 1831 vata
388 1777 490 1832 fuit
558 1778 922 1851 discrepantia
994 1782 1162 1837 ferme
1216 1785 1548 1842 incredibilis
1613 1778 2227 1844 ambo-Bctionariis,
2275 1788 2336 1833 ut
2392 1789 2586 1835 vocant
2645 1780 2952 1835 divinorum
3006 1779 3344 1844 ciliciorum.
3407 1791 3493 1833 πθ·

212 1882 335 1922 rum
402 1870 805 1941 chronol0giae,
873 1880 986 1928 tum
1044 1875 1183 1929 inter
1242 1892 1343 1945 se,
1413 1886 1549 1937 tum.
1582 1880 1802 1949 reliquis

207 1959 486 2033 Catalogis
540 1974 897 2035 comparataa;
951 1967 1026 2022 ita
1078 1976 1135 2023 ut
1190 1969 1243 2024 in
1296 1981 1501 2040 septem
1533 1973 1803 2044 prioribus

206 2052 562 2123 pontiﬁcibus
600 2071 629 2108 a
653 2066 841 2132 sancto
888 2058 1049 2113 Petro
1081 2064 1398 2126 numeratis,
1439 2064 1584 2118 nulla
1630 2080 1800 2132 anno-

207 2155 355 2207 rum,
386 2152 439 2197 et
471 2145 631 2201 unius
662 2154 871 2201 tantum
900 2164 966 2203 ex
1004 2149 1108 2205 illis
1135 2152 1402 2206 mensium
1431 2169 1643 2208 summa
1674 2130 1804 2210 con-

205 2232 418 2286 cordet.
438 2231 581 2289 Vcru
591 2251 639 2288 m
662 2252 785 2294 cum
809 2238 1140 2295 attenderem
1156 2241 1464 2310 pontiﬁcem
1484 2243 1801 2301 Auacletum

205 2320 263 2373 in
313 2332 549 2392 utroque
607 2323 864 2399 Catalogo
912 2327 1235 2385 Corbeiensi
1280 2331 1603 2399 desiderari,
1658 2335 1804 2390 visus

203 2426 328 2466 sum
374 2429 594 2470 causam
624 2420 838 2489 assequi
884 2428 978 2475 aut
1024 2422 1287 2492 suspicari
1364 2439 1522 2494 posse
1566 2442 1663 2481 cur
1694 2436 1802 2482 tam

205 2502 527 2574 frequenter
547 2508 691 2585 inter
717 2526 774 2566 se
795 2521 848 2567 et
879 2513 946 2568 ab
973 2513 1094 2569 aliis
1132 2514 1208 2569 illi
1257 2516 1597 2573 dissentiant.
1649 2519 1807 2576 Dele-

203 2603 329 2650 ctus
361 2598 508 2652 enim
540 2598 657 2668 ejus
684 2603 918 2659 nominis
949 2604 1089 2660 inter
1130 2607 1265 2663 alios
1291 2608 1573 2677 pontiﬁces
1602 2609 1802 2665 Roma-

203 2700 309 2742 nos
352 2689 665 2748 manifestat
705 2704 958 2749 neutrum
999 2710 1067 2751 ex
1112 2698 1178 2752 iis
1222 2698 1493 2772 Catalogis
1523 2700 1690 2757 fuisse
1735 2719 1801 2758 ex

204 2776 475 2835 Romanis
503 2780 851 2853 descriptum,
883 2793 938 2840 et
963 2803 991 2839 a
1017 2785 1165 2841 fonte
1206 2803 1272 2842 ac
1295 2797 1608 2862 prototypo,
1637 2806 1800 2861 quem

204 2872 267 2926 in
314 2874 554 2930 basilicis
587 2878 1047 2948 patriarchalibus
1082 2880 1242 2937 Urbis
1287 2884 1480 2937 suuuni
1515 2884 1800 2954 pontiﬁces

205 2968 627 3026 constituerunt.
688 2971 818 3039 Qua:
863 2989 951 3029 res
1006 2976 1291 3031 conﬁrmat
1361 2976 1574 3030 axioma
1637 2991 1797 3046 supra

203 3059 552 3115 enuntiatum
583 3062 758 3133 capite
781 3065 851 3130 2,
884 3080 1032 3119 num.
1062 3065 1084 3118 l
1113 3074 1166 3121 et
1204 3065 1262 3131 2,
1298 3081 1362 3120 ac
1400 3067 1560 3123 toties
1599 3068 1796 3138 repeti-

1906 1871 2075 1940 pertis
2112 1870 2166 1925 in
2221 1869 2440 1941 regione
2497 1870 2895 1938 s‘uburbicaria,
2952 1871 3041 1927 ubi
3095 1870 3494 1926 adhibebantur

1904 1960 2107 2032 passim
2152 1977 2182 2015 a
2232 1961 2405 2045 clero.
2434 1962 2785 2018 ecclesiarum
2821 1963 2888 2017 ad
2929 1977 3066 2034 quas
3121 1962 3488 2033 pertinebant.

1904 2051 1981 2109 De
2028 2052 2115 2109 his
2154 2053 2403 2108 notitiam
2438 2061 2697 2121 attexam,
2741 2062 2799 2109 ut
2843 2065 3100 2125 appareat
3134 2068 3256 2110 eam
3296 2068 3493 2110 recen-

1903 2146 2113 2202 sionem
2141 2157 2197 2202 et
2230 2147 2571 2205 collationem
2599 2147 2721 2217 jure
2757 2164 2855 2219 per
2882 2164 2968 2205 me
3017 2147 3239 2213 factam,
3262 2155 3319 2202 et
3342 2144 3491 2217 adje-

1904 2246 2046 2295 ctam
2078 2241 2320 2309 proxime
2354 2250 2477 2311 post
2523 2241 2867 2296 concordiam
2924 2239 3231 2295 ltalicornm
3271 2237 3493 2294 Catalo~

1904 2346 2091 2401 gorum
2115 2348 2237 2386 cum
2260 2333 2401 2387 serie
2417 2340 2469 2387 et
2491 2332 2841 2407 cbrouologia
2864 2331 3102 2387 basilicae
3124 2330 3295 2386 sancti
3317 2328 3491 2392 Pauli,

1902 2421 2008 2476 hoc
2063 2423 2332 2493 praecipuo
2392 2423 2617 2478 consilio
2678 2422 2921 2486 ductum,
2977 2431 3037 2477 ut
3081 2421 3493 2490 comprobarem

1905 2514 1979 2570 ita
2014 2524 2328 2570 constanter
2366 2515 2533 2571 fuisse
2594 2524 2836 2571 retentos
2882 2516 3103 2571 eosdem
3136 2529 3393 2571 numeros
3437 2523 3494 2569 et

1904 2604 2134 2674 publicis
2171 2605 2510 2661 documentis
2537 2606 2612 2661 ita
2636 2615 2785 2662 ratos
2817 2607 3032 2664 habitos
3051 2607 3215 2663 etiam
3243 2615 3365 2677 post
3392 2605 3490 2660 illa

1903 2696 2097 2752 smcula
2155 2697 2601 2768 chronologorum
2652 2698 3130 2768 prtestantiorum,
3196 2712 3227 2751 a
3294 2695 3493 2752 Stcculo

1902 2786 2113 2843 decimo
2160 2788 2227 2842 ad
2258 2790 2523 2843 decimum
2553 2791 2821 2859 quintum,
2878 2797 2938 2844 ut
2988 2791 3042 2843 in
3093 2790 3266 2845 sacris
3301 2786 3493 2845 ofﬁciis

1901 2878 2194 2933 recitandis
2231 2893 2326 2948 per
2375 2877 2509 2933 festa
2551 2895 2886 2934 summorum
2941 2879 3253 2949 pontiﬁcum
3307 2879 3362 2934 in
3400 2893 3487 2933 rc-

1901 2969 2059 3039 gione
2108 2968 2239 3025 Urbi
2300 2970 2548 3039 proxima
2599 2970 3008 3025 adhiberentur.
3059 2969 3304 3024 Aboram
3359 2984 3489 3025 vero

1902 3060 2235 3131 pontiﬁcum,
2296 3074 2527 3130 quorum
2595 3059 2733 3116 t‘esta
2776 3074 2884 3115 non
2936 3059 3373 3126 celebrabantur,
3421 3073 3490 3114 ex

207 3157 325 3203 tum
358 3151 411 3204 in
456 3151 555 3207 hac
585 3130 767 3209 nostra
818 3156 1219 3224 dissertatione,
1266 3172 1499 3228 nempe:
1534 3130 1799 3216 Studiosis
1825 3130 1871 3193 Ο
1903 3130 2053 3208 hisce
2092 3152 2244 3207 libris
2294 3151 2619 3208 documenta
2655 3151 3020 3223 οὺνοηοιοεὶω
3062 3159 3118 3207 el
3172 3150 3489 3208 00113110068

206 3256 353 3298 vera:
390 3244 751 3318 chronologia:
791 3263 852 3305 ac
876 3250 1033 3305 seriei
1063 3249 1430 3307 Romanorum
1456 3252 1794 3322 pontiﬁcum,

207 3344 266 3388 ut
293 3350 418 3389 eam
446 3346 823 3419 assequamur,
856 3340 1187 3396 consulcnda
1218 3358 1339 3398 esse
1366 3344 1596 3413 genuina
1621 3355 1675 3400 et
1701 3360 1797 3415 pu-

205 3424 348 3479 blica
376 3427 696 3483 documenta
728 3430 887 3500 hujus
915 3431 1187 3496 Ecclesiar,
1230 3431 1280 3486 iu
1330 3449 1436 3503 qua
1482 3432 1630 3489 Petri
1677 3450 1797 3490 suco

198 3533 455 3575 cessares
503 3535 610 3574 non
639 3522 795 3577 modo
824 3523 1103 3585 sederunt,
1131 3524 1225 3578 sed
1271 3523 1435 3578 etiam
1467 3524 1797 3596 apostolatus

197 3608 288 3675 sui
335 3624 401 3662 ac
445 3609 791 3667 decessorum
821 3612 1137 3668 memoriam
1192 3613 1515 3669 luculentam
1559 3615 1793 3686 posteris

201 3700 550 3772 reliquerunt

277 3793 362 3847 Ex
424 3794 543 3849 aliis
591 3804 771 3850 autem
828 3796 1138 3867 Catalogis,
1187 3814 1321 3869 quos
1369 3798 1652 3868 proferunt
1709 3798 1793 3853 bi-

200 3884 498 3939 bliotheca:
521 3894 575 3939 et
609 3886 828 3941 archiva
854 3896 1004 3941 extra
1046 3887 1274 3954 Italiam,
1304 3892 1474 3946 salius
1499 3891 1625 3944 duxi
1652 3891 1795 3945 hunc

199 3977 481 4046 insignem
539 3992 571 4032 a
634 3977 1006 4048 Papcbrochio
1072 3981 1267 4035 merito
1316 3983 1685 4036 existimatum
1740 3988 1795 4035 et

198 4065 463 4122 collatum
486 4082 608 4122 cum
653 4069 1035 4125 vetustioribus
1067 4070 1506 4135 Corbeiensibus,
1540 4070 1592 4123 iu
1624 4071 1787 4123 chr0-

203 4156 429 4226 nologia
458 4157 560 4213 sibi
584 4158 813 4214 invicem
837 4163 1273 4228 adversantibus,
1303 4162 1485 4227 edere,
1530 4158 1595 4214 lit
1624 4176 1790 4231 appa-

202 4256 610 4317 reatquantum
641 4249 730 4305 hic
774 4252 974 4305 recedit
1021 4251 1090 4306 ab
1118 4251 1332 4306 illorqu
1376 4250 1616 4304 nmueris
1644 4247 1792 4303 nulla

198 4337 477 4409 probabili
507 4338 828 4395 auctoritate
856 4339 1105 4405 ﬁrmatis,
1131 4341 1240 4396 imo
1285 4355 1344 4396 se
1391 4350 1577 4395 mutuo
1624 4355 1792 4409 oppu-

201 4431 522 4501 gnantibus,
542 4439 748 4485 tantum
772 4447 892 4486 eum
919 4431 1178 4487 accedere
1200 4431 1266 4485 ad
1292 4431 1636 4486 concordiam
1665 4445 1790 4485 cum

198 4524 513 4580 rationibus
561 4534 858 4595 temporum
908 4525 1238 4596 consignatis
1269 4525 1321 4577 iu
1368 4524 1585 4578 basilica
1617 4522 1789 4578 sancti

202 4616 387 4679 Pauli,
409 4623 465 4670 et
483 4614 535 4669 iu
554 4615 929 4670 vetustissimis
970 4624 1129 4684 atque
1157 4614 1287 4671 Urbi
1318 4614 1580 4684 proximis
1612 4630 1791 4669 exem-

201 4706 450 4778 plaribus
496 4705 572 4760 ita
620 4706 959 4777 perscriptis,
991 4708 1115 4761 dum
1140 4708 1309 4762 series
1357 4716 1413 4761 et
1442 4706 1788 4777 chronologia

200 4797 485 4852 coloribus
531 4811 787 4867 expressa
846 4806 1128 4868 supererat
1177 4800 1245 4853 ab
1293 4806 1452 4853 actate
1484 4798 1787 4865 Liberiana,

203 4887 503 4952 Leoniana,
550 4897 605 4942 et
626 4887 822 4944 Felicis
849 4899 904 4943 et
934 4890 1251 4956 llormisdae,
1275 4898 1330 4944 et
1354 4884 1598 4944 Formosi
1627 4889 1787 4942 etiam

202 4981 260 5037 in
283 4982 408 5037 aliis
440 4976 677 5039 basilicis
728 4984 1181 5053 patriarchalibus
1234 4984 1373 5037 intra
1421 4992 1476 5037 et
1511 4991 1663 5036 extra
1693 4981 1795 5037 Ur-

205 5076 356 5129 bem.
386 5073 746 5137 Attamen,ut
797 5082 1053 5145 appareat
1099 5089 1203 5129 non
1243 5072 1478 5127 defuisse
1527 5073 1691 5126 etiam
1738 5071 1790 5125 iu

208 5165 507 5237 provinciis
534 5174 688 5220 extra
709 5165 915 5220 Italiam
939 5167 1145 5235 aliquot
1170 5166 1453 5238 diligentes
1482 5182 1543 5221 ac
1567 5164 1796 5237 pruden-

221 5264 294 5310 tes
321 5262 627 5324 temporum
649 5255 988 5321 collectorcs,
1020 5255 1112 5325 qui
1140 5254 1435 5311 identidem
1468 5257 1793 5312 transcribe-

218 5355 358 5411 rent,
385 5344 695 5401 conferrent
741 5357 901 5414 atque
938 5348 1291 5404 emendarent
1335 5363 1461 5404 suos
1507 5347 1793 5418 Calalogos

218 5434 286 5486 ad
336 5435 495 5494 ﬁdem
550 5439 742 5494 borum
790 5440 1256 5508 documentorum,
1291 5442 1348 5497 in
1391 5442 1650 5497 Romanae
1698 5441 1795 5497 Ec-

214 5523 398 5580 clesia:
447 5528 684 5585 basilicis
729 5530 1016 5598 unicuique
1053 5533 1371 5600 patentium,
1419 5532 1584 5588 simili
1637 5548 1792 5600 cura,

212 5630 377 5683 quam
402 5619 644 5674 nonnulli
667 5635 729 5675 ex
760 5622 826 5676 iis
848 5621 1206 5676 adhibuerunt
1235 5623 1289 5677 in
1331 5625 1554 5680 vetustis
1604 5624 1795 5681 inseri-

209 5710 492 5771 utiouibus
525 5711 707 5770 Roma:
735 5715 1175 5783 transcribeudis,
1226 5720 1630 5787 comprobatam
1655 5738 1684 5774 a
1711 5736 1793 5775 co-

1900 3260 2024 3299 cum
2074 3244 2181 3314 peti
2226 3252 2517 3313 nequeant,
2546 3243 2940 3313 supplementa'
2960 3240 3326 3313 conquirenda
3364 3256 3487 3298 esse

1893 3336 2130 3407 judicavi
2160 3350 2227 3392 ex
2254 3334 2525 3406 Catalogis
2547 3335 2802 3391 indicatis
2824 3349 2919 3405 per
2934 3335 3122 3391 eadem
3151 3333 3344 3390 szecula
3368 3349 3491 3405 post

1898 3428 2168 3485 decimum
2211 3426 2450 3498 scriptis,
2488 3436 2581 3482 aut
2630 3426 2920 3500 descriptis
2961 3442 3027 3484 ex
3080 3427 3486 3499 probatioribus

1896 3529 1951 3577 et
1998 3520 2460 3575 emcndatioribus
2509 3520 2790 3589 exemplis.
2852 3520 3047 3575 Verum
3097 3520 3214 3576 hare
3262 3517 3482 3592 supple-

1900 3622 2082 3668 menta
2102 3613 2248 3667 notis
2276 3612 2330 3666 in
2357 3610 2504 3667 Vitas
2533 3626 2651 3669 csse
2677 3612 3003 3667 reservanda
3031 3611 3202 3668 satius
3232 3612 3380 3677 duxi,
3413 3627 3482 3668 ne

1896 3702 2203 3758 dissertatio
2244 3704 2296 3757 in
2328 3702 2525 3760 librum
2567 3711 2927 3769 excresceret,
2967 3702 3012 3757 si
3061 3709 3140 3757 tot
3178 3700 3479 3757 collationi-

1895 3795 1997 3849 bus
2021 3794 2359 3864 impleretur,
2414 3802 2506 3849 aut
2560 3793 2629 3848 ab
2662 3794 2910 3849 instituto
2958 3791 3183 3847 consilio
3209 3791 3488 3847 recederet

1896 3885 2212 3955 subjiciendi
2269 3886 2441 3941 oculis
2494 3887 2654 3942 unico
2707 3886 2897 3942 obtutu
2927 3900 3249 3941 consensum
3288 3898 3481 3939 eorum

1894 3978 2372 4043 monimentorum,
2399 3994 2519 4048 qua:
2552 3979 2871 4048 proximitas
2920 3974 3077 4031 Urbis
3118 3974 3493 4031 emendatiora

1893 4077 1953 4124 ut
1978 4078 2425 4126 conservarentur
2445 4070 2623 4126 etl'ccit
2637 4084 2734 4140 per
2752 4067 2958 4139 singula
2973 4068 3170 4123 saecula
3188 4083 3310 4123 acra:
3330 4067 3483 4123 Chri-

1894 4162 2103 4218 stianae.
2718 4186 2725 4189 τ
3335 4164 3340 4169 ’

1964 4252 2100 4308 Tres
2155 4267 2285 4309 vero
2358 4259 2485 4309 sunt
2541 4250 2757 4306 codices
2818 4248 3109 4306 lectionum
3170 4245 3478 4316 ejusmodi,

1892 4343 2077 4414 scripti
2104 4353 2232 4399 ante
2273 4359 2444 4400 annos
2493 4342 2917 4414 quadringentos
2970 4341 3023 4395 in
3070 4338 3399 4395 membranis
3428 4347 3485 4393 et

1896 4435 2121 4492 adhibiti
2168 4437 2220 4491 in
2273 4436 2498 4492 ecclesia
2531 4435 2660 4491 olim
2696 4433 3012 4497 cathedrali,
3061 4448 3202 4487 nunc
3233 4429 3487 4502 collegia-

1899 4536 1971 4589 ta,
1997 4526 2352 4592 Ocriculensi,
2371 4527 2422 4581 in
2448 4543 2551 4597 qua
2578 4542 2749 4596 nuper
2768 4541 2797 4580 a
2819 4542 2879 4581 se
2905 4533 3148 4597 repertos
3168 4523 3337 4579 fuisse
3356 4523 3485 4577 dum

1901 4619 2015 4674 hmc
2042 4617 2422 4688 prolegomena
2452 4617 2690 4682 ederem,
2736 4617 2863 4671 mihi
2913 4615 3181 4670 nuntiavit
3232 4613 3487 4668 laudatus

1897 4709 1957 4764 P.
1989 4710 2225 4769 lemures
2270 4711 2581 4782 Marangoui
2614 4710 2868 4766 Kalendis
2899 4708 3102 4775 Martii,
3146 4715 3203 4763 ct
3254 4705 3484 4762 subinde

1898 4818 1927 4855 a
1959 4819 2045 4857 me
2078 4811 2294 4874 rogatus
2323 4813 2379 4857 ut
2423 4802 2729 4873 exemplum
2771 4800 3087 4871 dignaretur
3117 4795 3480 4852 transcribere

1895 4890 2209 4957 lectionum,
2237 4892 2640 4963 chronologiam
2690 4889 3019 4960 pontiﬁciam
3064 4885 3476 4949 continentium,

1900 5000 1997 5056 pro
2046 5001 2253 5040 summa
2305 4985 2637 5040 immanitate
2690 4997 2787 5039 sua
2836 4972 2978 5035 illico
3005 4978 3165 5034 exiis
3196 4976 3482 5047 diligenter

1898 5073 2242 5148 desumptum
2265 5075 2564 5131 transmisit
2588 5075 2638 5127 iu
2661 5071 2888 5143 cpistola
2913 5068 3065 5138 cujus
3098 5066 3322 5122 latinam
3360 5082 3481 5122 ver-

1901 5167 2108 5233 sionem
2161 5166 2317 5230 dabo,
2377 5175 2433 5220 ut
2472 5171 2726 5235 appareat
2759 5178 2827 5217 ex
2861 5161 2948 5216 illa
2978 5162 3262 5216 character
3308 5160 3481 5214 anatis

1901 5257 2181 5327 scripturae
2209 5257 2453 5311 codicum
2484 5256 2552 5309 ab
2596 5269 2661 5309 eo
2691 5262 2940 5309 accurate
2982 5254 3318 5308 observatus.
3356 5249 3481 5305 Haec

1903 5347 2059 5419 igitur
2093 5348 2160 5401 ad
2186 5362 2271 5401 me
2301 5345 2615 5416 perscribit:

1978 5457 1996 5490 ι
2046 5437 2155 5492 Hac
2186 5437 2239 5491 in
2269 5436 2496 5492 ecclesia
2537 5435 2836 5507 collegiata,
2866 5436 2956 5492 ubi
2996 5434 3347 5492 concionibus
3387 5432 3481 5487 ha«

1902 5532 2095 5590 bendis
2140 5544 2238 5599 per
2287 5526 2752 5597 quadragesimam
2811 5527 3098 5593 incumbo,
3160 5525 3334 5595 reperi
3389 5537 3480 5576 va-

1903 5626 2011 5681 rios
2054 5622 2269 5679 codices
2321 5634 2539 5684 sacros,
2593 5619 2660 5673 ad
2706 5633 2860 5675 usum
2906 5618 3106 5673 veteris
3149 5611 3478 5672 cathedralis

1904 5718 2030 5773 olim
2086 5715 2366 5778 collectos,
2419 5713 2635 5783 gotbica
2691 5711 2994 5767 litterarum
3026 5709 3195 5765 forma
3245 5705 3479 5777 persc'i-
