3976 6312
520 351 621 409 9.79

517 474 640 535 pios

519 569 690 609 annos
732 555 951 610 circiter
997 555 1440 627 quadringentos,
1491 555 1665 626 quoad
1714 554 1925 624 assequi
1969 569 2093 624 pos-

519 665 666 712 sum,
718 657 1021 704 exaratum.
1064 650 1121 704 in
1178 649 1272 705 illo
1308 651 1491 705 statim
1526 649 1804 704 observavi
1834 646 2092 702 lectiones

516 751 827 797 sanctorum
849 741 1187 814 pontiﬁcum,
1209 757 1329 812 quae
1355 741 1620 812 insignita:
1642 749 1768 795 sunt
1788 754 1894 793 non
1919 739 2091 793 solum

519 833 675 888 annis
700 833 1010 888 earumdem
1036 833 1201 898 sedis,
1255 846 1438 887 verum
1483 830 1645 885 etiam
1676 828 2094 883 indicatiouibus

516 922 820 989 consulum,
852 923 944 993 qui
962 920 1179 979 eosdem
1209 937 1378 977 annos
1409 922 1710 992 signarunt.
1740 919 1948 976 Idcirco
1970 934 2093 974 cum

518 1013 885 1069 meminissem
930 1012 1238 1085 diligentize,
1279 997 1439 1083 quam
1470 1023 1596 1068 ante
1627 1012 1831 1082 aliquot
1883 1028 2096 1068 menses

518 1101 811 1158 adhibuisti
869 1103 921 1157 in
962 1102 1180 1159 basilica
1212 1104 1384 1159 sancti
1430 1103 1604 1169 Pauli,
1651 1119 1759 1175 quo
1808 1112 1981 1160 tecum
2014 1105 2096 1159 bis

516 1192 818 1248 concedere
844 1193 973 1247 mihi
1003 1192 1228 1263 contigit
1258 1193 1577 1248 observandi
1626 1209 1809 1258 causa,
1858 1192 2094 1262 iudicavi

520 1281 660 1337 hanc
741 1282 987 1359 notitiam
1054 1282 1283 1340 fortasse
1345 1282 1679 1355 profuturam
1752 1282 1893 1336 notis
1960 1298 2097 1352 quas

520 1372 755 1428 adornas
804 1374 855 1427 in
933 1372 1299 1429 Anastasium.
1354 1374 1533 1440 Quare
1588 1388 1617 1426 a
1675 1386 1762 1427 me
1813 1372 2098 1444 diligenter

510 1466 814 1543 descriptas
859 1468 1063 1536 accipe,
1112 1467 1409 1537 prmscrtim
1440 1468 1491 1520 in
1528 1466 1723 1522 litteris
1748 1480 2094 1521 numerorum

516 1556 809 1623 indicibus,
837 1565 892 1611 ct
918 1557 969 1611 in
999 1558 1309 1613 numinibus
1354 1557 1654 1623 consulum,
1706 1557 1920 1613 etiamsi
1967 1558 2095 1612 cha-

516 1654 753 1703 racteres
793 1648 1036 1703 codicum
1062 1647 1204 1703 unde
1235 1662 1329 1703 eas
1356 1648 1614 1719 descripsi
1666 1647 1774 1702 sint
1802 1647 2090 1702 admodum

513 1739 734 1801 vetusti,
787 1753 887 1793 nec
928 1739 1329 1809 distinguantur
1385 1737 1907 1809 interpunctionibus
1953 1751 2098 1792 com-

1229 353 1319 408 AD
1362 351 1807 409 ANASTASIUM
1844 350 2357 407 PROLEGOMENA
2396 351 2574 406 EDIT.
2612 350 3033 409 ROM.-VATIC.

708 482 720 516 ε
784 477 917 532 quos
975 465 1116 519 inter
1168 465 1537 530 Breviarium,
1592 476 1653 519 ut
1701 473 1924 528 vocant,
1970 472 2170 528 anteA

3661 348 3769 407 280

2272 463 2323 515 7.
2367 462 2461 517 llis
2504 472 2680 517 autem
2732 460 3007 520 codicibus
3055 444 3179 516 utor
3227 476 3291 517 eo
3338 458 3610 517 lubentius
3660 476 3770 532 quo

2195 553 2503 623 diligentius
2527 565 2746 609 exactos
2781 553 2945 609 fuisse
2967 553 3215 625 judicare
3250 567 3348 622 par
3373 560 3453 607 est
3482 551 3550 605 ad
3580 567 3767 607 exem-

2193 645 2362 715 plaria
2390 644 2644 699 Ecclesiae
2672 644 2925 699 Romana:
2948 661 2962 710 ;
3004 655 3114 698 tum
3142 646 3263 714 quia
3288 646 3501 701 codices
3522 645 3587 698 ad
3612 660 3769 699 usum

2192 735 2516 791 cathedralis
2568 736 2807 792 ecclesia:
2861 738 2912 791 in
2964 738 3184 809 regione
3237 738 3605 793 suburbicaria
3652 737 3773 791 sitae

2189 827 2301 899 iam
2344 837 2454 884 tum
2498 826 2739 892 formati,
2772 828 2912 899 apud
2951 828 3195 882 eamdem
3238 828 3576 898 collegiatam
3625 842 3773 882 nunc

2193 918 2354 972 etiam
2380 919 2785 983 custodiuntur;
2817 927 2926 973 tum
2949 920 3072 989 quia
3102 921 3362 974 secundus
3382 935 3447 974 ex
3475 919 3776 972 manuscri-

2194 1010 2302 1083 ptis
2346 1009 2646 1064 afﬁrmatur
2689 1010 2971 1080 dispositus
3020 1011 3305 1064 secundum
3335 1010 3598 1065 rubricam
3629 1007 3775 1063 Fra-

2195 1108 2334 1152 trum
2388 1099 2652 1154 Minorum
2703 1117 2841 1155 anno
2894 1100 3067 1167 1554,
3116 1101 3329 1173 vigente
3374 1102 3516 1157 illius
3566 1103 3777 1159 ordinis

2196 1192 2473 1259 instituto,
2522 1194 2606 1248 cui
2657 1193 2973 1263 seraphicus
3016 1194 3177 1249 Pater
3225 1204 3278 1249 et
3326 1196 3572 1250 conditor
3600 1195 3775 1267 legem

2197 1280 2411 1343 tulerat,
2441 1281 2602 1335 etiam
2642 1291 2968 1337 testamento
2999 1283 3267 1337 firmatam
3288 1325 3302 1350 ,
3347 1292 3407 1337 ut
3432 1282 3550 1352 ejus
3577 1272 3779 1355 regula:

2195 1371 2530 1440 professores
2566 1381 2925 1427 sacrosanctae
2969 1373 3225 1427 Romana:
3263 1374 3518 1429 Ecclesia:
3546 1390 3780 1429 consue-

2198 1462 2410 1517 tudines
2438 1477 2502 1516 ac
2531 1462 2663 1517 ritus
2691 1462 3100 1533 diligentissime
3129 1464 3481 1519 custodirent.

2266 1552 2318 1605 8.
2360 1550 2663 1607 Prazmissis
2695 1554 3006 1608 nottouihus
3046 1555 3307 1621 methodi,
3343 1554 3695 1625 expansionis
3727 1563 3781 1610 ct

2196 1643 2402 1697 ordinis
2457 1659 2486 1697 a
2534 1659 2617 1698 me
2668 1644 2913 1698 servandi
2968 1644 3018 1699 in
3069 1647 3416 1716 preponcndo
3482 1647 3781 1718 archetypo

2197 1732 2475 1803 Catalogo,
2504 1734 2644 1788 serie
2682 1743 2737 1788 et
2772 1733 3120 1805 chronologia
3148 1735 3463 1805 pontificum
3494 1735 3775 1791 Romano-

513 1840 743 1895 matum,
789 1839 881 1885 aut
909 1831 1103 1894 litteris
1133 1830 1469 1901 capitalibus,
1520 1846 1611 1887 seu
1662 1828 1996 1901 maiusculis,
2038 1837 2096 1882 ut
2128 1825 2170 1884 Β
2198 1840 2317 1879 rum
2362 1841 2427 1880 ex
2468 1825 2694 1899 picturis
2742 1825 3027 1881 Leonianis
3064 1825 3300 1882 basilica:
3334 1825 3393 1882 S.
3422 1825 3598 1893 Pauli,
3636 1827 3780 1882 etin

514 1933 730 1989 vocant,
763 1946 781 1976 ι
808 1934 914 1983 etc.

584 2016 643 2071 In
681 2016 788 2071 ﬁne
813 2015 1014 2073 codicis
1056 2018 1277 2072 secundi
1325 2017 1575 2073 observat
1614 2016 1877 2088 adiectam
1926 2016 2093 2071 fuisse

515 2116 793 2178 cpactam,
852 2108 1064 2164 litteras
1115 2109 1507 2173 Dominieales,
1552 2118 1607 2164 et
1654 2123 1908 2164 numeros
1959 2106 2095 2178 cycli

512 2201 711 2258 solaris
777 2216 872 2272 per
920 2217 1090 2257 annos
1137 2202 1324 2274 viginti
1379 2211 1520 2267 octo,
1582 2209 1969 2256 consecuturos
2027 2216 2095 2257 ex

516 2307 659 2348 anno
712 2291 846 2348 1507
902 2292 970 2348 ad
1038 2280 1506 2363 prmnuntiandam
1574 2292 1907 2347 Dominicam
1987 2290 2088 2347 Se-

513 2385 864 2456 ptuagesimaa
920 2384 1133 2454 aliaque
1198 2384 1332 2440 festa
1406 2384 1642 2439 mobilia.
1715 2383 1894 2460 Quare
1964 2398 2091 2459 pra:

515 2475 707 2530 denter
758 2474 936 2547 arguit
971 2476 1294 2544 scripturam
1347 2474 1550 2531 codicis
1576 2489 1696 2532 esse
1740 2472 2093 2528 vetustioreui

516 2582 657 2623 anno
686 2566 837 2622 1507.

592 2676 611 2708 ι
645 2656 703 2717 In
746 2656 879 2723 fine,
915 2659 1116 2728 inquit,
1162 2658 1321 2729 huius
1360 2657 1560 2713 codicis
1599 2656 1864 2726 (secundi)
1902 2656 2096 2713 adsunt

517 2746 692 2804 notati
725 2747 840 2802 dies
865 2764 891 2811 ,ς
925 2746 979 2801 in
1013 2761 1147 2815 quos
1192 2747 1470 2802 Dominica
1507 2746 1928 2816 Septuagesimae
1964 2745 2097 2800 inci-

517 2836 648 2894 dere
696 2835 928 2897 debebat
982 2852 1078 2905 per
1138 2844 1262 2892 octo
1325 2836 1515 2909 viginti
1573 2850 1779 2899 annos,
1844 2836 2091 2909 sequenti

519 2928 680 2983 modo
698 2941 713 2980 :

623 3040 694 3095 Μ.
736 3041 772 3094 1.
815 3056 925 3096 ccc.
968 3041 1309 3095 vii-—xvi
1351 3056 1402 3095 a.
1443 3057 1497 3097 ι.
1528 3048 1703 3096 stante
1735 3038 1995 3094 Januario

625 3110 697 3164 M.
738 3110 774 3164 Ι.
815 3126 927 3167 ccc.
965 3112 1199 3165 viii—
1226 3110 1368 3165 xxvii
1399 3127 1450 3181 g.
1476 3109 1513 3164 f'.
1540 3111 1615 3165 xi.
1642 3110 1877 3166 lntrante
1898 3109 1994 3165 Fc-

626 3181 844 3236 hruario
861 3221 876 3246 ,
906 3189 1012 3236 etc.

521 3295 612 3366 qui
639 3294 986 3350 characteres
1016 3310 1121 3351 non
1153 3305 1279 3350 sunt
1304 3294 1542 3367 eiusdem
1574 3309 1766 3350 manus
1794 3308 1899 3363 qua
1926 3293 2096 3349 codex

520 3384 625 3444 fuit
653 3396 927 3453 exaratus,
957 3403 1058 3444 nec
1086 3388 1273 3444 eodem
1306 3395 1609 3443 atramento
1646 3386 1884 3442 formati.
1920 3386 2097 3455 Quare

518 3481 663 3536 credi
712 3490 889 3552 potest
937 3481 1175 3538 codicem
1222 3480 1386 3537 fuisse
1431 3481 1687 3552 scriptum
1731 3489 1855 3535 ante
1895 3495 2092 3535 annum

517 3568 726 3623 1507.3

593 3658 669 3713 De
698 3660 841 3713 tertii
884 3659 1087 3715 codicis
1107 3668 1267 3716 {etate
1294 3658 1471 3715 nullus
1499 3667 1576 3713 est
1612 3657 1887 3714 dubitandi
1920 3659 2090 3725 locus,

520 3765 640 3808 cum
689 3751 1060 3809 observaverit
1112 3752 1192 3806 vir
1240 3751 1573 3809 clarissimus
1619 3761 1741 3821 post
1794 3749 1966 3806 ofﬁcia
2026 3752 2092 3807 de

521 3856 764 3915 tempore
788 3845 928 3899 hanc
957 3844 1057 3916 legi
1089 3844 1397 3914 periocbam
1425 3859 1439 3897 :

594 3952 613 3984 ι
660 3934 891 4006 Explicit
933 3933 1257 3991 breviarium
1306 3936 1599 3992 secundum
1644 3934 1912 3991 rubricam
1953 3935 2091 3990 Fra-

517 4036 658 4082 trum
685 4025 969 4093 Minornm,
1000 4028 1258 4099 scriptum
1281 4043 1440 4083 manu
1471 4028 1685 4100 propria
1710 4028 1880 4099 Dopni
1902 4028 2087 4083 Jacobi

511 4115 736 4172 Joannis
758 4118 824 4173 de
846 4117 1042 4173 Narnia
1068 4119 1168 4175 sub
1189 4135 1329 4175 anno
1353 4120 1557 4174 Domini
1586 4120 1732 4176 mille
1754 4135 1865 4176 ccc.
1891 4120 2009 4190 liiij.
2033 4120 2086 4175 7.

512 4224 693 4267 mense
721 4210 884 4266 Madii
907 4213 993 4267 die
1024 4213 1171 4266 xxix.
1200 4214 1309 4267 Deo
1337 4213 1558 4283 gratias.

1026 4322 1043 4351 ι
1078 4303 1272 4356 Amen.
1310 4302 1498 4357 Amen.
1541 4320 1559 4353 ι

581 4387 788 4444 Praeter
814 4390 914 4445 hos
942 4391 1155 4449 codices
1182 4392 1410 4462 scriptos
1437 4392 1740 4447 divinorum
1764 4391 2085 4457 officiorum,

510 4478 707 4535 ibidem
741 4482 942 4550 reperit
969 4489 1123 4536 vetus
1146 4480 1481 4537 Breviarium
1505 4522 1519 4547 ,
1550 4481 1782 4552 gotbicis
1809 4483 2088 4541 characte-

2196 1915 2440 1972 addenda
2468 1915 2609 1972 illius
2654 1918 3127 1987 comprobatione,
3175 1918 3342 1988 petita
3388 1933 3455 1973 ex
3502 1917 3780 1988 Catalogis

2194 2011 2618 2080 probatioribus,
2649 2013 2794 2067 intra
2824 2022 2878 2066 ct
2906 2021 3057 2068 extra
3103 2012 3313 2068 Italiam
3354 2013 3641 2070 custoditis
3663 2054 3679 2080 ,
3724 2023 3778 2072 et

2193 2117 2292 2172 per
2321 2103 2604 2158 duodecim
2636 2114 2925 2158 consecuta
2956 2104 3149 2158 saecula
3181 2104 3248 2159 ad
3277 2119 3377 2159 nos
3408 2103 3779 2169 transmissis;

2194 2207 2402 2247 necnon
2449 2193 2711 2261 producta
2759 2193 2947 2247 notitia
2988 2193 3233 2249 codicum
3278 2193 3474 2263 quibus
3510 2192 3780 2262 eiusmodi

2196 2284 2332 2338 ratio
2386 2292 2690 2354 temporum
2745 2285 3122 2341 commendata
3177 2284 3277 2339 ad'
3313 2300 3411 2340 nos
3464 2286 3781 2352 derivatur,

2196 2372 2366 2442 ipsam
2419 2374 2613 2429 seriem
2668 2374 2905 2430 basilica:
2958 2375 3264 2445 expandere
3305 2375 3416 2445 iam
3470 2375 3781 2446 aggrediar.

2195 2464 2500 2520 Attribuam
2545 2464 2832 2537 unicuique
2874 2466 3111 2536 pontifici
3151 2481 3311 2520 unam
3351 2481 3417 2520 ex
3444 2466 3655 2522 duabus
3686 2482 3785 2523 co-

2194 2556 2411 2619 lumnis,
2459 2557 2655 2628 quibus
2702 2557 2926 2629 singulae
2966 2558 3175 2630 pagina:
3211 2565 3480 2612 constant.
3516 2557 3572 2614 In
3619 2574 3781 2629 supe-

2196 2647 2324 2702 riori
2349 2647 2463 2716 eius
2488 2657 2642 2718 parte
2670 2649 2944 2704 collocabo
2979 2649 3325 2720 epigraphem
3370 2647 3512 2706 illius
3552 2648 3778 2718 pontiﬁ-

2197 2739 2276 2793 cis
2304 2753 2367 2793 ex
2396 2737 2622 2793 Paulina
2646 2739 2867 2811 basilica
2901 2741 2972 2794 ita
2999 2739 3324 2809 descriptam
3354 2739 3549 2795 litteris
3572 2741 3784 2810 capita-

2197 2830 2332 2886 libus
2382 2831 2636 2895 rotundis,
2693 2840 2787 2885 aut
2834 2830 3120 2896 inclinatis,
3152 2840 3212 2885 ut
3261 2831 3507 2902 capitales
3539 2832 3786 2886 rotunde

2200 2923 2440 2982 indicent
2461 2925 2807 2980 characteres
2835 2925 2887 2978 in
2919 2939 2980 2977 ea
3009 2923 3227 2979 basilica
3254 2923 3430 2978 adhuc
3455 2924 3787 2992 superstites

2199 3024 2254 3070 ct
2280 3014 2497 3090 quidem
2541 3016 2593 3069 in
2630 3015 2796 3070 veteri
2839 3024 3127 3089 prototypo
3164 3013 3468 3079 Lconiano;
3510 3012 3787 3066 inclinata:

2200 3121 2318 3159 vero
2364 3105 2632 3176 capitales,
2679 3119 2814 3181 quas
2854 3114 3051 3159 vocant
3081 3103 3407 3157 characteres
3442 3101 3644 3167 Italici,
3683 3101 3782 3155 de—

2125 3175 2168 3235 C
2202 3175 2506 3253 monstrent
2535 3175 2903 3267 supplementa
2944 3194 3083 3250 illius
3112 3193 3420 3265 epigrapbis
3448 3192 3785 3259 vetustioris,

2198 3289 2365 3358 petita
2426 3303 2493 3343 ex
2557 3288 2751 3343 litteris
2807 3287 3187 3359 superstitibus
3237 3286 3394 3341 seriei
3455 3285 3785 3340 recentioris

2196 3379 2395 3435 ibidem
2446 3380 2672 3449 depictze
2722 3380 2825 3434 sub
2863 3377 3081 3439 Nicolao
3112 3377 3294 3432 tertio.
3341 3375 3576 3431 Lacuna:
3621 3389 3781 3439 vero,

2196 3484 2423 3543 quarum
2470 3468 2840 3539 supplementa
2882 3482 2978 3543 per
3004 3475 3247 3522 neutram
3289 3481 3358 3522 ex
3402 3465 3509 3523 illis
3536 3464 3785 3521 seriehus

2196 3542 2415 3632 (Leonis
2439 3570 2495 3615 ct
2517 3560 2743 3631 Nicolai)
2769 3559 2955 3615 haberi
2984 3566 3228 3628 possunt,
3255 3557 3471 3627 quando
3492 3555 3785 3627 utrobique

2195 3653 2493 3708 exciderint
2520 3653 2885 3716 characteres,
2936 3649 3250 3723 accipienda
3280 3663 3402 3705 esse
3430 3647 3687 3703 duximus
3716 3660 3782 3704 ex

2194 3743 2463 3815 Catalogis
2514 3744 2749 3813 regionis
2778 3742 3162 3800 suburbicaria:
3189 3740 3372 3812 (liceat
3415 3740 3516 3794 hoc
3559 3737 3782 3792 nomine

2193 3845 2420 3906 quatuor
2460 3834 2577 3889 illos
2612 3832 2905 3904 appellare,
2958 3832 3048 3902 qui
3098 3830 3323 3903 integris
3368 3828 3422 3884 in
3470 3826 3785 3897 inscriptio-

2197 3927 2353 3982 nibus
2383 3943 2504 3982 cum
2543 3926 2769 3982 Paulina
2813 3926 2955 3980 serie
2986 3923 3285 3979 concordes
3327 3919 3528 3991 reperti
3564 3929 3697 3975 sunt
3728 3920 3784 3976 in

2194 4020 2462 4088 Farfensi,
2490 4019 2827 4090 Cavensique
2850 4018 3101 4083 ecclesia,
3141 4018 3195 4072 in
3220 4014 3454 4071 Lucensi
3480 4018 3537 4069 et
3566 4012 3621 4067 in
3648 4011 3784 4068 Ber-

2195 4114 2428 4186 gomate)
2468 4132 2481 4186 _:
2513 4128 2631 4183 qua:
2672 4112 3042 4183 supplementa
3085 4108 3412 4187 minusculis,
3444 4115 3506 4161 ut
3546 4113 3783 4171 vocant,

2197 4207 2580 4265 characteribus
2616 4205 2854 4261 rotundis
2899 4203 3187 4260 indicanda
3219 4216 3339 4256 esse
3378 4197 3638 4270 iudicavi,
3670 4209 3782 4269 quo

2196 4299 2432 4371 apertius
2481 4296 2877 4367 signiﬁcaretur
2938 4293 3144 4348 lacunae
3200 4290 3436 4362 spatium
3490 4287 3565 4345 ibi
3631 4299 3782 4341 nunc

2195 4405 2496 4461 superesse,
2533 4388 2624 4444 ubi
2658 4387 2783 4441 olim
2808 4386 3018 4442 litteras
3047 4384 3319 4441 exstitisse
3360 4380 3500 4437 idem
3537 4378 3779 4451 spatium
3823 4428 3840 4437 -

2194 4484 2451 4546 declarat,
2497 4490 2551 4536 et
2579 4480 2871 4534 auctoritas
2914 4477 3141 4534 aliorum
3173 4474 3583 4545 Catalogorum,
3606 4471 3663 4525 in
3694 4484 3781 4525 rb

510 4571 685 4636 ribus,
725 4579 784 4625 ut
818 4580 1029 4637 vocant,
1065 4572 1388 4641 impressum
1419 4572 1655 4627 Venetiis
1683 4571 1750 4625 ab
1777 4571 1990 4626 Audrea
2016 4573 2082 4627 de
2112 4559 2165 4620 Ι)
2192 4576 2352 4645 liquis
2380 4573 2748 4638 consentiens,
2794 4580 2851 4627 et
2878 4571 3005 4626 huic
3050 4569 3227 4641 spatio
3255 4566 3641 4624 convenientes
3688 4578 3780 4618 as-

511 4660 831 4717 Torresanis
859 4661 926 4716 de
955 4662 1114 4716 Asula
1142 4663 1230 4717 die
1273 4663 1345 4717 20
1371 4662 1513 4718 Junii
1548 4662 1708 4728 1494,
1742 4660 1985 4729 in-f'olio;
2026 4660 2080 4716 in

506 4769 610 4821 quo
637 4769 758 4810 cum
790 4755 1136 4827 assignentur
1174 4756 1286 4811 sedi
1334 4756 1643 4829 pontificum
1679 4756 1826 4821 anni,
1870 4768 2085 4810 menses

508 4857 573 4900 ac
593 4843 727 4909 dies,
753 4852 807 4899 et
831 4843 1146 4915 plerumque
1168 4852 1536 4901 memorentur
1562 4845 1723 4899 etiam
1749 4843 2076 4908 consulatus,

501 4950 611 4993 non
633 4935 998 5007 discrepantes
1043 4937 1112 4992 ab
1139 4937 1409 5008 expressis
1442 4937 1495 4992 in
1525 4937 1792 5008 Catalogis
1833 4935 2084 4991 Ecclesia:

506 5025 795 5091 Romana},
844 5026 1004 5096 hujus
1050 5027 1212 5082 etiam
1265 5027 1513 5098 impressi
1566 5026 1768 5083 codicis
1817 5024 2080 5078 rationem

504 5117 807 5177 habendam
830 5133 949 5173 esse
982 5119 1137 5184 duxi,
1183 5119 1405 5191 eiusque
1441 5118 1805 5174 testimonium
1841 5130 1961 5171 esse
1987 5130 2086 5170 an-

507 5207 830 5264 nectendum
889 5209 1336 5280 praecedentibus,
1382 5218 1442 5264 ut
1476 5209 1777 5267 luculenter
1828 5213 2080 5277 appareat

503 5296 776 5352 laudatam
818 5297 1217 5368 chronologiam
1250 5298 1415 5353 fuisse
1443 5306 1756 5354 constanter
1782 5294 2077 5350 adhibitam

503 5398 561 5448 et
602 5387 831 5459 publicis
872 5389 1233 5442 monumentis
1280 5388 1568 5453 insertam,
1616 5395 1671 5441 et
1710 5384 2081 5440 ecclesiastico

505 5486 911 5535 auctoramento
950 5477 1217 5533 firmatam
1264 5480 1409 5550 (nam
1451 5478 1571 5533 talis
1604 5475 1898 5530 auctoritas
1926 5474 2074 5530 codi-

509 5571 661 5627 cibus
692 5570 757 5625 ad
791 5585 905 5627 rem
939 5569 1171 5625 divinam
1219 5572 1530 5641 prescriptis
1562 5579 1617 5626 et
1650 5567 1927 5639 impressis
1968 5580 2077 5636 prae

504 5659 713 5717 caeteris
744 5660 1048 5729 adhibetur)
1075 5676 1138 5715 ex
1163 5669 1352 5731 quarto
1377 5660 1573 5716 Christi
1596 5659 1788 5716 saeculo
1816 5656 1879 5711 ad
1918 5656 2074 5709 finem

503 5750 695 5807 decimi
729 5751 922 5824 quinti.

2190 4668 2409 4739 signans
2430 4666 2638 4720 litteras
2667 4679 2786 4737 quae
2816 4663 3142 4718 inserantur.

2260 4758 2567 4830 Archetypo
2597 4754 2759 4825 igitur
2784 4753 3107 4808 documento
3138 4750 3296 4807 seriei
3331 4758 3386 4806 et
3408 4747 3777 4819 chronologia

2186 4848 2521 4919 pontificum,
2557 4862 2622 4900 ex
2670 4845 2967 4916 parietibus
3015 4843 3073 4898 S.
3116 4842 3265 4897 Pauli
3311 4843 3384 4897 ita
3428 4842 3774 4912 deprompta,

2186 4938 2430 5015 suppleto
2451 4945 2504 4991 et
2528 4936 2823 5007 recognito,
2852 4934 3114 4989 addentur
3142 4933 3243 4988 alia
3273 4933 3509 4987 subsidia
3539 4933 3776 5003 regionis

2188 5028 2599 5095 suburbicarim,
2622 5043 2812 5098 nempe
2834 5025 3180 5096 chronologia
3203 5026 3255 5080 in
3284 5025 3436 5080 libris
3463 5025 3773 5081 divinorum

2191 5118 2485 5179 ciliciorum
2512 5127 2619 5173 tam
2645 5118 2858 5188 scriptis
2882 5132 2946 5171 ex
2980 5115 3178 5172 saeculo
3206 5131 3327 5181 xui,
3357 5131 3519 5185 quam
3543 5116 3774 5188 impres-

2186 5211 2260 5266 sis
2287 5220 2411 5266 ante
2440 5210 2599 5265 ﬁnem
2633 5209 2824 5264 decimi
2852 5207 3045 5281 quinti,
3068 5221 3323 5277 expressa
3354 5221 3452 5274 per
3481 5221 3767 5262 numerum

2187 5314 2475 5363 annorum,
2504 5299 2769 5353 mensium
2798 5312 2861 5352 ac
2889 5297 3122 5361 dierum,
3156 5306 3209 5352 et
3231 5311 3330 5366 per
3357 5295 3610 5352 consules
3637 5315 3653 5353 :
3682 5291 3761 5347 ubi

2184 5404 2313 5443 vero
2367 5388 2663 5442 incidamus
2712 5388 2764 5441 in
2814 5387 3119 5457 pontiﬁcem
3168 5385 3319 5453 cuius
3351 5385 3625 5467 .lectiones
3669 5388 3760 5435 aut

2183 5478 2379 5534 festum
2405 5479 2471 5532 iis
2501 5479 2552 5532 in
2578 5478 2853 5533 codicibus
2881 5493 2987 5530 non
3016 5474 3337 5543 reperiatur,
3362 5475 3476 5529 sive
3506 5471 3633 5529 anni
3657 5485 3757 5525 non

2183 5569 2503 5634 rccitentur,
2564 5568 2996 5638 subrogabantur
3037 5564 3343 5618 testimonia
3399 5559 3762 5628 chronologia:

2185 5661 2407 5715 collecta
2450 5676 2511 5714 ex
2552 5661 2669 5714 aliis
2705 5657 2974 5728 Catalogis
3018 5656 3411 5727 antiquioribus
3447 5664 3499 5708 et
3527 5654 3757 5721 castiga-

2188 5754 2433 5819 tioribus,
2467 5752 2761 5824 przcscrtim
2793 5766 2856 5803 ex
2888 5748 2990 5803 illis
3018 5763 3151 5817 quos
3182 5747 3379 5817 Pagius
3409 5744 3663 5815 produxit
3690 5756 3759 5795 ex
