3976 6312
634 348 737 407 291

634 485 661 522 e
732 462 1007 521 Farfensrs
1607 466 1642 522 9
1889 467 1926 522 3

634 558 663 628 f
740 556 1001 613 Lucensis
1612 559 1646 614 9
1891 558 1926 614 3
2137 559 2212 614 20

911 646 1147 719 (ἳαιαιορἰ
1168 663 1233 704 ea:
1259 650 1521 704 codicibus
1544 661 1692 704 extra
1721 647 1933 704 Italiam

631 753 663 806 g
733 733 982 807 Belgicus
1014 736 1369 808 Papebrochli
1609 742 1643 794 9
1890 740 1926 794 5
2140 737 2212 792 2τ)

631 827 666 881 It
735 825 1081 884 Colbertinus
1104 828 1312 898 primus
1607 830 1642 884 9
1885 827 1920 882 6
2136 828 2195 882 21

629 918 653 972 ἱ
844 948 918 959 -
1115 919 1385 974 secundus
1615 920 1649 974 9
1891 919 1926 972 6
2139 917 2199 969 21

630 1010 662 1062 ι
882 1038 926 1050 --
1101 1010 1294 1064 tertius
1432 1025 1442 1033 '
1577 1010 1645 1064 19
1892 1010 1928 1064 5
2137 1010 2200 1063 21

630 1096 655 1151 l
861 1126 935 1138 —-
1106 1106 1331 1166 quartus
1608 1097 1642 1151 9
1888 1097 1924 1150 5
2172 1097 2207 1150 0

627 1203 682 1242 ﬁt
856 1217 928 1229 —
1104 1188 1324 1258 quintus
1609 1188 1643 1241 9
1891 1189 1924 1242 6
2135 1189 2197 1242 21

627 1293 666 1333 η
854 1308 928 1320 -
1102 1286 1288 1333 sextus
1613 1278 1646 1333 9
1890 1280 1925 1335 5

627 1384 667 1422 o
849 1396 922 1411 --
1094 1370 1356 1439 septimus
1601 1368 1636 1424 9
1881 1370 1919 1424 3

767 1458 1050 1514 Comatam
1078 1462 1229 1529 paria
1791 1459 1944 1513 zEra:
1973 1456 2191 1514 Christi.

614 1564 619 1569 ‘
693 1550 773 1605 Ex
806 1566 951 1606 coss.
979 1551 1200 1606 Rustico
1229 1560 1284 1607 et
1316 1551 1575 1621 Aquilino
2098 1547 2203 1602 162

626 1642 693 1698 ad
719 1658 859 1699 coss.
894 1644 1190 1713 Cethegum
1221 1654 1277 1698 et
1298 1644 1519 1699 Clarum
2098 1639 2202 1695 170

694 1752 728 1791 a
797 1733 968 1790 Catal.
1007 1734 1326 1791 Liberianus
1353 1737 1601 1791 lacunam
1640 1735 1876 1790 ostendit
1910 1733 2028 1789 loco
2052 1747 2194 1789 coss.

807 1826 1017 1884 Soteris

693 1921 725 1974 ιν
795 1920 1084 1991 Catalogns
1110 1914 1307 1976 Felicis
1326 1920 1396 1978 IV
1424 1922 1625 1977 indicat
1653 1937 1794 1977 coss.
1828 1921 2048 1989 suprad.

692 2027 727 2081 ρ
798 2010 977 2069 Oeric.
1006 2013 1211 2083 primus
1249 2029 1265 2069 :
1306 2014 1360 2068 in
1401 2016 1503 2070 hoc
1542 2014 1916 2070 desiderantur
1938 2006 2197 2069 lectiones

691 2118 725 2172 q
860 2131 933 2142 —
1002 2105 1273 2161 secundus
1394 2116 1419 2172 ι
1627 2113 1916 2161 numerant
1941 2104 2159 2160 eosdem

694 2213 726 2251 r
860 2228 932 2240 —
1005 2198 1199 2254 tertius
1392 2196 1414 2254 I
1656 2214 1783 2254 ann.
1814 2199 1867 2254 9.
1894 2213 1970 2252 m.
1990 2197 2118 2251 3.d.
2137 2196 2191 2252 ὅ.

692 2307 718 2346 s
859 2321 934 2335 —
1001 2301 1232 2362 quartus
1389 2290 1411 2362 I
1581 2292 1638 2349 In
1674 2306 1815 2349 coss.
1865 2290 2197 2348 concordant

691 2390 893 2448 Omnes
926 2393 1141 2449 codices
1167 2390 1238 2448 ab
1262 2411 1296 2447 a
1326 2392 1396 2447 ad
1424 2407 1454 2446 ο
1483 2396 1610 2445 sunt
1638 2403 1777 2446 xun.

692 2479 772 2535 Ex
796 2481 879 2536 his
910 2481 1166 2537 tredecim
1195 2488 1485 2536 numerant
1505 2493 1632 2534 ann.
2160 2476 2197 2534 9

685 2569 887 2625 Novem
917 2582 1046 2626 vero
1073 2571 1274 2626 habent
1294 2585 1508 2626 menses
2158 2566 2195 2622 3

654 2726 659 2733 τ
689 2660 939 2730 Quinque
969 2672 1253 2718 recensent
1270 2662 1396 2717 .dies
2040 2657 2047 2663 ’
2124 2659 2189 2713 21

688 2748 805 2806 Non
835 2766 991 2808 secus
1019 2767 1084 2807 ac
1110 2752 1341 2823 legimus
1375 2751 1428 2806 in
1470 2750 1699 2822 picturis
1724 2749 1994 2816 basilice,
2039 2764 2067 2803 a
2100 2748 2196 2804 Ni-

621 2842 777 2899 colao
803 2843 871 2898 Ill
900 2845 1147 2924 repetitis
1174 2860 1241 2899 ex
1266 2844 1437 2905 veteri
1460 2843 1600 2899 serie
1619 2881 1636 2910 ,
1672 2842 1725 2897 in
1754 2857 1860 2913 qua
1890 2840 1949 2896 S.
1984 2839 2197 2896 Soteris

624 2935 916 3008 epigraphe
942 2936 1105 3031 hodie
1129 2944 1449 3007 consumpta
1476 2945 1579 2992 est.

1333 3026 1475 3083 XIV.

986 3117 1046 3175 S.
1110 3113 1799 3175 ELEUTHERIUS.

976 3268 981 3273 ,
1039 3208 1274 3265 Pictura:
1300 3219 1494 3264 veteres
1518 3206 1578 3263 S.
1610 3203 1772 3262 Pauli

1099 3300 1142 3370 τ
1287 3295 1728 3371 ELEuTllER

1102 3481 1287 3537 sed.
1363 3496 1566 3536 ann.
1640 3497 1711 3537 xv

1312 3677 1369 3718 ιιι
1405 3660 1494 3716 IIII

1343 3751 1505 3827 ἀον,

1605 3842 1960 3901 Desideratur
1990 3843 2195 3915 epocha

1570 3931 2046 3991 I5m.‘5d.
2157 3935 2194 3989 2

689 3862 725 3901 a
796 3842 918 3902 Cat.
942 3843 1143 3900 Liberii
1165 3858 1295 3899 ann.

691 3934 723 3989 b
794 3933 913 3990 Cat.
942 3933 1137 3989 Felicis
1159 3934 1251 3990 IV.

1033 4020 1274 4081 Cataloai
1295 4041 1361 4082 ex
1389 4024 1546 4081 codd.
1577 4024 1773 4082 Italiw.

683 4134 713 4172 c
774 4115 1033 4189 .Bergo'm.
1564 4116 1633 4172 15
1880 4115 1914 4171 6
2158 4113 2194 4172 5

680 4209 718 4265 d
789 4208 1049 4266 Cavensis
1563 4206 1631 4262 15
1878 4205 1913 4262 6
2158 4205 2194 4262 5

681 4317 723 4367 ο¹
790 4298 1069 4357 Farfeusis
1554 4295 1622 4352 15
1876 4296 1911 4352 6
2110 4368 2111 4371 η
2158 4296 2194 4353 5

685 4388 717 4460 Ι
797 4387 1062 4445 Lucensis
1563 4384 1630 4443 15
1874 4385 1909 4441 6
2156 4385 2192 4441 5

909 4475 1152 4549 Catalogr'
1172 4491 1238 4533 ex
1263 4476 1419 4533 Codd.
1450 4487 1601 4533 extra
1629 4474 1866 4532 Italiam.

1353 351 1445 407 AD
1478 350 1918 410 ANASTASIUM
1957 352 2469 411 PROLEGOMENA
2502 350 2683 410 EDIT.
2724 350 3161 413 ROII.-VATIC.

2141 463 2212 518 20
2243 471 2286 525 Λ
2388 481 2423 534 ρ
2498 463 2734 521 Ocricul.
2762 465 2970 535 primus
2996 478 3137 519 coss.
3164 463 3340 519 Pater.
3370 473 3427 520 et
3453 464 3723 522 Braduam

2225 1815 2272 1873 Β

2225 3165 2272 3229 c
2360 3178 2363 3179 ,

3773 361 3866 418 292

2772 555 3041 610 secundus
3068 571 3210 611 coss.
3239 555 3455 611 Patern.
3484 566 3540 612 et
3564 556 3824 617 Bradnam

2744 647 2961 701 -tertius
2992 660 3135 701 coss.
3163 648 3380 703 eosdem

2382 754 2407 791 s
2551 758 2622 779 -ι-
2766 747 2994 805 quartus
3017 753 3158 792 coss.
3191 739 3413 794 eosdem

2378 823 2580 881 Omnes
2606 824 2819 879 codices
2845 825 2912 877 ab
2934 841 2965 877 a
2993 825 3060 878 ad
3090 841 3123 878 ο
3150 831 3278 879 sunt
3305 840 3446 880 mu.

2379 914 2455 969 Ex
2482 916 2566 969 his
2588 914 2872 969 duodecim
2903 915 3084 985 legunt
3109 931 3281 971 annos

2301 1071 2311 1082 .
2380 1002 2529 1061 Unns
2554 1007 2682 1077 legit
2708 1008 2872 1063 etiam
2898 1021 3111 1061 menses

2378 1095 2577 1151 Novem
2603 1104 2890 1150 numerant
2919 1096 3137 1166 insuper
3165 1097 3284 1153 dies

2375 1187 2432 1241 In
2459 1187 2683 1257 picturis
2729 1188 3110 1256 superstitibus
3154 1188 3354 1244 veteris
3391 1190 3553 1246 seriei
3599 1190 3867 1248 Leonianze

2381 573 2414 624 τι

2384 663 2412 699 Γ

2551 758 2622 779 δ.-

3830 921 3863 976 5

3834 1014 3865 1066 Ι

2168 1278 2204 1332 0
2304 1279 2521 1335 eosdem
2546 1293 2799 1334 numeros
2832 1279 3269 1349 recognoscimus
3303 1282 3354 1336 in
3384 1283 3667 1339 mensibus
3687 1299 3749 1339 ac
3769 1284 3866 1339 die-

2061 1386 2077 1397 ν
2135 1369 2197 1423 11
2304 1370 2427 1425 bos.
2464 1368 2686 1425 Numeri
2716 1383 2983 1424 annorum
3009 1379 3276 1426 vetustate
3306 1380 3430 1427 sunt
3451 1374 3734 1445 assumpti.

3033 1480 3131 1538 XV

2894 1571 2954 1628 S.
3012 1573 3283 1633 VICTOIL

2591 1659 2823 1718 Pictum
2848 1675 3038 1719 veteres
3068 1665 3297 1721 basilica:
3333 1668 3392 1722 S.
3418 1666 3606 1723 Pauli.

2404 1755 2634 1812 Picturze
2661 1757 2842 1812 sa‘culi
2874 1756 2932 1813 S.
3205 1759 3436 1816 Pictura:
3466 1740 3657 1817 'zctatis
3694 1762 3785 1818 Ni-

2447 1853 2649 1913 Leonis
2690 1856 2865 1929 Magni
3397 1859 3533 1913 colai
3559 1858 3625 1913 nr

2468 1950 2510 2019 -ι-
2582 1951 2886 2007 victor
3256 1952 3294 2023 ’ξ’
3362 1951 3740 2011 VICTOB

2585 2044 2748 2100 sed
3292 2048 3420 2102 sed
3466 2067 3713 2105 cum:

2581 2152 2767 2193 ann
3242 2138 3653 2200 'n.d.x

2659 2230 2708 2286 Χ

2656 2342 2698 2384 ιι

2607 2427 2740 2483 d.x

2366 2533 2399 2570 a
2476 2515 2770 2589 Catalogus
2796 2517 2976 2575 Liber.
3005 2536 3132 2577 ann.
3270 2522 3337 2580 10
3427 2539 3501 2580 m.
3574 2523 3615 2579 2
3684 2525 3739 2579 d.
3806 2527 3863 2579 10

2366 2607 2396 2661 b
2440 2608 2713 2680 ‘Cntalog.
2746 2612 2846 2665 sub
2875 2609 3057 2669 Felice
3079 2614 3169 2669 IV.
3246 2614 3312 2670 10
3559 2616 3598 2672 2
3806 2620 3863 2671 10

2723 2699 2963 2774 Catalogi
2985 2719 3052 2758 ea:
3077 2705 3230 2759 codd.
3254 2704 3448 2761 Italian

2374 2804 2402 2841 c
2476 2788 2866 2861 Bergomensis.
3238 2795 3305 2849 10
3561 2799 3588 2853 1
3808 2800 3864 2853 10

2372 2878 2407 2933 d
2482 2879 2744 2937 Cavensis
3242 2885 3308 2940 10
3556 2889 3594 2943 2
3806 2891 3862 2943 10

2369 2985 2397 3023 e
2470 2969 2747 3028 Farfensis
3249 2976 3316 3032 10
3559 2978 3597 3034 2
3803 2982 3860 3034 10

2369 3060 2400 3129 Ῑ
2475 3059 2739 3118 Lucensis
3235 3067 3302 3122 10
3548 3070 3585 3125 2
3806 3072 3860 3125 10

2607 3152 2843 3226 Catalogt
2873 3172 2938 3210 ea:
2962 3156 3116 3212 codd.
3147 3170 3293 3213 extra
3319 3158 3558 3218 Italiam.

2368 3250 2412 3312 'g
2483 3238 2732 3313 Belgicus
2756 3244 3105 3314 Papehrochii
3248 3247 3310 3304 10
3563 3254 3582 3306 1
3803 3254 3860 3308 10

2378 3331 2413 3385 It
2484 3332 2828 3390 Colbertinus
2847 3336 2927 3407 pri
2937 3354 3051 3392 nnls
3246 3339 3313 3395 10
3559 3343 3597 3398 2
3806 3346 3861 3398 10

2375 3423 2397 3475 ἱ
2642 3454 2717 3467 -
2856 3430 3126 3487 secundus
3242 3431 3311 3486 10
3554 3432 3593 3490 2
3803 3437 3863 3491 10

2373 3512 2406 3565 k
2637 3544 2712 3557 --
2853 3520 3044 3575 tertius
3240 3523 3309 3577 10
3558 3525 3596 3581 2
3806 3528 3861 3583 10

2371 3605 2393 3657 ι
2636 3636 2710 3650 -—
2850 3621 3077 3681 quartus
3238 3615 3307 3671 10
3555 3616 3592 3673 2
3804 3621 3857 3674 10

2369 3711 2425 3750 m
2648 3727 2718 3740 —-
2861 3702 3082 3771 quintus
3238 3705 3307 3760 10
3552 3710 3591 3765 2
3805 3712 3862 3765 10

2371 3802 2406 3839 n
2652 3818 2726 3830 —
2867 3801 3054 3849 sextus
3239 3795 3308 3855 10
3556 3799 3593 3853 2
3806 3803 3859 3856 10

2367 3894 2399 3932 ο
2643 3910 2714 3921 --
2856 3885 3118 3954 septimus
3238 3887 3305 3943 10
3550 3890 3586 3944 2
3806 3893 3858 3946 10

2435 3966 2725 4023 Consulum
2751 3974 2903 4039 paria
3502 3978 3656 4035 Afra:
3678 3980 3857 4037 Christi
3946 4028 3947 4033 η

2364 4058 2445 4113 Ex
2470 4074 2616 4114 coss.
2650 4059 2947 4116 Commodo
2975 4062 3017 4117 V
3047 4073 3104 4119 et
3130 4063 3424 4122 Glabrione
3774 4070 3856 4124 186

2294 4164 2363 4205 an
2389 4162 2529 4205 coss.
2554 4148 2898 4217 Lateranum,
2922 4162 2977 4207 et
3002 4153 3255 4211 Ruﬁnum
3770 4159 3857 4215 I97

2364 4259 2397 4297 α
2430 4242 2723 4316 Catalogus
2767 4244 3091 4304 Liberianus
3130 4250 3261 4305 edit.
3318 4251 3704 4319 Bucheriante,
3750 4270 3855 4325 pag.

2293 4334 2418 4401 270,
2448 4337 2603 4390 annis
2649 4352 2827 4391 novem
2852 4379 2866 4402 ,
2909 4341 3174 4397 mensibus
3200 4343 3392 4411 tribus,
3435 4347 3617 4401 diebus
3644 4348 3855 4402 duobus.

2292 4425 2439 4482 Idem
2475 4425 2648 4482 Catal.
2674 4427 2856 4483 Liber.
2894 4444 2959 4484 ex
2992 4431 3124 4487 edit.
3159 4432 3473 4505 Cuspiuittni
3524 4438 3671 4508 apud
3697 4439 3853 4494 Sche-

2202 4517 2266 4578 .D
2293 4513 2503 4572 Iestrat.
2551 4533 2676 4589 pag.
2708 4518 2814 4573 418
2860 4539 2874 4574 :
2912 4523 3066 4576 annis
3109 4524 3323 4591 decem,
3366 4527 3633 4582 mensibus
3682 4530 3832 4583 ἄεισι.

679 4585 715 4675 9
782 4570 982 4657 Belgic.
1012 4571 1242 4642 Papebr.
1552 4568 1622 4626 I5
1866 4567 1903 4625 4
2151 4568 2188 4626 5

2327 4567 2502 4572 ,____--
2552 4567 2675 4589 ρο-
2718 4567 2810 4573 __-
2862 4567 2873 4574 .
2912 4567 3064 4576 mn..-
3110 4567 3201 4578 ..η

2327 4607 2473 4662 'iebus
2500 4607 2695 4662 decem.
2731 4609 2787 4664 ln
2814 4625 2954 4666 coss.
2992 4612 3205 4669 lacuna.

677 4657 716 4766 It
783 4659 969 4719 Colbl'o
1006 4663 1215 4766 973m“?
1870 4660 1908 4766 ξ
2149 4661 2187 4766 ξ
3230 4721 3372 4763 coss.
3404 4719 3673 4766 memorat

675 4754 698 4808 I
815 4779 891 4796 --
993 4755 1263 4809 secundus
1550 4754 1617 4809 I5
1871 4751 1908 4807 5
2148 4751 2186 4808 2

681 4843 710 4861 ι
1557 4843 1617 4861 ...
1868 4841 1902 4861 ι.
2150 4840 2183 4861 ,ρ

2360 4803 2395 4859 p
2465 4787 2644 4846 Oeric.
2684 4788 2846 4861 prim.
2963 4798 2981 4861 ι
3029 4809 3096 4849 ex
3122 4795 3420 4855 Commodo
3446 4797 3512 4855 V.
3538 4798 3794 4858 etGlahr.

676 4843 711 4900 ι
810 4873 886 4888 —-
1005 4844 1194 4898 tertius
1555 4843 1618 4899 15
1688 4914 1705 4923 ί
1866 4841 1906 4900 5
2147 4840 2185 4898 ὅ
2357 4840 2391 4929 ἶ]
2476 4840 2643 4901 v3:-
2962 4840 2981 4929 1

674 4937 698 4991 ι
798 4965 875 4980 -
981 4944 1210 5006 quartus
1552 4935 1617 5029 l5
1865 4932 1902 5029 9
2146 4930 2184 5029 ξ)
2359 4965 2388 5003 r
2513 4981 2587 4992 —
2684 4962 3084 5012 tert.etomnes
3107 4959 3382 5029 assignant
3403 4965 3851 5028 a.x,m.u,d.x.

678 5042 733 5084 ut
800 5056 872 5072 --
978 5029 1202 5099 quintus
1545 5028 1613 5081 l5
1863 5024 1900 5080 ϐ
2146 5023 2183 5079 5
2351 5055 2380 5094 s
2508 5070 2583 5082 —-
2677 5056 2901 5113 quartus
2924 5023 3245 5104 lectionibus
3265 5050 3350 5106 his
3373 5023 3543 5109 caret.

648 5126 714 5201 [κ
796 5152 869 5165 —-
973 5131 1159 5179 sextus
1615 5120 1832 5176 Lacuna
1868 5124 1953 5174 est
1991 5118 2043 5172 in
2075 5117 2178 5172 ele.
2352 5129 2553 5187 Omnes
2574 5132 2803 5190 Codices
2830 5134 2897 5191 ab
2924 5155 2957 5190 a
2992 5138 3058 5192 ad
3089 5155 3119 5193 ο
3142 5149 3267 5195 sunt
3294 5158 3438 5198 xum.

678 5230 710 5268 ο
792 5243 868 5256 -—
971 5215 1235 5284 septimus
1553 5213 1619 5266 13
1868 5209 1902 5265 6
2112 5207 2183 5265 .5
2353 5218 2553 5277 Omnes
2586 5223 2788 5280 Victori
2818 5226 3061 5282 tribuunt
3090 5243 3262 5285 annos
3706 5222 3713 5227 ’
3795 5236 3849 5291 10

750 5305 1037 5363 Gamalam
1064 5308 1221 5378 paria
1812 5302 1968 5358 AE'rte
1986 5300 2182 5359 Christi
2355 5309 2647 5369 Duodecim
2682 5329 2749 5371 ex
2783 5317 2868 5373 his
2901 5319 3183 5389 assignant
3205 5337 3425 5380 menses
3817 5328 3848 5382 2

598 5422 611 5429 κ
676 5394 755 5454 Ex
779 5410 920 5452 coss.
948 5397 1087 5452 Vero
1111 5406 1165 5451 et
1188 5392 1790 5464 Nerenniano.Corrigo
2349 5399 2571 5469 Omnes,
2597 5421 2705 5461 uno
2733 5407 2968 5476 dempto,
2995 5420 3280 5467 numerant
3307 5414 3427 5472 dies
3792 5417 3847 5471 10

750 5484 953 5541 Severo
972 5482 1014 5538 Il
1039 5494 1094 5539 et
1122 5484 1463 5539 Herenniano
2352 5489 2639 5563 Superstes
2667 5496 2879 5551 denarii
2911 5509 3037 5554 nota
3078 5500 3122 5555 Χ
3163 5503 3216 5556 in
3251 5505 3479 5575 picturis
3524 5509 3758 5565 basilica:
3794 5509 3842 5563 S.

606 5578 686 5633 Ad
712 5591 854 5658 coss.
880 5576 1199 5640 Maternum,
1230 5586 1285 5630 et
1306 5575 1574 5630 Braduam

674 5689 706 5724 a
778 5669 896 5725 Cat.
923 5669 1126 5724 Liherii
1156 5669 1371 5724 eosdem
1402 5669 1615 5737 assigna

673 5759 701 5815 ὁ
776 5759 895 5816 Cat.
934 5760 1096 5817 Felic.
1128 5759 1215 5815 IV.
1239 5762 1457 5815 eosdem
1489 5761 1724 5815 ostendit

2078 5568 2201 5624 135
2278 5581 2429 5637 Pauli
2470 5585 2648 5640 aetatis
2687 5586 2976 5645 Leomana:
3002 5590 3074 5645 ad
3112 5568 3303 5648 sedem
3335 5608 3601 5655 annorum
3644 5602 3842 5656 denotat

2279 5680 2487 5740 partem
2522 5675 2754 5744 priorem
2801 5681 3015 5735 numeri
3048 5675 3181 5746 XII,
3232 5694 3295 5739 ct
3335 5686 3542 5743 nullum
3593 5706 3840 5751 mensem,

2284 5778 2406 5817 cum
2438 5764 2627 5821 diebus
2655 5784 2705 5834 Χ,
2730 5771 2821 5837 qui
2851 5782 3007 5827 erant
3038 5776 3221 5829 tributi
3248 5778 3469 5836 Victori.
3502 5782 3608 5839 Sed
3650 5783 3839 5839 descri-

3834 1100 3867 1156 5
3934 1124 3948 1147 ιι
