3924 5382
155 21 443 76 ueruergere
480 6 799 61 decumanis
824 4 1070 63 lluctibus
1107 8 1283 62 rabies
1310 17 1709 78 persecuturum
1742 8 1788 68 Α
1819 6 1941 61 liter
1966 8 2201 78 impendi
2232 25 2453 79 operam
2498 8 2713 63 veritati
2748 22 2779 62 e
2815 6 3055 62 tenebris
3081 7 3397 67 educendte,

156 104 331 157 lmstra
379 99 633 154 tentavit.
686 100 929 155 Vidimus
960 102 1102 155 enim
1147 111 1336 155 contra
1368 101 1542 157 edicta
1572 102 1719 155 Decii

156 204 202 247 ct
247 191 603 257 Diocletiani,
650 193 942 247 memorias
997 193 1433 248 Christianorum
1485 195 1720 263 undique

157 283 355 338 eradere
394 281 765 351 nequidquam
809 283 1159 347 tentantiuln,
1205 299 1323 336 cum
1368 284 1518 352 furor
1556 283 1718 353 genti-

157 375 265 428 lium
282 381 595 442 potestatum
626 373 679 426 in
701 372 1009 427 electissima
1030 389 1251 443 qumque
1274 372 1468 427 Christi
1489 372 1718 425 membra

157 465 355 528 miret,
388 471 449 517 ut
474 464 555 517 ait
581 461 694 518 Leo
726 462 947 533 Magnus
973 462 1072 533 (τι),
1116 480 1178 517 ac
1206 464 1466 534 prwcipue
1491 480 1597 528 eos,
1629 466 1718 533 qui

157 553 329 607 ordinis
348 563 497 606 erant
524 553 874 606 sacerdotalis
897 554 1185 623 impeteret,
1210 570 1317 608 non
1352 553 1510 609 modo
1532 555 1719 609 statio-

159 658 261 695 nem
290 656 392 695 non
425 642 709 706 deserere,
741 643 867 696 dum
912 643 1024 697 vita
1058 652 1357 710 constaret,
1395 642 1718 699 fortissimos

159 732 321 803 vigiles
354 747 417 786 ac
447 733 621 789 duces
652 732 973 789 Christiana:
1016 734 1235 801 militiae,
1282 736 1564 791 catholicae
1611 737 1716 792 Ec-

160 826 309 878 clesia!
336 826 643 895 episc0pos,
672 826 819 882 Petri
858 843 1233 896 successores;
1284 831 1379 886 sed
1406 831 1571 885 etiam
1596 839 1718 901 post

164 926 359 971 mortem
386 931 496 986 pro
524 916 749 972 Christo
793 918 999 975 obitam
1047 922 1267 977 eosdem
1318 922 1716 991 quodammodo

162 1006 451 1062 reviviscere
475 1009 662 1064 studio
683 1024 1095 1077 successorum;
1118 1021 1174 1067 et
1203 1013 1449 1083 exemplo
1474 1012 1716 1083 ejusdem

165 1100 281 1154 Petri
318 1100 653 1171 spondentis,
690 1118 744 1156 se
787 1103 1033 1157 daturum
1074 1121 1284 1173 operam
1322 1115 1380 1159 ut
1418 1106 1716 1178 frequentes

166 1208 239 1244 nos
264 1190 459 1244 haberet
494 1202 616 1262 post
646 1194 843 1247 obitum
885 1211 1041 1248 suum
1063 1194 1160 1267 (ὁ),
1183 1211 1283 1265 per
1305 1197 1510 1268 singula
1548 1196 1717 1253 ferme

168 1281 325 1336 secula
366 1282 603 1351 publicis
649 1284 991 1341 documentis
1054 1289 1365 1343 eorumdem
1419 1305 1589 1345 annos
1655 1300 1711 1345 et

1821 102 2037 171 quando
2087 103 2228 172 regia
2275 102 2510 156 methodi
2543 101 2625 154 via
2667 100 2733 154 ad
2777 98 2919 152 illam
2964 99 3266 167 perducens
3307 114 3403 167 per

1820 192 2033 262 publica
2063 193 2338 247 substrata
2368 193 2712 255 documenta,
2752 207 2782 244 a
2812 190 3136 259 praeiudiciis
3165 190 3402 258 privata-

1821 299 1939 337 rum
1977 282 2312 351 opinionum,
2342 282 2504 337 veluti
2530 297 2560 335 a
2604 280 2844 337 subortis
2872 278 3106 335 dumetis
3141 294 3205 336 ac
3236 281 3402 336 scuti-

1819 372 1920 426 bus
1956 373 2237 427 liberatur.

1889 465 1943 520 2.
1986 464 2119 521 Cum
2164 466 2345 535 itaque
2390 474 2622 535 quatuor
2646 463 2918 533 prioribus
2956 461 3210 518 Ecclesiae
3248 461 3372 517 Chri

1818 559 2004 615 etiame
2059 559 2270 613 mulis
2318 558 2600 611 videamur
2658 556 2939 626 collegisse
3006 563 3086 610 tot
3144 554 3398 625 sull'ragia

1817 647 2044 717 publicze
2064 647 2423 709 auctoritatis,
2453 645 2706 701 Romanis
2727 644 3027 715 praesertim
3054 661 3084 699 e
3112 644 3309 699 linibus
3337 660 3400 699 ac

1815 735 2203 792 suburbicaria:
2250 736 2512 805 regionis,
2542 734 2805 804 ubijuxta
2857 734 3072 805 regulas
3120 735 3403 804 prudentis

1817 828 2035 883 critices
2082 827 2295 883 fuerant
2346 829 2663 897 inquirenda
2697 868 2713 894 ,
2786 844 2906 899 quae
2960 827 3226 883 sulliciant
3279 845 3403 884 teras

1817 920 2239 990 uniuscujusque
2291 918 2565 990 pontiﬁcis
2618 920 2673 974 in
2736 921 2871 973 notis
2932 919 3002 973 ad
3059 918 3399 972 Anastasium

1817 1021 1964 1067 recte
2004 1010 2417 1076 constituendae,
2461 1020 2706 1080 superest
2747 1022 2804 1066 ut
2846 1012 3153 1066 indicemus
3194 1019 3397 1079 quanto

1815 1102 2007 1172 potiori
2038 1103 2160 1172 jure
2191 1101 2418 1155 ﬁdenter
2462 1116 2792 1166 asseramus,
2822 1101 2986 1155 etiam
3030 1100 3241 1156 StBCtllls
3268 1118 3398 1155 con-

1815 1192 2173 1263 sequentibus
2200 1206 2361 1263 posse
2386 1191 2534 1247 reddi
2578 1192 2814 1261 epochas
2838 1192 3139 1245 antistitum
3181 1206 3395 1246 succes—

1817 1299 2019 1339 sorum.
2078 1282 2134 1337 Id
2187 1297 2314 1337 vero
2366 1282 2564 1337 nemini
2624 1282 2844 1335 dubium
2894 1281 3060 1335 videri
3112 1282 3291 1347 debet,
3350 1281 3398 1335 si

168 1384 293 1427 Ictus
315 1374 509 1443 signari
540 1376 597 1430 in
621 1377 890 1447 diptycbis
913 1388 969 1434 et
992 1379 1265 1436 latereulis
1288 1382 1709 1451 depositionum,
1741 1359 1786 1418 Β
1814 1377 2113 1445 cogitemus
2151 1375 2284 1429 Acta
2318 1372 2675 1428 conciliorum
2718 1372 3017 1441 frequentia
3056 1372 3169 1441 jam
3202 1388 3394 1428 occur—

170 1471 411 1518 constante
444 1467 827 1534 persecutione
876 1468 976 1523 sub
1021 1468 1292 1537 Cornelio,
1345 1473 1397 1527 in
1437 1472 1711 1544 Catalogis

172 1554 250 1607 sub
269 1553 486 1621 Liberio,
513 1566 574 1611 et
600 1557 776 1613 Felice
798 1558 885 1623 ιν,
916 1560 969 1614 in
996 1562 1222 1631 picturis
1243 1563 1589 1620 basilicarum
1611 1566 1714 1622 sub

174 1643 360 1700 Leone]
394 1656 447 1701 et
496 1647 811 1713 Hormisda,
863 1651 917 1706 in
963 1653 1208 1708 Vitarum
1254 1656 1611 1725 scriptoribus
1657 1666 1713 1713 et

178 1734 483 1793 Lectionariis
511 1739 772 1796 Ecclesia:
798 1742 1076 1798 codicibus
1102 1760 1199 1813 per
1224 1754 1414 1800 anates
1436 1746 1558 1801 inde
1580 1762 1711 1802 con-

181 1836 343 1881 semitas
366 1830 661 1885 continenti
707 1832 849 1887 serie
880 1849 1049 1904 usque
1072 1836 1137 1890 ad
1176 1846 1421 1891 nostram
1450 1852 1465 1891 :
1492 1840 1577 1893 cui
1609 1840 1711 1893 da-

183 1925 262 1969 tum
302 1928 380 1972 est
419 1935 486 1974 ex
531 1922 804 1979 universis
854 1926 1286 1995 praecedentibus
1324 1928 1463 1984 hanc
1512 1931 1711 1985 nubem

180 2010 354 2064 testium
386 2012 642 2082 colligere
669 2017 929 2071 adversus
969 2016 1226 2072 invidiam
1272 2017 1708 2086 declamantium,

178 2110 393 2169 praerepta
420 2103 583 2158 nobis
619 2103 784 2160 fuisse
811 2105 1131 2161 documenta
1159 2122 1335 2162 aurea:
1372 2108 1514 2163 illius
1535 2111 1711 2165 aetatis

179 2189 448 2258 antistitum,
496 2194 585 2247 vel
630 2194 856 2261 incuria,
901 2195 987 2250 vel
1035 2197 1323 2264 discordia,
1367 2198 1449 2253 vel
1493 2198 1709 2266 fabulis,

180 2279 325 2349 inepte
351 2285 611 2340 contextis
655 2301 751 2356 per
797 2287 1042 2358 gregales
1082 2288 1429 2355 litteratores,
1463 2290 1708 2361 inexplo-

182 2381 278 2424 rata
307 2390 505 2445 quaque
538 2393 639 2446 pro
669 2379 817 2433 veris
860 2380 1117 2435 audacter
1153 2381 1524 2436 obtrudentes.
1553 2381 1709 2437 Nulla

183 2478 271 2516 non
301 2466 496 2522 historia
528 2477 625 2523 aut
650 2470 997 2541 chronologia
1030 2470 1277 2541 pluribus
1297 2473 1512 2529 saeculis
1537 2474 1588 2527 in
1610 2488 1708 2543 pu-

182 2553 293 2608 blica
331 2556 435 2614 luce
496 2559 673 2629 posita
726 2561 897 2629 patuit
949 2562 1235 2617 conatibus
1281 2564 1604 2633 scriptorum
1654 2575 1709 2619 et

182 2643 550 2717 discriptorum,
576 2658 682 2704 tam
710 2666 807 2720 per
828 2659 1014 2708 aetates
1036 2652 1213 2708 cultas
1232 2668 1393 2723 quam
1422 2655 1702 2710 barbaras.

1817 1483 1937 1523 rere
1966 1483 1995 1521 a
2023 1476 2219 1536 quarto
2248 1464 2448 1518 Christi
2484 1463 2702 1528 szeculo,
2730 1478 2851 1532 qum
2877 1472 3116 1533 tempora
3146 1479 3396 1533 compro-

1814 1560 1945 1615 bent
1985 1558 2300 1628 pontilicum
2331 1555 2722 1610 Romanorum.
2754 1555 2899 1620 Quin
2929 1556 3092 1610 etiam
3137 1556 3398 1625 epistolas

1814 1650 2125 1705 eorumdem
2169 1646 2399 1716 posteris
2434 1660 2554 1699 esse
2591 1654 2966 1714 przeservatas,
3010 1661 3116 1699 non
3154 1645 3266 1715 jam
3295 1660 3395 1714 per

1815 1750 1997 1812 partes
2022 1748 2077 1796 et
2106 1739 2427 1810 fragmenta,
2459 1746 2517 1793 ut
2552 1738 2603 1791 in
2636 1738 2859 1793 historia
2892 1737 3131 1805 Eusebii,
3163 1738 3255 1792 sed
3284 1737 3397 1806 ple-

1820 1846 2050 1902 rumque
2079 1832 2321 1901 integras
2344 1840 2465 1900 post
2504 1828 2781 1895 Siricium,
2820 1839 2878 1882 ut
2905 1830 3238 1885 eruditorum
3270 1844 3398 1884 (ιηιι-

1814 1939 1976 1979 sensu
2000 1921 2123 1991 jam'
2154 1922 2340 1992 liquet.
2396 1921 2490 1975 His
2520 1921 2760 1975 addenda
2810 1930 2935 1975 sunt
2964 1922 3249 1991 a‘qnalium
3290 1939 3391 1977 au-

1814 2024 2024 2071 ctorum
2070 2012 2813 2068 testimonia:Ecclesiarum
2869 2013 3128 2083 origines,
3178 2022 3271 2066 aut
3318 2013 3396 2066 in-

1813 2113 2088 2162 crementa
2137 2120 2231 2175 per
2275 2104 2418 2174 ipsos
2451 2113 2680 2169 curata;
2721 2103 2869 2157 aedes
2919 2118 3089 2157 sacrae
3137 2102 3393 2168 fundatae,

1813 2206 2019 2253 ornatae
2056 2196 2141 2251 vel
2170 2197 2431 2251 restitutae
2465 2212 2590 2251 cum
2627 2196 3075 2265 inscriptionibus
3103 2197 3391 2266 genuinis;

1814 2291 1959 2361 leges
1992 2290 2138 2355 latze,
2165 2289 2448 2360 privilegia
2476 2303 2733 2345 concessa
2760 2306 2775 2353 ;
2808 2290 3001 2343 itinera
3042 2289 3271 2359 publica
3308 2307 3397 2345 ne-

1812 2383 2080 2439 cessitatis
2110 2396 2272 2438 causa
2303 2388 2550 2450 suscepta
2576 2398 2591 2446 ;
2618 2381 2743 2434 vitae
2767 2380 2980 2435 illorum
3002 2380 3069 2433 ab
3095 2380 3397 2449 aequalibus

1813 2474 2131 2545 plerumque
2172 2473 2534 2543 scriptoribus
2572 2472 2770 2527 litteris
2808 2472 3076 2527 mandatae
3107 2489 3121 2526 :
3148 2480 3202 2525 et
3249 2489 3396 2542 quae-

1812 2582 2023 2637 cunque
2062 2575 2377 2636 argumenta
2433 2566 2673 2622 historize
2720 2574 3054 2621 connectunt
3101 2566 3394 2622 Christiani

1814 2668 1988 2714 ctetus
2015 2667 2197 2729 caput,
2229 2658 2427 2713 Christi
2454 2658 2510 2713 in
2543 2657 2702 2713 terris
2726 2657 3009 2722 vicarium,
3036 2673 3159 2713 cum
3188 2658 3396 2727 reliquo

186 2733 303 2790 Nulla
325 2740 538 2808 proinde
560 2741 813 2796 immunis
834 2741 933 2797 fuit
954 2758 985 2797 a
1017 2745 1339 2799 necessitate
1368 2746 1707 2813 secernendi,
1737 2718 1781 2781 Ε
1815 2718 2099 2803 ΕιῖεΙεειίςιε⁸
2120 2763 2347 2817 corpore
2403 2748 2602 2817 ubique
2669 2748 2905 2819 gentium
2957 2762 3217 2818 expanso.
3282 2747 3396 2803 Nec

184 2829 433 2892 prasertim
501 2832 560 2885 in
610 2832 1006 2903 cbronologicis
1062 2834 1341 2901 numeris,
1392 2851 1706 2906 germanam

184 2915 415 2973 lectionem
441 2921 623 2977 idonei
656 2923 960 2993 scriptoris,
989 2924 1211 2994 ejusque
1238 2926 1485 2981 codicum
1509 2927 1703 2995 proba-

186 3016 321 3063 turum
339 3015 540 3082 publica
562 3020 904 3086 auctoritate,
926 3035 955 3073 a
978 3021 1307 3090 discrepanti
1332 3021 1707 3077 numeratione

184 3101 462 3165 privatorum
496 3109 889 3179 exemplorum,
929 3112 1440 3166 commentariorum
1471 3122 1522 3166 et
1557 3128 1706 3168 ama-

185 3196 435 3253 naensium.
503 3202 575 3256 Ut
616 3202 762 3257 enim
833 3204 1092 3258 reticeam
1142 3203 1407 3258 celebrem
1456 3204 1599 3258 illam
1648 3205 1703 3261 in

185 3282 395 3344 Ecclesiis
425 3295 801 3361 quaestionem,
828 3312 988 3365 quam
1036 3296 1093 3351 S.
1142 3296 1473 3367 Augustinus
1512 3298 1605 3352 lib.
1636 3312 1701 3351 xv

185 3372 235 3425 de
253 3374 409 3443 Civit.,
449 3397 566 3451 cap.
601 3384 685 3447 ll,
719 3383 1122 3452 fantasissimam
1149 3385 1402 3455 appellat,
1426 3386 1702 3441 subortam

185 3478 234 3516 ex
263 3466 595 3541 discrepantia
638 3474 945 3531 Grazcornm
977 3478 1221 3532 codicum
1251 3478 1318 3532 ab
1362 3476 1605 3531 Hebraeis
1649 3478 1701 3532 in

186 3564 446 3619 centenario
476 3582 736 3622 annorum
753 3584 987 3629 ,numero
1007 3571 1239 3639 plurium
1267 3571 1701 3640 patriarcharum

187 3646 284 3700 vitze
312 3653 540 3711 addendo
567 3658 651 3711 vel
687 3660 1045 3723 detrahendo,
1081 3670 1135 3715 et
1161 3661 1348 3717 sistam
1380 3662 1523 3714 intra
1554 3661 1704 3716 lucu-

185 3731 408 3797 brationes
453 3745 697 3802 humanae
763 3756 969 3803 tantum
1034 3750 1310 3806 industria:
1376 3751 1703 3807 adminiculo

187 3823 385 3892 scriptas,
416 3830 669 3888 fastorum
694 3835 1006 3894 collectores
1036 3837 1233 3902 Latini,
1267 3847 1343 3894 tot
1384 3841 1697 3896 criticorum

182 3906 341 4005 iudicio
363 3924 527 3977 vexati
566 3924 615 3977 in
655 3926 982 3982 restituenda
1023 3930 1302 3984 consulum
1336 3932 1498 3995 serie,
1535 3948 1696 4002 quam

189 4013 393 4061 Slte'suo
416 4011 523 4064 sive
560 4012 931 4082 imperitorum
981 4020 1389 4073 amanuensinm
1417 4022 1547 4075 vitio
1576 4038 1697 4077 cor-

190 4101 411 4163 r"iterant,
448 4112 601 4156 relate
645 4111 825 4157 autem
870 4115 1054 4160 nostra
1100 4108 1168 4162 ab
1212 4111 1493 4166 erroribus
1530 4112 1699 4169 ferme

191 4185 385 4244 erunibus
410 4195 703 4264 expurgati,
730 4198 861 4251 satis
887 4214 1152 4271 superque
1175 4204 1549 4272 comprobant,
1589 4207 1697 4261 uti-

245 4315 303 4385 (α)
329 4319 376 4376 8ο
396 4323 495 4383 Leo
523 4327 766 4399 Magnus,
794 4346 953 4388 serm.
983 4335 1049 4390 de
1072 4333 1130 4390 S.
1162 4334 1421 4393 Laurent.

1810 2841 2007 2894 desunt
2049 2837 2101 2891 in
2135 2836 2507 2907 compluribus
2546 2838 2707 2893 etiam
2753 2837 3081 2907 sepulcrales
3117 2838 3392 2894 tituli-at-

1811 2945 1916 3000 que
1946 2929 2348 2998 inscriptiones,
2392 2937 2447 2983 et
2486 2944 2549 2983 ex
2597 2929 2683 2984 his
2720 2929 2991 2984 nonnulla:
3020 2945 3049 2983 a
3090 2931 3305 3001 regibus
3339 2940 3393 2985 et

1810 3021 2066 3094 Augustis
2130 3022 2355 3077 honoris
2406 3037 2569 3077 causa
2613 3030 2852 3095 exaratm
2893 3040 2905 3075 :
2945 3022 3089 3092 quod
3143 3023 3395 3091 praestitit

1809 3114 2049 3167 Adriano
2094 3112 2321 3167 Carolus
2361 3121 2718 3182 cognomento
2770 3112 3018 3183 Magnus.
3059 3112 3115 3167 Si
3161 3113 3282 3182 quis
3336 3115 3392 3167 in

1811 3213 1961 3260 tanta
2008 3204 2452 3260 documentorum
2505 3206 2659 3276 copia
2708 3207 3040 3277 despondeat
3091 3207 3272 3261 animo
3326 3221 3392 3262 ac

1809 3299 2059 3366 desperet
2102 3296 2471 3352 Romanorum
2506 3298 2820 3368 pontiﬁcum
2855 3300 3091 3369 epochas
3136 3300 3388 3370 prosequi

1810 3402 1909 3442 nos
1940 3402 2118 3455 posse,
2146 3388 2193 3442 is
2221 3389 2465 3457 profettto
2512 3388 2783 3444 abstineat
2812 3404 3035 3446 necesse
3078 3399 3164 3446 est
3204 3406 3233 3444 a
3262 3407 3393 3461 qua.

1810 3492 2021 3549 cunque
2070 3480 2323 3533 tentanda
2364 3479 2708 3550 chronologia
2754 3480 3059 3551 principum
3102 3489 3157 3536 et
3198 3496 3391 3552 regno-

1810 3588 1955 3637 rum,
1984 3587 2104 3627 cum
2130 3571 2274 3626 nulla
2298 3572 2465 3627 series
2488 3573 2891 3641 praesidentium
2921 3576 3229 3645 reipublicae
3254 3592 3390 3645 qua-

1807 3664 1937 3719 libet
1966 3672 2235 3734 potestate
2266 3679 2363 3733 per
2402 3663 2595 3718 saecula
2624 3665 3007 3732 septemdecim
3047 3665 3387 3728 ostendatur,

1807 3770 1929 3824 qua:
1982 3750 2323 3825 singulorum‘
2356 3764 2505 3827 gesta
2560 3763 2616 3808 et
2661 3754 2885 3810 annales
2943 3756 3257 3825 comprobet
3306 3766 3388 3813 ιω

1805 3848 2181 3911 documentis,
2232 3859 2363 3918 quot
2426 3851 2867 3905 demonstrantur
2923 3859 2978 3905 et
3018 3850 3272 3921 leguntur
3327 3852 3384 3904 in

1805 3948 1991 4007 aperta
2021 3937 2276 3993 Ecclesia:
2306 3940 2426 3995 luce
2452 3941 2517 3995 de
2540 3940 2687 3995 Petri
2724 3941 2946 4011 apostoli
2976 3941 3381 3996 successoribus

1803 4037 1858 4082 et
1906 4028 2022 4083 orbi
2068 4028 2378 4085 Christiano
2424 4032 2836 4101 praesidentibus
2880 4047 2946 4087 ex
2979 4032 3237 4088 cathedra
3275 4032 3379 4088 Ro-

1808 4135 1989 4174 mana.

1876 4339 1950 4409 (ὁ)
1976 4337 2015 4392 ιι
2044 4337 2187 4392 Petr.
2216 4354 2275 4404 ιι,
2310 4340 2399 4393 ιδ.
2974 4421 2988 4425 η
3228 4369 3323 4431 ,ῖι
