3924 5382
188 275 291 331 321

1118 269 1484 328 ΒΙΑΝΟΗΙΝΙ
1526 269 1614 322 ΑΙ)
1653 264 1716 319 111
1754 264 1994 320 OPUSC.
2036 264 2184 332 SEQ.
2231 264 2519 320 OBSERV.

3342 262 3449 317 522

191 392 380 459 priora
423 388 682 457 opuscula
724 386 1099 455 chnonologiea
1149 401 1267 455 quae
1310 386 1481 438 eidem
1521 382 1777 435 cltronit-o
1807 385 1849 444 Λ
1879 381 2182 435 obsedisset
2222 388 2277 432 et
2314 379 2627 447 recepisset,
2656 378 2704 429 in
2724 375 2945 431 basilica
2976 376 3233 431 Vaticana
3262 392 3447 433 consc-

194 480 572 549 przetignntur,
595 479 725 533 mihi
756 494 858 533 non
879 478 1065 548 liquet,
1088 492 1259 546 neque
1282 476 1333 530 id
1361 475 1560 531 rescire
1590 486 1773 529 nostra

196 569 433 622 multmn
466 570 729 623 interesse
765 576 911 637 puto.

271 658 488 727 ltegesti
515 668 810 722 auctorem,
839 667 893 712 et
921 656 1136 711 secundi
1163 654 1411 711 Chronici
1438 654 1578 723 quod
1604 654 1773 723 Rege-

180 757 284 803 sto
325 749 669 818 praemittitur
705 748 757 801 in
798 746 1041 816 ampliori
1073 747 1278 809 codice,
1311 760 1428 799 esse
1457 744 1771 814 Gregorimn

180 839 538 893 Catinensem
560 846 781 893 constat
805 852 869 892 ex
896 836 1116 906 praefixo
1144 835 1260 904 ejus
1290 835 1525 899 nomine,
1563 844 1670 888 tum
1720 835 1771 888 in

194 930 378 995 titulo,
435 938 545 984 tum
595 931 645 985 in
694 931 935 984 carmine
982 929 1301 993 acrosticho,
1364 943 1427 982 ac
1468 927 1773 980 testimonio

192 1020 421 1077 Joannis
444 1020 809 1076 Grammatiei.
862 1022 1078 1076 Duobus
1102 1029 1279 1075 autem
1311 1018 1622 1074 memoratis
1643 1033 1773 1087 cpu-

182 1112 367 1166 scnlis
389 1112 1019 1183 chronologicis,-minori
1057 1122 1111 1167 et
1154 1112 1458 1175 vetustiori,
1504 1109 1773 1164 Chronico

196 1202 517 1271 prwmissis,
563 1218 754 1272 nempe
790 1202 1048 1273 Catalogo
1099 1202 1497 1272 imperatorum,
1536 1209 1667 1263 etc.,
1718 1207 1775 1253 et

180 1292 458 1364 'Catalogo
508 1294 868 1348 Romanorum
918 1294 1228 1364 pontiﬁcum
1260 1334 1276 1359 ,
1336 1308 1463 1348 cum
1521 1291 1771 1362 Gregorii

196 1381 456 1435 iudicatio
510 1382 652 1435 nulla
700 1392 1031 1452 apponatur,
1081 1392 1240 1453 prout
1291 1381 1433 1436 nulla
1487 1382 1774 1450 apponitur

186 1470 300 1539 ipsi
329 1469 599 1525 Chronico
627 1473 820 1527 minori
849 1483 903 1527 et
925 1472 1227 1535 vetustiori,
1255 1472 1340 1527 illa
1378 1471 1646 1525 lubentius
1689 1485 1773 1524 re-

188 1560 399 1615 ierrem
454 1562 519 1614 ad
564 1562 887 1631 scriptorem
935 1562 1292 1630 antiquiorem
1325 1560 1585 1631 Gregorio
1622 1560 1771 1614 Cati-

195 1650 369 1712 nensi,
403 1652 702 1721 prmsertim
733 1668 853 1706 cum
879 1652 1104 1707 duorum
1136 1650 1515 1722 cpusculorum
1539 1650 1771 1720 primum

1838 539 1847 547 ο
1878 472 2018 525 crari
2043 486 2137 539 per
2164 470 2537 523 schismaticos
2560 483 2620 521 ac
2647 468 2917 536 depositos
2941 470 3219 538 episcopos
3240 473 3448 523 curavit

1876 573 1931 617 et
1959 577 2099 617 anno
2130 563 2374 632 proximo
2405 561 2536 617 l08l
2568 561 2858 630 imperator
2885 563 2953 613 ab
2993 574 3056 611 eo
3101 564 3348 615 coronari
3396 564 3444 615 iu

1877 652 2220 707 Lateraneusi
2278 652 2463 704 voluit.
2522 652 2571 705 ls
2620 665 2747 704 vero
2792 658 3079 704 contumax
3136 660 3191 704 et
3240 652 3450 707 rebellis

1876 742 2095 812 perinde
2126 743 2177 796 in
2206 742 2523 812 Gregorium
2563 739 2649 795 νει
2676 755 2737 795 ac
2768 741 2819 794 in
2845 741 3110 795 Victorem
3136 741 3199 795 lli
3227 751 3279 795 et
3322 742 3448 795 Pas-

1876 835 2082 889 cltalem
2112 833 2175 898 ll,
2203 833 2445 902 Gregorii
2486 846 2847 895 successores,
2882 850 2910 886 a
2946 834 3140 901 quibus
3165 835 3447 889 damnatus

1878 928 2071 983 iterum
2121 942 2184 981 ac
2236 926 2394 981 tertio
2451 942 2573 981 cum
2626 926 2813 981 haeresi
2864 940 2959 980 sua
3002 926 3129 982 fuit.
3190 925 3449 981 Farfense

1876 1020 2178 1075 coenobium
2207 1033 2267 1072 ac
2292 1016 2642 1072 Sabinenscm
2670 1025 2897 1070 tractum
2940 1016 3219 1088 tyrannide
3246 1032 3339 1070 sua
3378 1018 3448 1071 ita

1876 1117 2196 1177 occupatum
2246 1108 2492 1171 detinuit,
2537 1115 2593 1160 ut
2627 1106 2984 1176 legitimorum
3020 1106 3329 1175 pontificum
3356 1122 3449 1159 no-

1877 1200 2019 1253 mina
2050 1199 2101 1252 in
2128 1196 2243 1266 ejus
2275 1197 2481 1259 tabulas
2510 1195 2714 1250 referre
2746 1212 2902 1250 nemo
2925 1197 2995 1250 sit
3025 1212 3217 1260 ausus;
3250 1196 3342 1250 sed
3370 1197 3451 1249 ba:

1877 1288 1994 1342 loco
2016 1286 2246 1342 Victoris
2276 1286 2339 1339 Ill
2374 1302 2436 1341 ac
2472 1286 2747 1340 Paschalis
2782 1286 2843 1350 ll,
2893 1287 2981 1355 qui
3022 1288 3449 1357 supprimuntur,

1877 1377 2386 1450 pseudopontificem
2430 1376 2778 1443 Clementem,
2836 1378 2976 1431 tertii
3031 1380 3250 1433 nomine
3287 1378 3448 1445 seja-

1876 1478 2132 1534 ctantem,
2162 1484 2227 1523 ex
2269 1478 2529 1523 attentata
2566 1468 2779 1523 chrici
2810 1468 3156 1524 coronatione
3185 1470 3252 1524 ad
3288 1468 3447 1523 finem

1878 1560 2056 1615 szeculi
2108 1558 2411 1629 prmferant.
2466 1559 2573 1614 Nos
2635 1560 2893 1615 astetisco
2942 1562 3184 1630 apposito
3233 1561 3448 1616 brevem

1878 1658 2060 1704 notam
2099 1650 2165 1704 ad
2198 1650 2337 1703 hunc
2364 1664 2563 1703 annum
2596 1649 2890 1718 adjeeimus
2927 1651 2977 1705 in
3016 1652 3251 1706 editione
3284 1651 3451 1707 Chro-

190 1742 444 1796 videatur
467 1743 727 1813 compleri
767 1745 909 1799 circa
948 1760 1147 1798 annum
1187 1743 1323 1798 1050
1366 1743 1517 1813 (totis
1542 1750 1775 1811 quatuor
1805 1738 1849 1797 Β
1878 1738 2006 1803 nici,
2044 1747 2102 1791 ut
2148 1752 2411 1792 memores
2436 1738 2540 1792 sint
2571 1738 2800 1793 lectores
2839 1740 3085 1808 quisnam
3117 1741 3216 1795 iste
3240 1742 3309 1795 sit
3336 1739 3452 1796 Gle-

192 1839 248 1885 et
289 1831 653 1903 quadraginta
693 1845 978 1903 antequam
1021 1832 1327 1895 Berardus,
1374 1832 1493 1902 ejus
1542 1831 1774 1885 nominis

190 1924 361 1978 abbas
401 1925 705 1989 secundus,
740 1926 1057 1996 prmciperet
1105 1926 1365 1997 Gregorio
1406 1924 1773 1979 collectionem

194 2014 435 2084 Begesti,
468 2024 533 2069 ut
555 2030 619 2069 ex
653 2018 871 2088 prologo
896 2016 1117 2072 Joannis
1144 2017 1493 2073 Grammatici
1518 2031 1768 2085 compro-

191 2106 411 2172 batur);
466 2106 679 2173 adjecta
724 2116 932 2161 tantum
971 2107 1024 2161 in
1056 2117 1327 2177 postremo
1370 2122 1529 2161 versu
1580 2114 1773 2169 morte,

191 2193 411 2249 Henrici
434 2194 523 2259 lli,
553 2196 865 2267 consignata
896 2212 1036 2251 anno
1060 2198 1217 2263 1084,
1247 2212 1420 2268 neque
1450 2196 1557 2251 ullo
1582 2197 1777 2251 comite

192 2294 498 2339 memorato
531 2295 651 2355 post
677 2302 873 2340 annum
900 2286 1056 2343 1010.

258 2376 511 2431 Alterura
564 2392 627 2431 ex
687 2378 892 2434 duobus
945 2379 1217 2449 opusculis
1264 2387 1602 2449 compactum
1654 2394 1774 2433 cum

188 2466 467 2523 Chronico
495 2466 739 2524 Farfensi
770 2470 962 2524 minori
988 2479 1042 2525 et
1070 2470 1372 2533 vetustiori,
1402 2469 1779 2535 complectitur

188 2558 605 2628 chronologiam
650 2560 958 2629 pontificum
1008 2561 1369 2615 Romanorum
1423 2576 1452 2613 a
1503 2558 1562 2613 S.
1619 2558 1779 2613 Petro

191 2645 263 2697 ad
309 2645 663 2701 Benedictum
710 2647 816 2711 VII,
861 2664 1052 2717 nempe
1091 2650 1158 2703 ad
1199 2664 1397 2702 annum
1439 2648 1562 2703 984.
1603 2648 1779 2714 Quare

184 2737 486 2806 plusquam
520 2739 711 2792 szeculo
738 2740 943 2811 integro
969 2742 1222 2809 przecedit
1258 2740 1544 2811 Regestnm
1582 2739 1781 2810 Grego-

199 2828 268 2882 rii
312 2828 642 2894 Catinensis,
682 2844 850 2899 usque
891 2831 1195 2886 Chronicon
1235 2831 1572 2902 (secundum)
1613 2831 1781 2899 Rege-

195 2926 289 2971 sto
326 2918 611 2988 praefixum
654 2929 709 2974 et
752 2918 887 2974 infra
918 2920 1267 2987 aﬂerendum,
1302 2922 1443 2991 quod
1464 2922 1781 2992 perducitur

192 3008 264 3061 ad
290 3025 499 3063 annum
528 3008 680 3065 1099.

1874 1843 2043 1884 mens.
2090 1829 2183 1884 Est
2212 1845 2338 1883 vero
2361 1829 2653 1885 Guiberttts
2689 1831 2775 1885 ille
2818 1831 3144 1897 Parmensis,
3190 1833 3451 1887 cancellao

1875 1922 1985 1976 rius
2026 1922 2239 1977 llenrici
2269 1922 2571 1977 Germania:
2598 1922 2737 1991 regis
2759 1963 2772 1987 ,
2804 1922 3209 1993 qni'Cadaloum
3247 1924 3451 1993 antipa-

1874 2028 1995 2083 pam
2050 2013 2467 2083 promovendum
2513 2014 2724 2067 curavit
2776 2028 2917 2068 anno
2968 2014 3119 2079 Hltil,
3175 2013 3285 2082 jam
3340 2024 3450 2068 tum

1874 2103 2173 2173 pneludens
2203 2104 2426 2158 nefariis
2453 2104 2819 2158 molitionibus
2847 2121 2980 2175 quas
3016 2107 3125 2177 ipse
3152 2123 3215 2161 ex
3251 2106 3454 2161 Raven-

1876 2197 1984 2250 nati
2034 2196 2164 2250 sede
2216 2197 2369 2251 malis
2421 2198 2626 2251 artibus
2691 2199 2972 2267 impetrata
3033 2201 3097 2252 ad
3156 2199 3450 2253 Romanam

1872 2288 2111 2351 inhians,
2159 2289 2463 2341 mabinatus
2507 2296 2589 2341 est
2634 2288 2827 2341 deinde
2868 2299 3053 2343 contra
3092 2287 3448 2359 Gregorium;

1876 2379 2046 2434 donec
2088 2379 2197 2433 voti
2248 2394 2466 2448 compos
2523 2378 2737 2443 factus,
2797 2394 2857 2433 ac
2912 2380 3053 2434 veris
3112 2382 3455 2451 pontificibus

1878 2483 2091 2538 semper
2147 2467 2428 2531 infensus,
2480 2484 2589 2523 sum
2643 2470 2931 2539 impietatis
2987 2485 3175 2539 poenas
3222 2471 3449 2532 dederit.

1880 2566 1991 2613 tum
2040 2560 2191 2614 vivus
2243 2576 2271 2614 a
2326 2560 2574 2614 ﬁdelibus
2629 2561 2863 2629 undique
2908 2562 3180 2631 expulsus,
3239 2572 3347 2617 tum
3389 2564 3453 2617 ad

1880 2667 2078 2706 annum
2110 2652 2243 2707 1099
2290 2651 2368 2704 vel
2410 2652 2545 2706 1100
2597 2668 2718 2705 cum
2767 2652 2870 2705 vita
2922 2655 3173 2717 excessit.
3234 2663 3291 2708 et
3336 2666 3458 2725 post

1880 2751 2106 2797 mortem
2138 2742 2461 2795 exbumatus
2491 2750 2651 2811 atque
2690 2743 2742 2797 in
2786 2742 3136 2813 profluentem
3185 2746 3458 2815 dispersus

1876 2846 2021 2886 anno
2051 2832 2207 2887 1105.

1952 2923 2152 2978 Horum
2184 2922 2462 2994 tyrannide
2497 2939 2752 2994 oppressa
2782 2925 2949 2981 Roma
2998 2927 3109 2996 ipsa
3154 2943 3275 2982 cum
3314 2929 3458 2997 inge-

1880 3015 2153 3078 misceret,
2178 3023 2239 3069 et
2275 3022 2560 3083 cogeretur
2590 3014 2887 3085 legitimmn
2932 3018 3229 3087 principem
3262 3033 3323 3071 ac
3366 3034 3459 3085 pa-

266 3096 515 3163 :Etatem
557 3099 819 3155 diversam
850 3101 1077 3157 duorum
1106 3101 1520 3172 praecedentium
1552 3120 1780 3173 npuscu-
1808 3086 1853 3146 (ἶ
1885 3115 2083 3161 storem
2110 3121 2265 3160 suum
2308 3105 2360 3158 in
2394 3120 2520 3159 arce
2564 3104 2619 3159 S.
2650 3106 2841 3176 Angeli
2885 3086 3160 3162 scelerata:
3204 3109 3459 3162 custodia:

184 3189 378 3243 lorum
410 3190 634 3245 minoris
664 3192 866 3246 codicis
901 3209 933 3247 a
980 3195 1142 3249 tertio
1186 3194 1442 3262 opusculo
1499 3197 1549 3248 in
1599 3197 1782 3250 codice

194 3280 395 3348 majori
436 3289 670 3350 reperto,
700 3282 1090 3337 observandam
1120 3299 1237 3338 esse
1264 3285 1412 3348 duxi,
1458 3293 1515 3339 ut
1560 3286 1779 3357 indaga-

188 3389 313 3426 rem
348 3389 457 3427 cur
482 3373 535 3426 in
570 3374 839 3431 Chronico
864 3376 1078 3448 Regesti
1129 3379 1293 3448 (quod
1339 3381 1629 3435 secundum
1670 3383 1779 3450 jam

192 3465 508 3536 appellabo)
532 3466 711 3535 plures
736 3469 1001 3538 antipapa:
1026 3469 1166 3523 circa
1191 3470 1350 3524 finem
1373 3484 1778 3540 recenseantnr,

190 3566 248 3608 et
291 3555 483 3626 plures
527 3572 592 3610 ex
638 3548 890 3628 legitimis
928 3560 1183 3614 Romanis
1211 3561 1550 3629 pontificibus
1572 3579 1783 3619 eurum-

189 3649 324 3701 dem
362 3656 662 3717 temporum
696 3651 1037 3706 reticeantur.

263 3734 328 3792 Id
367 3753 496 3793 vero
519 3740 808 3798 observare
841 3751 897 3797 et
929 3743 1319 3800 observandum
1353 3747 1562 3802 czeteris
1589 3763 1784 3819 propo-

192 3844 333 3884 nere
386 3832 750 3887 necessarium
796 3835 953 3890 duco.
1022 3835 1277 3893 Ostendet
1339 3839 1481 3894 enim
1536 3841 1784 3897 vitiosam

191 3920 472 3990 originem
506 3922 765 3978 Actorum
803 3927 1180 3996 complurium,
1216 3946 1335 3999 quae
1367 3930 1574 3986 factiosi
1608 3933 1783 3987 homi-

193 4023 301 4063 nes
335 4017 529 4063 contra
568 4014 873 4082 apostolica:
904 4018 1046 4072 sedis
1069 4018 1189 4088 jura
1224 4020 1274 4074 in
1306 4020 1420 4076 foro
1449 4037 1511 4077 ac
1544 4022 1785 4077 tribuna-

194 4098 348 4152 libus
389 4099 553 4153 etiam
586 4101 809 4159 minoris
838 4105 1071 4163 subsellii
1107 4108 1315 4164 nefario
1341 4127 1472 4166 ausu
1505 4119 1633 4166 tunc
1668 4129 1789 4183 per-

194 4187 459 4254 ficienda,
494 4191 788 4260 scriptores
827 4211 955 4251 vero
998 4200 1173 4254 aetatis
1221 4210 1418 4257 nostra:
1467 4203 1789 4272 imprudenti

194 4278 435 4334 oonsilio
455 4278 721 4350 vulganda
748 4296 1004 4341 curarunt
1031 4288 1133 4342 hoc
1155 4304 1218 4343 ex
1258 4292 1497 4356 archivo,
1536 4300 1790 4362 tanquam

197 4370 403 4423 indicia
451 4371 729 4427 subversa:
754 4389 818 4428 ex
854 4384 979 4432 tunc
1015 4380 1299 4446 potestatis
1346 4396 1611 4451 suprctnte
1641 4399 1787 4437 sum-

198 4474 419 4513 morum
450 4461 763 4530 pontificum
793 4465 843 4519 in
869 4483 1019 4521 suam
1047 4470 1323 4524 ditionem.
1378 4472 1582 4526 Pendet
1621 4474 1791 4543 inspe-

197 4552 313 4604 ctio
338 4565 404 4604 ex
435 4553 643 4620 epocha
673 4556 979 4627 consignata
1008 4559 1060 4613 in
1090 4558 1357 4615 Chronico
1383 4565 1620 4618 secundo
1650 4606 1664 4630 ,
1697 4582 1791 4620 seu

198 4638 454 4709 Gregorii
469 4641 772 4699 Catinensis
784 4646 849 4699 ad
862 4662 1057 4703 annum
1076 4648 1231 4713 1552,
1249 4650 1337 4706 ubi
1355 4652 1545 4723 legitur
1564 4671 1577 4706 :
1599 4653 1793 4709 Henri-

201 4745 298 4781 cus
326 4726 456 4782 IIII
482 4746 574 4793 rex
600 4731 672 4784 ad
703 4732 801 4786 hoc
830 4737 1194 4790 monasterium
1217 4743 1465 4807 pervenit.
1498 4740 1624 4797 Post
1651 4744 1795 4797 bien-

203 4817 361 4871 nium
402 4819 583 4873 statim
608 4822 957 4890 consequitur
984 4840 1092 4878 aara
1119 4826 1354 4881 deterior
1385 4830 1457 4883 ita
1487 4840 1750 4899 concepta
1778 4850 1790 4885 :

207 4906 449 4961 Clemens
474 4907 574 4979 Pp.
602 4908 722 4963 III.
752 4910 1007 4967 Henricus
1032 4916 1327 4985 imperator.
1354 4920 1611 4987 Quisnam
1635 4922 1796 4977 fuerit

212 4996 303 5051 ille
334 4996 600 5065 Clemens,
624 5000 871 5068 quisnam
896 5002 980 5057 ille
1004 5003 1284 5070 Henricus,
1316 5008 1531 5067 Baronii
1559 5013 1796 5067 Annales
1840 5030 1843 5031 ν

217 5086 428 5140 docent.
485 5088 777 5151 Henricus,
811 5097 869 5141 ut
909 5092 974 5144 ab
1016 5093 1115 5147 hoc
1143 5094 1419 5167 incipiam,
1468 5110 1551 5155 est
1596 5102 1797 5155 acerri-

218 5192 340 5231 mus
370 5177 456 5234 ille
482 5179 657 5235 hostis
690 5180 995 5247 apostolica:
1039 5184 1197 5249 sedis,
1250 5190 1410 5248 toties
1452 5194 1796 5247 anathemate

220 5269 505 5337 perculsus,
549 5282 603 5325 et
640 5272 1019 5327 communione
1047 5290 1108 5328 ac
1134 5290 1299 5344 regno
1349 5282 1593 5349 privatus
1638 5281 1796 5335 itera-

650 5375 947 5382 --‘m.._____-
998 5380 1015 5382 ._
1042 5380 1047 5382 _
1102 5366 1173 5382 ..η

1885 3196 2249 3264 mancipatum
2266 3208 2569 3259 asservare,
2588 3196 2896 3250 scltismatis
2914 3213 3040 3251 vero
3058 3198 3456 3268 antesignanos.

1882 3281 2197 3337 Guibertum
2235 3291 2290 3337 et
2319 3282 2639 3348 llenricum,
2687 3296 2974 3341 coronatos
3010 3287 3061 3341 in
3109 3287 3457 3343 Lateranensi

1885 3374 2215 3445 patriarcbio
2254 3384 2309 3429 et
2354 3376 2407 3428 in
2441 3375 2730 3441 Vaticano,
2780 3391 2934 3430 sacra
2977 3387 3032 3431 et
3075 3378 3299 3447 profana
3338 3378 3459 3445 jura

1884 3472 2189 3519 evertentes
2219 3466 2434 3529 intueri,
2468 3466 2637 3520 donec
2674 3468 3046 3522 invenirentur
3084 3469 3310 3538 publica:
3348 3487 3460 3524 nta-

1879 3554 2094 3625 jestatis
2127 3556 2366 3611 vindices
2402 3556 2583 3611 fideles
2609 3556 2668 3610 Β.
2708 3558 2870 3613 Petro
2910 3560 3078 3625 cives,
3127 3576 3190 3616 ac
3232 3561 3459 3614 Romani

1886 3646 2119 3699 nominis
2160 3654 2217 3700 et
2260 3647 2477 3700 virtutis
2526 3661 2810 3713 memores,
2847 3648 2937 3717 qui
2995 3650 3108 3704 tunc
3152 3659 3392 3704 monstra
3430 3666 3460 3701 a

1886 3736 2191 3791 cervicibus
2222 3737 2629 3807 propulsarent;
2660 3740 2780 3807 quis
2811 3741 2995 3793 mirari
3018 3743 3189 3810 potuit
3215 3743 3267 3796 in
3292 3740 3461 3796 Chro-

1889 3825 2011 3881 nico
2070 3828 2305 3881 secundo
2362 3828 2576 3897 chcsti
2635 3828 2911 3885 Farfensis
2980 3834 3315 3898 monasterii,
3372 3834 3461 3887 ubi

1888 3924 2065 3969 eastra
2114 3932 2178 3971 ac
2216 3919 2553 3987 tyrannidem
2600 3919 2791 3974 fixerat
2834 3920 3121 3986 Henricus,
3173 3938 3460 3992 suppressa

1888 4009 2106 4063 nomina
2124 4009 2436 4079 pontificum
2464 4010 2847 4079 legitimorum,
2868 4012 3147 4082 solumque
3161 4014 3462 4068 invasorcm

1889 4098 2205 4154 Guibertum
2237 4099 2528 4154 Clementis
2568 4100 2630 4154 Ill
2664 4102 2880 4156 nomine
2912 4118 3034 4156 cum
3066 4113 3319 4159 consorte
3349 4120 3465 4160 scc-

1893 4188 2062 4243 lerum
2096 4188 2329 4244 Henrico
2358 4198 2686 4259 postremam
2730 4193 2981 4263 paginam
3026 4194 3287 4263 implere?
3324 4195 3462 4263 Quin

1890 4281 2056 4335 etiam
2089 4282 2377 4337 observare
2418 4282 2574 4352 juvat
2617 4283 2868 4340 Chronici
2917 4289 3141 4343 secundi
3176 4290 3463 4343 terminum

1896 4373 2143 4426 eumdem
2194 4388 2314 4428 esse
2353 4389 2416 4429 ac
2463 4375 2643 4429 szeculi
2674 4376 2965 4443 undecimi,
3001 4378 3126 4433 licet
3170 4379 3463 4451 Regcstum

1895 4470 2012 4514 acta
2038 4462 2334 4531 posteriora
2370 4464 2642 4518 contineat
2666 4480 2763 4534 per
2791 4480 2961 4520 annos
2988 4467 3342 4537 quadraginta
3368 4485 3468 4522 sae-

1895 4553 2001 4607 culi
2033 4554 2429 4622 subsequentis.
2467 4553 2618 4610 Unde
2656 4554 2909 4624 colligere
2949 4571 3235 4625 possumns
3269 4559 3466 4630 Grego-

1896 4644 2036 4697 rium
2066 4642 2407 4698 Catinensem
2436 4654 2707 4715 postrema
2731 4645 2845 4697 htec
2870 4653 3108 4713 tempora
3138 4661 3241 4699 non
3267 4648 3470 4717 signas-

1896 4748 1978 4799 se,
2006 4733 2100 4789 sed
2123 4733 2411 4788 factiosum
2443 4736 2677 4806 aliquem
2717 4748 3099 4788 amanucusem
3132 4733 3277 4788 Petri
3316 4738 3475 4791 abba-

1900 4825 1969 4879 tis
2014 4825 2289 4881 Farfcnsis
2334 4843 2347 4878 :
2400 4826 2466 4879 de
2516 4842 2622 4896 quo
2669 4824 2864 4877 abbate
2906 4824 3189 4881 consulere
3227 4828 3359 4881 satis
3391 4840 3478 4884 est

1898 4915 2179 4985 Spondani
2225 4916 2511 4986 Epitomeu
2553 4915 2913 4970 Baronianam
2971 4932 3036 4971 ex
3066 4914 3481 4973 Bibliothecario

1898 5008 2001 5062 ista
2052 5008 2395 5078 colligentem
2442 5010 2513 5063 ad
2552 5022 2749 5061 annum
2796 5006 2981 5065 “08:
3019 5028 3036 5058 ι
3070 5006 3246 5071 Auno,
3287 5008 3483 5078 inquit,

1896 5096 2099 5151 Christi
2118 5095 2405 5149 millesimo
2427 5095 2729 5151 centesimo
2751 5103 2953 5155 octavo
2977 5096 3266 5153 indictione
3287 5098 3486 5165 prima,

1897 5184 2177 5239 Paschalis
2206 5199 2341 5253 papa
2370 5187 2455 5253 (ut
2481 5196 2672 5241 auctor
2693 5193 2773 5239 est
2798 5184 3278 5258 Bibliotltecarius)
3302 5204 3493 5246 rursus

1901 5272 2288 5325 tumultuantes
2321 5275 2587 5338 quosdam
2633 5274 3006 5336 Romanorum
3050 5280 3294 5349 (quorum
3333 5280 3496 5347 prin-

2172 5362 2403 5382 -Α“ι-1-
2818 5367 2862 5382 In
