3924 5382
507 341 615 397 523

1210 336 1296 391 AD
1335 333 1772 392 ANASTASIUM
1802 324 2313 393 PROLEGOIMENA
2354 326 2528 391 EDlT.
2573 332 2989 393 ROM.-VATIC.

3642 326 3740 383 εει

509 453 702 509 Leonis
734 448 1109 522 Frangipanis,
1149 447 1604 503 nobilissimorum
1639 447 1835 501 civium
1876 440 2069 499 Roma-
2094 452 2142 509 Α
2171 446 2655 517 chronographiam
2700 446 2923 502 secundi
2966 442 3126 515 huius
3170 432 3425 499 C'hronici
3450 480 3466 505 ,
3518 451 3589 495 ea
3640 453 3740 495 non

509 559 702 599 norum
727 542 955 600 ﬁdeliter
976 555 1073 610 pro
1097 539 1212 609 ipso
1231 537 1491 593 Paschale
1517 538 1808 608 agentium.
1840 555 1861 587 ι

579 632 746 688 Miror
768 645 1095 702 anonymum
1123 629 1272 684 illum
1298 628 1638 698 scriptorem,
1663 628 1753 698 qui
1776 644 1920 686 anno
1938 616 2076 689 1689

509 724 736 780 Parisiis
763 723 931 778 edidit
956 737 1061 777 una
1093 733 1215 776 cum
1240 720 1627 781 dissertatione
1650 721 1907 776 historica
1929 723 2076 779 circa

510 814 834 873 numismala
866 811 1120 868 nennulla
1162 810 1340 865 Caroli
1378 810 1576 881 Magni,
1602 819 1657 866 et
1700 825 2075 868 successorum

506 902 694 973 Romae
733 902 968 972 signata,
1016 900 1178 955 etiam
1207 894 1399 955 Actum
1438 914 1504 954 ex
1547 899 1768 956 archivo
1806 899 2076 963 Farfensi,

508 1008 628 1063 cap.
648 993 702 1057 8,
731 992 1071 1062 productum,
1093 991 1373 1061 pertinens
1396 991 1462 1046 ad
1487 1005 1685 1055 annum
1723 992 1862 1049 “05
1879 1008 1948 1048 ex
1970 1008 2079 1064 quo

508 1083 804 1156 infringere
833 1099 892 1140 se
923 1096 1078 1154 posse
1110 1084 1317 1153 putavit
1356 1081 1481 1152 jura
1527 1095 1794 1153 suprema:
1832 1086 2081 1141 deminu-

510 1173 672 1228 tionis
701 1187 1035 1231 summorum
1058 1171 1379 1241 pontiﬁcum
1409 1171 1460 1227 in
1490 1187 1643 1228 suam
1673 1174 1953 1244 ditionem,
1988 1191 2081 1230 no-

509 1263 671 1319 luerit
697 1263 975 1319 attendere
999 1277 1057 1318 se
1082 1261 1174 1317 illa
1205 1264 1439 1317 mutuari
1473 1276 1505 1317 e
1536 1263 1759 1340 scriniis
1803 1265 1948 1320 Petri
1992 1266 2083 1320 ab-

509 1354 651 1410 batis
671 1354 966 1421 Farl‘ensis,
1002 1352 1156 1409 ducis
1198 1349 1557 1423 perduellium
1591 1354 1647 1410 S.
1678 1355 1743 1410 Β.
1766 1356 1832 1410 Ε.
1869 1371 1966 1427 per
1993 1356 2082 1411 illa

511 1454 774 1514 tempora,
798 1444 1000 1515 quibus
1039 1444 1290 1515 antipapa
1319 1453 1377 1501 et
1399 1445 1758 1502 haeresiarcha
1786 1447 2083 1503 Guibertus

511 1534 772 1605 ejusmodi
808 1533 997 1590 farina:
1036 1535 1348 1591 hominibus
1383 1535 1640 1593 ecclesias
1665 1551 1731 1591 ac
1758 1538 2084 1595 monasteria

510 1627 844 1697 repleverat;
894 1627 960 1683 de
1021 1636 1127 1697 quo
1179 1627 1258 1682 ita
1307 1627 1500 1684 scribit
1557 1627 1668 1684 Leo
1714 1627 1983 1685 Ostiensis
2029 1629 2085 1685 in

509 1719 781 1775 Chronico
808 1718 1142 1785 Cassinensi,
1169 1718 1264 1774 lib.
1289 1735 1373 1787 lli,
1400 1734 1520 1789 cap.
1542 1720 1610 1775 70
1632 1734 1655 1774 ιε
1690 1739 1710 1772 ι
1738 1720 1838 1789 Qui
1858 1720 2087 1777 Gniber-

2177 534 2611 605 distinguentem,
2670 550 2737 592 ex
2786 551 2930 591 anno
2981 534 3120 590 1050
3168 533 3396 588 minoris
3449 529 3743 585 habendam

2178 636 2389 678 moneo.
2418 623 2696 695 Superiori
2724 633 2884 679 :etate
2904 631 3195 679 occurrunt
3218 621 3424 690 aliquot
3439 617 3744 689 pontiﬁcum

2176 714 2395 784 epochen
2424 715 2631 770 iterata:
2655 723 2777 786 post
2802 715 3076 771 biennium
3102 721 3193 767 aut
3217 712 3533 772 triennium,
3560 723 3746 780 nempe

2178 806 2402 877 Eugenii
2431 806 2493 873 ll,
2527 806 2594 862 ad
2620 822 2791 864 annos
2826 806 2931 863 820
2972 816 3028 863 et
3062 806 3200 872 825;
3235 804 3409 874 Sergii
3438 802 3499 867 II,
3535 803 3605 857 ad
3629 816 3746 856 ann.

2180 896 2285 953 858
2312 905 2368 954 et
2392 898 2524 965 8M;
2557 899 2755 957 Leonis
2778 901 2977 969 quarti,
3017 900 3085 954 ad
3112 915 3237 956 ann.
3285 896 3391 959 8'50
3430 905 3489 953 et
3523 895 3650 960 833,
3694 904 3743 948 et

2179 988 2455 1045 Anastasii
2488 990 2632 1045 tertii
2656 989 2724 1046 ad
2752 1006 2880 1047 ann.
2906 991 3011 1048 906
3038 999 3095 1045 et
3116 990 3240 1053 908,
3258 1004 3367 1044 uno
3386 988 3509 1043 loco
3531 986 3745 1049 abrasm,

2182 1090 2242 1136 ut
2266 1083 2334 1139 ad
2362 1083 2596 1139 alterum
2627 1084 3072 1143 transferrentur.
3103 1082 3346 1143 Reddita!
3375 1088 3508 1141 sunt
3530 1088 3748 1148 utroque

2182 1173 2236 1228 in
2266 1172 2400 1238 loco,
2431 1186 2553 1230 cum
2592 1191 2698 1232 non
2744 1177 2879 1233 satis
2922 1185 3134 1233 constet
3180 1183 3299 1231 utra
3329 1186 3520 1230 earnm
3549 1173 3621 1227 ab
3656 1184 3748 1233 att-

2179 1273 2335 1321 ctore
2366 1263 2621 1324 Cbronici
2648 1267 2885 1337 primum
2919 1269 3130 1339 signata
3164 1266 3358 1331 fuerit;
3389 1277 3569 1334 neque
3594 1276 3749 1332 awa-

2182 1362 2303 1411 reat
2358 1371 2488 1412 num
2540 1358 2655 1428 ipsc
2709 1360 3106 1429 posterioribus
3154 1359 3306 1416 curis
3351 1371 3422 1413 an
3480 1356 3750 1412 recentior

2178 1446 2450 1516 quispiam
2498 1447 2944 1507 bibliothecarius
2988 1465 3057 1506 ex
3101 1448 3329 1520 repertis
3364 1447 3545 1502 serius
3590 1445 3750 1500 docu-

2189 1538 2389 1593 mentis
2410 1539 2643 1610 priorem
2685 1533 2979 1597 lectionem
3030 1538 3341 1596 mutaverit.
3386 1534 3577 1592 Nostri
3617 1533 3752 1603 quod

2183 1635 2305 1684 erat
2347 1628 2607 1694 muneris,
2650 1627 2882 1686 ﬁdeliter
2927 1629 3285 1686 indicavimus
3312 1626 3483 1683 etiam
3518 1624 3652 1681 vitia
3676 1632 3753 1681 at-

2185 1730 2292 1786 que
2317 1717 2616 1783 erasiones,
2644 1732 2713 1773 ne
2736 1719 3006 1790 quispiam
3030 1719 3149 1790 plus
3177 1718 3401 1782 tribuat,
3430 1723 3527 1770 aut
3546 1727 3647 1785 per
3664 1727 3752 1771 nos

511 1821 617 1876 tus,
657 1811 820 1865 etiam
853 1809 1030 1880 pulsis
1074 1809 1351 1866 catholicis
1390 1811 1659 1880 episcopis
1697 1820 1754 1867 et
1795 1810 2077 1867 abbatibus
2108 1798 2150 1857 Β
2177 1805 2437 1863 tributam
2475 1808 2769 1865 arbitretur
2808 1810 2892 1865 bis
2920 1808 3262 1878 chronolegis
3306 1821 3474 1876 quam
3518 1820 3623 1875 par
3667 1804 3749 1859 sit.

512 1900 868 1957 ecclesiarum
896 1900 1220 1971 praepositis,
1254 1900 1480 1959 scientia
1502 1900 1713 1971 pariter
1736 1910 1799 1957 et
1829 1901 2084 1971 religione

513 1990 865 2062 pollentibus,
896 1990 1190 2047 sceleratos
1210 2000 1276 2047 'et
1304 1991 1500 2049 idiotas
1525 1992 1749 2064 singulis
1773 1993 2085 2051 civitatibus

510 2090 563 2136 et
587 2080 847 2137 coenobiis
887 2080 968 2137 vel
1011 2080 1276 2146 ecclesiis,
1311 2081 1570 2152 singulos,
1600 2083 1870 2139 interdum
1905 2092 2084 2139 autem

513 2172 671 2228 binos
699 2169 782 2226 vel
818 2185 1031 2237 annuos
1071 2171 1322 2240 praelatos
1354 2172 1641 2228 damnabili
1689 2172 1884 2242 prioris
1914 2172 2083 2243 magi-

511 2264 609 2320 stri
643 2263 725 2319 sui
773 2261 1010 2318 Simonis
1060 2263 1197 2335 Magi
1239 2265 1595 2322 mercimonio
1635 2265 1986 2332 substituens,
2031 2267 2086 2322 in

510 2353 1000 2426 depraedationibus
1033 2363 1343 2411 sanctorum
1378 2354 1624 2411 locorum
1655 2363 1711 2411 ct
1745 2355 2078 2415 Christiano-

510 2461 629 2501 rum
675 2445 777 2501 sibi
825 2440 931 2500 non
973 2444 1288 2513 faventium,
1336 2446 1467 2512 imo,
1511 2454 1572 2501 et
1611 2445 1924 2511 faventium,
1959 2447 2085 2503 dum

511 2552 617 2593 non
673 2546 817 2593 esset
871 2538 964 2606 qui
1027 2546 1238 2593 armato
1285 2538 1599 2605 resisteret,
1660 2538 1818 2609 longe
1871 2536 2087 2608 lateque

512 2629 786 2683 voluntate
810 2629 1026 2698 quidem
1048 2628 1281 2684 Neronis
1305 2637 1363 2684 et
1384 2629 1553 2696 Decii,
1577 2629 1672 2685 sed
1707 2629 1886 2685 minus
1906 2628 2087 2699 possi-

514 2719 723 2774 bilitate
748 2729 1024 2775 crassatus
1050 2728 1150 2775 est.
1184 2739 1204 2773 ι

585 2809 775 2865 Simile
814 2810 1088 2880 quidpiam
1134 2810 1363 2882 contigit
1399 2808 1506 2867 hoc
1550 2812 1669 2882 ipso
1712 2812 1765 2867 in
1813 2810 2086 2869 Chronico

513 2900 752 2954 secundo
780 2901 925 2955 circa
949 2900 1183 2954 medium
1212 2902 1394 2956 sa‘culi
1421 2901 1636 2968 det-imi,
1661 2901 1728 2957 ad
1753 2916 2091 2971 consequen-

517 2992 591 3046 tia
647 2999 913 3062 tcmpora,
959 2992 1173 3062 quando
1210 2991 1473 3050 factiones
1514 2995 1568 3049 in
1608 2994 1760 3049 italia
1793 3010 1859 3051 ac
1906 2993 2090 3051 Roune

2180 1895 2239 1950 lu
2275 1897 2443 1967 priori
2469 1906 2652 1954 autem
2672 1899 3021 1970 chrottologia
3049 1898 3362 1970 pontiﬁcum
3390 1895 3752 1953 Romanorum

2182 1991 2369 2061 (quam
2417 1991 2586 2047 habes
2628 1990 2767 2046 infra
2821 1992 2906 2048 his
2938 1992 2990 2046 in
3040 1988 3459 2062 prolegomenis)
3492 1987 3753 2056 descripta

2184 2096 2253 2137 ex
2281 2081 2389 2137 alio
2438 2083 2696 2140 anteriori
2747 2083 2954 2149 codice,
2987 2096 3145 2152 quem
3196 2085 3389 2137 vocant
3428 2076 3751 2134 Chronicum

2181 2170 2462 2236 Farfense,
2495 2173 2585 2229 ubi
2610 2173 2890 2230 erasiones
2921 2172 3099 2229 nullas
3124 2171 3452 2236 invenimus,
3486 2170 3541 2223 in
3578 2166 3757 2237 penul-

2182 2267 2318 2323 timo
2342 2274 2548 2323 tantum
2572 2282 2732 2337 versu
2756 2265 3092 2324 Bonifacium
3116 2265 3452 2336 autipapam,
3488 2271 3551 2318 et
3572 2270 3757 2332 quarto

2185 2367 2312 2414 ante
2349 2359 2499 2415 illum
2545 2359 2662 2416 loco
2702 2359 2939 2416 Leonem
2982 2359 3188 2431 pariter
3234 2353 3750 2429 pseudopontiﬂcem

2184 2451 2364 2509 octavi
2395 2451 2613 2507 nomine
2643 2451 2909 2506 intrusum
2934 2464 3060 2507 cum
3090 2446 3499 2510 oﬂ‘enderimns,
3536 2442 3761 2499 fortasse

2186 2542 2409 2600 additos
2446 2542 2786 2613 suspicamur
2818 2542 2888 2597 ah
2923 2541 3173 2612 imperito
3216 2538 3434 2594 homine
3478 2532 3759 2590 vetnstiori

2185 2648 2254 2690 ex
2279 2633 2535 2703 Catalogo
2579 2633 2638 2688 in
2682 2631 3113 2703 praecedentibus
3160 2628 3483 2685 desinente:
3515 2624 3608 2678 ubi
3638 2623 3757 2676 vitio

2186 2723 2556 2790 amanuensis,
2579 2730 2639 2778 ut
2660 2723 2922 2788 arbitror,
2949 2730 3077 2776 ante
3108 2718 3372 2774 Marinum
3405 2714 3523 2785 (qui
3543 2719 3761 2783 quarm:

2181 2817 2517 2888 prmponitur
2540 2822 2843 2869 memorato
2864 2812 3056 2882 Léoni)
3110 2819 3223 2864 tres
3257 2804 3551 2877 pontifices
3587 2799 3762 2857 odssi

2187 2916 2333 2972 sunt,
2371 2904 2610 2961 Joannes
2634 2904 2728 2969 XI,
2757 2902 2867 2959 Leo
2894 2900 2983 2957 γη
3004 2909 3061 2956 et
3083 2898 3397 2969 Stephanus
3423 2893 3522 2949 IX.

2258 2998 2466 3055 Caetera
2504 2997 2559 3053 in
2606 2996 2797 3054 eodem
2851 2994 3024 3067 priori
3064 2990 3335 3049 Chronico
3386 2985 3542 3045 recte
3586 2999 3765 3058 prece

514 3084 816 3153 prresertim
843 3084 1077 3139 subortte
1113 3084 1324 3141 crebris
1364 3085 1747 3142 schismatibus
1790 3085 2086 3142 Ecclesiam
2118 3136 2158 3153 η
2189 3090 2345 3145 dunt.

516 3173 955 3245 proscindebant.
987 3175 1226 3244 Apparet
1267 3189 1364 3244 per
1404 3176 1618 3231 eosdem
1657 3190 1827 3231 annos
1867 3176 2087 3232 vitiatus

519 3267 686 3321 codex
709 3266 956 3321 erasione
982 3266 1256 3321 nominum
1282 3281 1347 3321 ac
1374 3266 1787 3338 transpositione
1816 3267 2078 3339 legitimo-

518 3372 639 3410 rum
658 3356 990 3425 pontiﬁcum,
1013 3356 1104 3411 sed
1118 3355 1456 3425 potissimum
1485 3357 1880 3413 intermistione
1908 3357 2083 3411 schis-

521 3448 840 3501 maticorum
890 3456 1053 3516 atque
1115 3447 1448 3503 intrusorum
1494 3460 1723 3517 quorum
1780 3447 2090 3502 nominibus

2111 3136 2159 3200 C

2254 3182 2372 3238 Hac
2402 3180 2565 3253 igitur
2582 3179 2866 3250 praemissa
2894 3176 3086 3233 notitia
3113 3173 3362 3231 codicum
3387 3180 3453 3228 et
3472 3178 3763 3237 auctorum,

2191 3275 2293 3331 tria
2337 3273 2426 3329 illa
2468 3270 2724 3343 opuscula
2770 3267 3152 3339 chronologica
3202 3264 3331 3320 inde
3374 3271 3637 3318 accurate
3678 3258 3762 3313 de.

2190 3367 2390 3435 scripta
2441 3371 2556 3418 tuto
2600 3360 2844 3432 proferre
2888 3360 2999 3431 jam
3042 3369 3363 3427 possumus,
3414 3360 3610 3423 utpote
3662 3349 3764 3403 suis

2196 3456 2359 3513 etiam
2383 3452 2532 3508 vitiis
2557 3461 2614 3507 et
2649 3451 3004 3507 schismatum
3031 3446 3245 3503 indiciis
3261 3443 3482 3500 veritati
3512 3439 3769 3497 historice

527 3539 819 3595 asteriscos
841 3550 893 3593 et
921 3540 1111 3593 breves
1141 3548 1295 3594 notas
1326 3540 1375 3593 in
1403 3540 1641 3611 margine
1677 3539 1948 3595 addendos
1970 3554 2098 3593 ccn-
2200 3544 2506 3618 profutura.

523 3630 628 3695 sti,
659 3639 715 3683 ut
743 3629 952 3685 facilius
977 3631 1187 3685 secerni
1222 3639 1464 3700 possent.
1494 3631 1587 3686 llis
1612 3632 1778 3687 etiam
1819 3633 1883 3686 de
1924 3631 2104 3684 causis

1928 3816 2043 3824 ...._...
2054 3813 2369 3823 -——.——-—..

2373 3786 3749 3823 ...φ-Μ

1421 3956 2022 4037 CATALOGUS
2079 3942 2859 4032 IMPERATORUM.

1558 4161 1594 4202 Δ
1636 4152 1816 4203 IULIO
1860 4158 2110 4202 CAESARE
2146 4155 2230 4196 ΔΙ)
2274 4152 2607 4196 BENRICUM
2650 4151 2759 4216 lll._~

604 4304 720 4367 Ubi
756 4305 935 4367 etiam
978 4303 1206 4384 legitur
1241 4304 1425 4363 series
1460 4321 1673 4384 regum
1708 4302 2053 4384 Gothorum
2077 4307 2128 4360 et
2168 4295 2737 4384 Langobardorum,
2771 4311 2906 4384 cum
2942 4290 3207 4384 ducibus
3237 4286 3597 4370 Spoletanis
3648 4304 3715 4348 ac

1111 4373 1552 4443 Beneventanis
1578 4398 1813 4442 necnon
1842 4378 2137 4459 pluribus
2174 4373 2505 4439 comitibus
2535 4373 2894 4437 Sabinensia
2930 4377 3196 4433 tractus.

1857 4538 1952 4600 (Ex
1976 4537 2207 4590 Chronico
2233 4535 2495 4599 Farfensl.)

606 4798 780 4854 Julius
801 4795 986 4852 Cesar.
1013 4791 1196 4850 Primo
1219 4790 1502 4862 imperavit
1527 4803 1668 4845 anno
1692 4787 1855 4845 Urbis
1881 4787 2110 4845 condita:
2138 4789 2187 4850 ι)
2213 4783 2384 4855 liuius
2428 4795 2570 4837 anno
2607 4777 2723 4835 XV.
2770 4774 3022 4836 Christus
3069 4772 3374 4844 baptizatus
3424 4777 3545 4827 est:
3605 4768 3774 4829 XVIII,

538 4887 876 4946 DCXCVllll.

610 4978 939 5036 Octavianus
993 4975 1135 5030 filius
1194 4971 1401 5030 Octavii
1458 4970 1768 5035 Senatoris;
1833 4968 2116 5041 imperavit

2144 4932 2149 4937 ,
2211 4888 2404 4947 passus
2419 4913 2433 4938 ,
2458 4872 2608 4926 obiit.

2284 4962 2401 5017 Hoc
2442 4963 2498 5016 in
2525 4959 2782 5017 Chronico
2821 4957 3022 5012 numeri
3058 4969 3259 5025 semper
3296 4951 3668 5021 exprimuntur
3699 4964 3781 5018 per

541 5072 698 5110 ηηηία
736 5071 819 5110 latr
872 5068 1003 5110 LVI-
1049 5067 1241 5110 XLVI-
1286 5066 1420 5110 vixit.
1465 5063 1719 5110 LXXVII-
1769 5063 1933 5110 Huius
1972 5075 2114 5110 anno
2213 5055 2390 5109 literas
2418 5051 2710 5109 numerate;
2739 5048 3001 5110 alphabeti
3039 5045 3237 5101 Latini.
3274 5041 3580 5110 Compendii
3618 5053 3780 5096 tamen
