3976 6312
577 395 684 453 545
1312 391 1406 450 AD
1440 386 1884 453 ANASTASIUII
1917 382 2425 446 PROLEGOMENA
2463 382 2640 444 EDIT.
2676 381 3078 443 ROM.-VATIG
3723 373 3814 436 δα

651 508 791 563 Ann.
820 506 891 562 D.
920 500 921 503 “
1066 504 1191 561 Ind.
2178 505 2231 565 Α
2326 501 2464 555 Ann.
2502 501 2569 557 D.
2598 499 2725 556 Ind.

576 616 785 659 ILXVIII
1093 613 1149 657 VI
2252 609 2490 651 ILXXXVI
2775 608 2832 650 IX

575 709 744 749 ILXIX
1103 704 1185 748 VII

2255 699 2512 741 [LXXXVII
2776 698 2813 739 X

574 798 724 841 ILXX
1093 800 1195 844 τιιι

2255 791 2534 834 [LXXXVIII
2773 789 2830 831 XI
2962 788 3092 830 DOI.
3142 787 3263 828 BER.
3324 785 3402 827 SS-
3451 785 3492 826 ι.
3542 785 3668 826 LII.

574 889 744 929 ILXXI
1096 892 1156 932 rx
3032 865 3209 920 Rainl.
3245 864 3368 921 abb.

573 981 762 1023 ILXXII
1098 983 1136 1023 X

2255 975 2497 1017 unum
2780 974 2858 1016 xu
2978 956 3142 1014 Bern.
3171 956 3282 1019 (ΙΙ.)
3306 956 3432 1014 abb.

573 1074 786 1115 IILXXIII
1105 1076 1159 1116 XI
2253 1067 2362 1109 Ιια
2773 1067 2874 1108 XIII

574 1163 779 1206 qurv
1091 1166 1170 1207 xu
1274 1150 1435 1224 Greg.
1462 1151 1625 1230 [Vll.]
1646 1153 1749 1229 Pp.

2255 1161 2380 1204 IXCI
2771 1160 2865 1201 XIV

574 1255 755 1296 ILXXV
1091 1258 1189 1299 XIII

2255 1253 2402 1294 IXCII
2772 1251 2842 1293 XV

572 1348 774 1389 ILXXVI
1090 1351 1184 1391 XIV
2251 1343 2425 1385 IXCIII
2782 1341 2800 1383 I

572 1443 794 1483 ILXXVII
1091 1444 1163 1486 ιν

2255 1435 2418 1477 IXCIV
2776 1435 2815 1478 II

571 1532 816 1574 ILXXVIII
904 1536 913 1539 ⁴
1104 1537 1123 1576 ι

2255 1532 2395 1573 uxcv
2779 1528 2838 1568 Ill
2966 1513 3133 1569 Lunae
3204 1510 3510 1568 obscuratio
3573 1507 3709 1566 VIII.
3762 1506 3817 1563 κ.

571 1622 773 1663 ILXXIX
1091 1624 1134 1667 11

3063 1600 3220 1658 Mart.
3246 1601 3653 1672 Stellarumque
3680 1612 3822 1655 occ:-

571 1715 753 1756 lexx
1087 1718 1147 1760 ιιι
3036 1695 3118 1750 sio
3150 1693 3211 1749 ll.
3242 1708 3349 1750 non
3374 1709 3462 1766 ap.

568 1808 774 1850 ILXXXI
1086 1808 1145 1849 IV
2250 1804 2413 1845 IXCVI
2764 1802 2819 1843 IV

570 1897 795 1972 ILXXXII
1093 1899 1124 1936 v
1269 1884 1535 1942 Henricus
1584 1884 1722 1958 (ιν.)
1773 1899 1869 1941 rex
1915 1882 1984 1939 ad
2047 1882 2152 1939 hoc
2179 1869 2228 1930 B
2258 1894 2441 1936 uxcvu
2767 1891 2803 1931 v
2933 1874 3277 1933 Hierosolim.
3300 1875 3388 1931 Vl.
3418 1875 3485 1929 Ii.
3517 1874 3715 1931 Octob.
3745 1888 3824 1928 re-

1343 1984 1576 2030 monast.
1606 1975 1781 2046 primo
1817 1974 1988 2031 venit.
3024 1977 3272 2040 cuperat,
3300 1977 3383 2024 est
3426 1983 3456 2022 a
3486 1965 3819 2022 Christianis.

570 2080 816 2122 suum
1074 2083 1129 2124 vr
1278 2066 1587 2124 "Clemens
1661 2067 1791 2140 (ΙΙΙ.)
1840 2068 1939 2139 Pp.
1986 2065 2150 2123 Hein-

3033 2058 3272 2115 Columa:
3300 2058 3544 2130 plurima:
3592 2059 3663 2111 ab
3692 2057 3822 2111 occi-

1351 2160 1496 2215 ricus
1524 2161 1713 2230 imper.
3034 2153 3197 2209 dente
3265 2151 3319 2206 in
3397 2150 3667 2206 orientem
3716 2162 3823 2218 pcr-

1341 2253 1377 2289 *
1411 2250 1640 2309 Schism.
1674 2250 1733 2307 Is
1760 2262 1837 2308 est
1865 2248 2145 2307 Guibertus
3025 2258 3153 2314 gere
3195 2242 3337 2313 visae,
3378 2250 3505 2298 sunt
3559 2239 3688 2296 Ber.
3723 2236 3820 2310 (IL)

1418 2348 1689 2418 antipapa.
3032 2336 3159 2393 abb.

565 2455 669 2499 ILX
679 2459 802 2499 XXIV
1084 2457 1163 2501 νη
2253 2450 2459 2497 [XCVIII
2660 2452 2667 2458 “
2772 2448 2828 2488 τι

567 2553 782 2594 ιιικχκγ
1082 2552 1178 2593 VIII
1262 2534 1455 2590 Fames
1475 2532 1647 2591 valida
1669 2530 1790 2587 fuit.
2254 2543 2422 2586 IXCIX
2771 2538 2849 2580 vn

580 2652 3787 2695 Μ

1379 2822 2139 2939 FRANCISGI
2225 2817 3001 2935 BLANCHINI

1370 3040 1852 3101 PIUEMONI’I‘UH
1886 3040 1981 3098 AD
2020 3038 2163 3098 Ι)υο
2198 3036 2593 3108 SEQUENTIA
2631 3036 3015 3096 OPUSCULA.

643 3272 759 3327 Duo
785 3283 1032 3341 pronma
1060 3263 1342 3338 opuscula,
1372 3262 1521 3319 Vitas
1549 3261 1889 3333 pontiﬁcum,
1919 3262 1996 3315 uti
2022 3276 2150 3331 spe-
2173 3262 2218 3326 C
2251 3254 2622 3327 compluribus
2641 3261 2766 3308 ante
2785 3264 2886 3307 nos
2898 3246 3111 3305 saeculis
3125 3245 3578 3315 conscriptorum,
3595 3244 3822 3301 nondum

571 3380 655 3430 ro,
683 3363 1027 3419 illustrabunt
1049 3375 1156 3415 non
1180 3373 1287 3413 uno
1311 3357 1364 3412 in
1392 3355 1527 3412 loco.
1559 3355 1692 3409 Cum
1720 3354 1863 3409 enim
1891 3352 2148 3407 observa-

573 3472 685 3519 tum
736 3460 811 3515 sit
859 3456 1171 3513 earumdem
1200 3453 1444 3509 Vitarum
1497 3451 1809 3522 scriptores,
1851 3447 2148 3520 praesertim

571 3552 925 3623 antiquiores,
959 3547 1325 3615 consuevisse,
1363 3561 1464 3617 pro
1492 3559 1641 3599 more
1671 3544 1926 3599 Actorum
1969 3540 2147 3610 publi-

570 3658 781 3707 corum,
819 3657 925 3697 non
972 3640 1130 3696 modo
1186 3650 1427 3709 tempora
1476 3635 1807 3708 singulorum
1861 3634 2150 3703 diligenter

572 3746 891 3789 enumerare
931 3746 1028 3803 per
1055 3728 1386 3791 consulatus,
1431 3727 1524 3782 sed
1547 3727 1710 3781 etiam
1739 3724 1855 3780 loca
1886 3723 2149 3778 adnotare

569 3829 662 3884 ubi
691 3823 1004 3883 earumdem
1032 3824 1168 3879 Vitae
1195 3820 1475 3878 exordium
1499 3820 1743 3889 contigit,
1782 3826 1836 3872 et
1864 3815 1954 3871 ubi
1994 3827 2148 3871 actus

571 3920 805 3992 supremi
830 3926 993 3987 atque
1008 3913 1179 3972 oIIicia
1195 3921 1412 3986 peracta
1442 3922 1586 3977 sunt;
1609 3925 1782 3979 eaque
1808 3908 1924 3965 loca
1946 3907 2149 3962 idcirco

572 4011 828 4068 notabilia
860 4008 1049 4065 iisdem
1090 4007 1206 4062 visa
1235 4003 1435 4059 fuerint
1463 4018 1527 4057 ac
1574 4000 1805 4073 posteris
1838 3997 2146 4063 indicanda,

570 4103 806 4173 suscepti
832 4100 1012 4172 operis
1037 4098 1176 4155 ratio
1208 4096 1422 4153 videtur
1446 4111 1477 4150 a
1508 4094 1664 4149 nobis
1695 4090 1992 4163 postulare,
2026 4096 2150 4159 post

569 4215 634 4254 ea
680 4196 928 4268 praesidia
973 4200 1285 4265 comparata
1313 4205 1433 4261 qua:
1468 4189 1533 4243 ad
1563 4185 1969 4258 cbronologiam
2007 4182 2152 4240 refe-

572 4300 788 4355 runtur,
834 4297 892 4343 ut
917 4288 1081 4343 etiam
1111 4286 1179 4340 de
1205 4282 1554 4354 topographia
1604 4279 1763 4349 hujus
1795 4276 2037 4333 historia:
2067 4275 2153 4331 di-

572 4382 852 4439 lucidanda
868 4379 1200 4450 cogitemus.
1232 4374 1402 4429 Porro
1430 4374 1484 4427 in
1514 4370 1737 4441 singulis
1759 4368 2148 4440 propemodum

571 4476 711 4532 Vitis
738 4481 1051 4530 recensetur
1070 4470 1217 4527 locus
1242 4466 1498 4522 natalium
1519 4473 1575 4519 et
1596 4464 1749 4519 locus
1774 4459 2144 4532 depositionis.

572 4570 629 4627 Si
654 4578 832 4624 autem
865 4570 911 4622 is
938 4565 1122 4619 Romae
1170 4561 1241 4617 sit
1266 4566 1426 4614 natus
1461 4558 1552 4627 qui
1597 4555 1824 4611 subinde
1860 4552 2007 4608 Petri
2059 4567 2152 4607 ca-

571 4661 817 4718 thedram
849 4657 937 4712 hic
960 4664 1043 4711 est
1063 4659 1360 4714 assecutus,
1385 4648 1524 4704 solet
1564 4643 1891 4716 biographus
1913 4640 2148 4713 regionis

569 4770 786 4827 quoque
811 4764 1004 4808 nomen
1026 4758 1318 4819 apponere,
1366 4750 1422 4797 et
1447 4740 1769 4811 quandoque
1816 4744 2024 4806 partem
2065 4750 2154 4790 re-

574 4846 749 4918 gionis
788 4843 1050 4898 illustrem
1100 4836 1279 4907 aliqua
1304 4831 1561 4905 peculiari
1600 4828 1999 4900 nuncupatione
2026 4841 2151 4897 pro-

573 4916 736 4993 ferre.
770 4932 954 5003 Neque
985 4928 1163 4984 minor
1190 4934 1271 4982 est
1302 4922 1575 4995 diligentia
1609 4919 1895 4989 scriptoris
1945 4918 1998 4971 in
2028 4916 2148 4973 loco

572 5025 921 5097 depositionis
944 5017 1249 5077 indicando.
1285 5015 1544 5071 Memorat
1571 5011 1716 5068 enim
1748 5007 2145 5072 coemeterium,

571 5118 851 5175 basilicam
869 5124 961 5169 aut
990 5111 1227 5175 titulum,
1256 5107 1345 5163 ubi
1371 5106 1513 5176 quod
1538 5101 1766 5159 mortale
1795 5100 1940 5155 illius
1968 5098 2155 5169 ponti-

572 5211 690 5275 ﬁcis
719 5207 893 5261 fuerat
923 5202 1305 5274 sepeliebatur.
1336 5197 1414 5253 Ne
1446 5198 1609 5270 igitur
1640 5194 1707 5249 ad
1731 5191 1970 5265 singulas
1997 5190 2151 5246 Vitas

570 5307 771 5362 iterare
798 5315 1055 5371 cogamur
1077 5293 1467 5366 expositionem
1515 5288 1749 5359 regionis
1777 5295 1870 5341 aut
1896 5292 2153 5340 eamete-

573 5398 639 5452 rii
672 5396 749 5450 sic
788 5391 1027 5455 indicati,
1080 5381 1513 5454 compendiosius
1558 5394 1680 5435 esse
1733 5377 1983 5431 duximus
2025 5388 2156 5443 pro-

574 5489 723 5545 ferre
777 5486 883 5541 duo
931 5480 1211 5553 epuscula,
1263 5479 1401 5532 hanc
1452 5469 1855 5545 topographiam
1905 5464 2149 5523 nonnihil

573 5582 931 5637 declaratum.
979 5572 1327 5642 Antiquitatis
1379 5568 1493 5621 laus
1529 5569 1742 5634 utrique
1774 5560 2025 5616 conciliat
2054 5574 2149 5612 au-

573 5673 904 5733 ctoritatem,
935 5678 987 5722 et
1014 5664 1258 5735 designat
1288 5669 1467 5731 partes
1494 5657 1675 5721 Urbis,
1705 5663 1797 5707 aut
1852 5647 2151 5705 suburbani

577 5762 713 5835 agri,
745 5763 812 5815 de
852 5757 1049 5830 quibus
1100 5753 1281 5826 agitur
1333 5750 1386 5804 in
1444 5745 1761 5802 recensione
1792 5740 2029 5811 regionis
2055 5744 2151 5793 aut

572 5832 897 5916 cmmeterii,
933 5863 1053 5905 tum
1082 5860 1179 5917 per
1207 5850 1418 5899 aetatem
1473 5836 1685 5899 illorum
1742 5832 2149 5905 opusculorum,

2251 3349 2582 3405 excidissent
2627 3342 2907 3416 parietina:
2934 3339 3248 3396 eorumdem
3285 3337 3662 3402 aediﬁciorum,
3711 3351 3823 3407 quas

2250 3440 2590 3512 postmodum
2613 3435 2815 3499 diruta,
2844 3448 2908 3488 ac
2930 3431 3099 3487 ferme
3133 3430 3248 3485 solo
3281 3437 3490 3500 aequata
3530 3437 3686 3494 sunt,
3733 3441 3823 3483 nec

2249 3535 2458 3588 viarum
2508 3531 2701 3586 ductus
2731 3536 2787 3582 et
2832 3522 3456 3597 regionumdiscrimina
3507 3521 3667 3577 novis
3704 3535 3826 3576 cono

2250 3623 2643 3681 structionibus
2663 3618 2870 3675 variata
2893 3615 3253 3675 reddidissent
3270 3628 3337 3669 ea
3357 3612 3577 3669 nomina
3600 3611 3824 3682 posteris

2250 3719 2589 3779 obscuriora.

2321 3855 2559 3912 Primum
2604 3852 2768 3924 igitur
2812 3864 2880 3906 ex
2931 3847 3079 3903 hisce
3103 3844 3379 3917 opusculis
3427 3840 3824 3915 topographicis

2249 3945 2471 4018 protulit
2491 3960 2557 4000 ex
2583 3943 2768 3999 codice
2784 3939 3200 3995 membranaceo
3229 3934 3354 3991 noni
3382 3933 3586 3998 saeculi,
3616 3940 3827 4004 reperto

2250 4038 2305 4092 in
2333 4033 2658 4090 bibliotheca
2682 4028 3035 4086 Einsidlensis
3064 4022 3398 4090 monasterii,
3440 4022 3505 4076 Β.
3555 4020 3620 4076 P.
3675 4020 3824 4077 Joan.

2251 4126 2618 4192 Mabillonius,
2651 4135 2706 4180 et
2760 4122 2943 4179 retulit
2971 4121 3113 4176 inter
3156 4118 3352 4175 Vetera
3392 4116 3680 4181 Analecta,
3706 4113 3827 4172 torni

2250 4219 2429 4289 quarti
2458 4233 2580 4289 pag.
2627 4215 2752 4281 506,
2790 4215 2876 4269 cui
2942 4212 3132 4267 titulus
3162 4213 3358 4265 merito
3384 4207 3657 4277 ascriptus
3689 4206 3823 4261 fuit:

2251 4315 2548 4385 Descriptio
2571 4313 2839 4384 regionum
2869 4308 3046 4365 Urbis.
3097 4309 3193 4365 Est
3220 4308 3364 4364 enim
3402 4307 3658 4362 ordinata
3691 4320 3831 4376 qua:-

2252 4408 2375 4463 dam
2419 4405 2757 4461 enumeratio
2782 4402 3131 4458 aedificiorum
3158 4400 3547 4472 praecipuorum
3575 4397 3662 4452 vel
3694 4400 3826 4453 intra

2252 4498 2514 4554 ambitum
2540 4495 2705 4553 Urbis
2734 4494 2941 4560 Romae,
2972 4492 3059 4548 vel
3085 4498 3241 4548 extra
3270 4489 3493 4553 Urbem,
3522 4488 3719 4543 dextra
3747 4488 3829 4542 la:-

2174 4618 2228 4679 ι)
2252 4613 2428 4668 vaque
2456 4584 2859 4667 spectabilium"
2890 4593 2943 4647 in
2993 4604 3283 4662 progressu
3330 4603 3397 4643 ex
3425 4585 3607 4655 aliqua
3674 4581 3826 4639 Urbis

2256 4698 2411 4760 porta
2438 4687 2504 4741 ad
2528 4693 2735 4742 certum
2767 4682 3054 4738 terminum
3080 4678 3272 4735 viatori
3302 4676 3679 4734 constitutum.
3710 4674 3827 4728 Post

2256 4794 2351 4835 eas
2377 4777 2763 4847 descriptiones
2801 4773 3080 4845 regionum
3107 4769 3292 4835 Urbis,
3341 4782 3475 4837 quas
3497 4764 3702 4821 sarculo
3734 4763 3828 4818 Va—

2255 4868 2537 4929 lentiniani
2566 4876 2620 4922 et
2646 4865 2883 4922 Valentis
2912 4862 3300 4919 concinnarunt
3333 4857 3586 4913 Publicus
3621 4855 3822 4918 Victor,

2256 4972 2313 5019 et
2337 4961 2534 5029 Sextus
2571 4957 2768 5023 Rufus,
2823 4955 2964 5010 illam
2998 4953 3065 5008 ab
3102 4951 3237 5007 Aldo
3289 4947 3588 5011 Manuccio,
3636 4946 3825 5001 hanc:

2254 5053 2517 5109 Panvinio
2540 5058 2724 5106 nostro
2748 5048 2980 5119 primum
3002 5045 3192 5106 editas,
3226 5041 3421 5097 nullam
3445 5040 3547 5094 hac
3575 5039 3827 5094 vetustio-

2249 5160 2364 5201 rem
2417 5142 2546 5197 mihi
2600 5138 2828 5209 contigit
2877 5136 3188 5192 observare.
3217 5133 3428 5199 Quanto
3453 5139 3635 5185 autem
3699 5131 3825 5183 bono

2249 5234 2449 5291 veteris
2480 5231 2718 5289 historiae
2740 5238 2794 5284 et
2822 5228 2900 5283 rei
2928 5225 3249 5294 antiquaria:
3275 5223 3380 5276 illa:
3410 5220 3692 5291 producta-
3723 5220 3825 5273 fue-

2251 5328 2379 5391 rint,
2399 5324 2637 5381 declarat
2660 5320 2949 5377 Panvinius
2968 5318 3023 5372 in
3048 5313 3363 5390 praefatione
3378 5312 3443 5366 ad
3469 5311 3530 5366 P.
3554 5308 3823 5365 Victorem

2254 5420 2331 5475 ita
2354 5416 2719 5489 perscribens:

2333 5574 2351 5606 ι
2401 5554 2499 5608 llic
2544 5566 2681 5606 unus
2730 5545 2941 5602 libellus
2977 5550 3080 5607 est,
3133 5539 3286 5609 cujus
3345 5534 3691 5608 potissimum
3734 5541 3822 5601 ope

2255 5661 2446 5703 omnes
2497 5643 2587 5713 qui
2645 5641 2906 5694 hucicnns
2935 5636 2999 5689 de
3053 5633 3214 5689 Urbis
3272 5632 3453 5684 Romae
3506 5625 3821 5695 antiquitate

2256 5736 2591 5805 scripserunt
2634 5732 2829 5786 mirum
2861 5731 2915 5784 in
2943 5729 3159 5784 modum
3201 5721 3466 5780 sublevati
3489 5732 3637 5775 sunt.
3664 5715 3820 5785 Cujus

2255 5801 2422 5883 etiam
2443 5824 2528 5881 vel
2555 5823 2695 5880 male
2727 5820 2981 5878 intellecti
3024 5818 3109 5875 vel
3143 5812 3351 5874 concisi
3378 5801 3834 5882 occasioneirulj
