3976 6312
170 386 282 447 ιω

1138 373 1503 450 summm
1540 384 1632 444 AD
1669 378 1912 453 causa.
1968 384 2013 445 ιι
2052 388 2205 458 δερ.
2245 380 2480 461 nostr.

3330 387 3436 451 346

175 518 264 564 tos
299 504 502 577 passim
537 516 753 559 errores
798 500 853 556 in
880 501 1134 557 universa
1160 500 1406 557 Romana
1434 501 1759 573 antiquitate
1782 504 1833 566 Α
1862 502 2055 569 dicem,
2086 504 2211 559 dum
2241 505 2354 574 ipse
2391 504 2553 559 modo
2598 518 2667 560 ex
2694 519 2823 569 una,
2847 504 3007 559 modo
3030 518 3099 561 ex
3122 503 3225 560 alia
3276 506 3437 565 Urbis

174 602 584 660 commiserunt.
629 617 647 650 ι

247 690 355 744 Par
383 698 527 744 certe
549 686 752 741 utilitas
766 692 929 755 atque
944 684 1163 739 ubertas
1188 700 1293 739 non
1322 692 1403 738 est
1426 683 1638 739 illarum
1663 700 1758 739 ve-

172 786 467 841 tustiorum
497 780 914 851 descriptionum
956 777 1075 832 Rufi
1102 786 1155 833 et
1186 776 1418 832 Victoris
1440 776 1538 832 sub
1565 774 1759 832 Valen-

169 875 409 937 tiniano,
474 870 619 929 Urbe
648 870 880 926 nondum
929 884 960 923 a
1018 868 1208 925 Gothis
1235 868 1443 931 diruta,
1510 884 1573 924 ac
1602 867 1757 922 istius

167 962 467 1035 Anonymi,
518 976 678 1033 quem
707 959 990 1030 scripsisse
1039 957 1386 1028 intelligimus
1432 967 1552 1027 post
1578 956 1758 1023 clades

168 1057 440 1130 plurimas
482 1054 669 1110 Romae
690 1069 721 1108 a
749 1051 996 1107 barbaris
1038 1050 1233 1106 illatas.
1262 1048 1395 1104 Nam
1418 1058 1611 1105 octavo
1649 1048 1758 1104 cir-

169 1150 313 1204 citer
343 1145 427 1201 vel
454 1160 597 1201 nono
621 1158 744 1199 aera:
777 1141 1099 1198 Christianze
1128 1140 1327 1197 smculo
1354 1141 1497 1195 hanc
1519 1154 1638 1194 esse
1662 1138 1759 1194 tri-

168 1238 446 1295 buendam
469 1245 701 1301 constat,
722 1250 843 1291 cum
872 1232 1140 1304 posterior
1170 1232 1241 1288 sit
1270 1240 1428 1287 aetate
1475 1230 1753 1299 Belisarii;

168 1331 374 1403 quippe
386 1344 510 1385 cum
534 1329 587 1384 in
607 1344 671 1383 ea
692 1336 1060 1383 memorentur
1076 1324 1287 1380 mulina:
1316 1324 1464 1397 (pag.
1494 1323 1599 1380 509
1623 1324 1753 1380 edit.

168 1419 403 1492 labill.)
435 1436 530 1475 seu
559 1418 972 1484 molendinaria,
995 1428 1051 1473 et
1076 1416 1339 1472 vetustior
1366 1430 1488 1471 esse
1510 1416 1759 1471 videatur

164 1513 361 1571 Leone
388 1513 460 1568 lV
491 1512 714 1583 ejusque
745 1511 812 1565 de
848 1509 1066 1564 nomine
1094 1506 1373 1579 appellatae
1405 1505 1566 1562 Urbis
1619 1505 1762 1562 Leo-

167 1610 316 1665 uina:
344 1607 573 1671 ambitu,
603 1622 710 1676 quo
752 1603 1068 1661 Vaticanam
1100 1603 1377 1659 basilicam
1409 1604 1565 1673 eique
1609 1602 1758 1673 adja-

166 1702 355 1757 centia
384 1698 586 1771 praedia
617 1695 872 1769 providus
918 1696 1008 1751 ille
1039 1694 1279 1766 pontifex
1310 1703 1513 1750 tutatus
1542 1704 1625 1750 est
1662 1695 1757 1749 ad-

165 1807 363 1848 versus
402 1789 714 1860 frequentes
758 1788 1010 1842 incursus
1086 1785 1481 1843 Saracenorum
1528 1802 1541 1838 :
1593 1801 1752 1841 nemo

166 1903 277 1943 non
312 1884 569 1953 intelligit
596 1883 739 1937 hanc
789 1882 864 1936 ita
885 1882 1043 1953 longe
1072 1882 1139 1936 ab
1167 1880 1274 1937 illis
1304 1881 1527 1943 distare,
1581 1890 1639 1935 ut
1686 1897 1753 1936 ne
1782 1869 1829 1929 B

165 1977 407 2035 conferri
436 1974 654 2045 quidem
680 1974 869 2044 possit.
894 1973 1014 2028 Rull
1045 1972 1188 2027 enim
1238 1980 1293 2027 et
1334 1970 1569 2028 Victoris
1596 1970 1755 2041 plena

165 2080 250 2127 est
280 2070 558 2133 recensio,
601 2066 844 2138 elegans,
883 2067 1163 2137 castigata,
1222 2065 1448 2136 singulis
1495 2064 1548 2118 in
1581 2064 1760 2135 regio-

165 2164 331 2219 nibus
385 2176 715 2217 enumerans
760 2161 932 2224 vicos,
982 2157 1256 2221 aediculas,
1316 2157 1539 2227 templa,
1582 2156 1753 2222 lacus,

160 2256 408 2320 balinea,
454 2255 717 2318 thermas,
768 2251 995 2307 aedilicia
1031 2250 1263 2321 denique
1324 2258 1622 2305 memoratu
1675 2248 1758 2304 di-

164 2362 293 2419 gna,
328 2354 443 2400 tam
467 2343 681 2415 publica
719 2358 881 2414 quam
910 2342 1142 2413 privata.
1191 2342 1260 2395 At
1302 2341 1419 2395 haec
1468 2340 1756 2411 descriptio

158 2437 405 2508 jejunior
458 2451 657 2507 paucas
708 2435 994 2490 admodum
1052 2432 1409 2488 indicationes
1465 2432 1755 2503 insignium

165 2531 629 2586 monimentorum
674 2534 974 2598 percenset.
1025 2524 1288 2580 Redditur
1333 2533 1569 2578 attamen
1614 2522 1758 2579 utilis

167 2624 426 2681 ordinata
454 2622 568 2688 illa,
601 2621 726 2676 licet
760 2635 921 2692 parca
954 2619 1282 2675 indicatione
1314 2618 1575 2681 locorum,
1601 2617 1755 2687 juxta

166 2718 270 2771 viae
298 2716 525 2771 ductum
566 2714 760 2769 dextra
806 2712 1047 2782 lzevaque
1073 2711 1416 2781 sequentium
1438 2750 1452 2774 ,
1486 2719 1541 2763 ct
1564 2709 1759 2764 obver-

168 2809 411 2865 santium
441 2807 491 2862 ei
542 2806 632 2876 qui
662 2805 840 2875 aliqua
868 2820 934 2858 ex
981 2812 1133 2874 porta
1184 2801 1349 2858 Urbis
1387 2801 1643 2871 procedat
1690 2798 1757 2855 ad

170 2902 362 2966 aliam,
392 2900 477 2955 vel
506 2900 572 2954 ad
619 2908 827 2954 certum
860 2896 960 2951 viae
987 2912 1098 2951 suae
1143 2894 1431 2950 terminum
1479 2894 1618 2948 intra
1673 2890 1755 2946 vel

168 3003 328 3051 extra
358 2990 583 3058 Urbem;
615 2991 669 3046 iu
696 2988 966 3059 ejusmodi
1010 2987 1445 3060 progressionum
1481 2984 1650 3039 titulis
1676 2984 1763 3038 in-

169 3088 437 3142 dicatum.

242 3174 467 3233 Utinam
503 3175 570 3230 ad
601 3188 699 3230 nos
746 3172 1097 3245 pervenisset
1116 3170 1294 3226 minus
1320 3170 1545 3238 abrupta
1576 3176 1631 3221 et
1660 3166 1761 3221 mi-

172 3284 277 3325 nus
290 3266 516 3324 confusa
536 3267 652 3322 haec
675 3266 1063 3337 qualiscunque
1083 3264 1382 3335 percensio.
1403 3261 1758 3316 Nosce-remus

172 3359 369 3415 saltem
394 3356 679 3428 vestigium
702 3355 916 3426 aliquod
957 3354 1164 3408 viarum
1191 3352 1429 3407 oumium
1462 3350 1758 3419 praecipua-

173 3468 322 3518 rum,
352 3465 474 3522 quae
501 3449 553 3503 in
585 3446 729 3505 Urbe
756 3447 1239 3519 frequentabantur
1268 3453 1389 3513 post
1424 3441 1604 3496 clades
1650 3440 1758 3494 Co-

174 3545 358 3601 thicas
388 3552 443 3597 et
472 3541 814 3606 Vandalicas,
837 3556 901 3596 ac
922 3539 1251 3609 direptiones
1276 3534 1755 3605 Langobardorum

170 3644 234 3693 et
253 3633 670 3692 Saracenorum.
700 3634 770 3687 At
795 3630 935 3687 malo
958 3631 1263 3685 litterarum
1292 3626 1404 3682 fato
1429 3625 1653 3695 contigit
1699 3631 1759 3679 ut

172 3727 428 3787 collectio
479 3727 580 3783 ista
628 3727 697 3781 ab
742 3734 961 3781 auctore
1024 3723 1355 3779 scriberetur
1403 3720 1758 3790 negligenter,

173 3834 333 3876 more
359 3818 789 3875 adversariorum
825 3826 916 3871 aut
958 3814 1277 3872 schedarum
1324 3812 1597 3868 memoriae
1645 3819 1763 3864 tan-

174 3920 295 3968 tum
320 3926 511 3978 causa,
531 3918 590 3965 ut
614 3924 774 3967 casus
798 3908 1012 3975 obtulit,
1041 3904 1231 3963 dietim
1260 3903 1552 3959 relatarnm
1581 3901 1635 3955 in
1665 3914 1757 3955 co-

1858 604 2011 665 porta
2037 595 2200 666 (quod
2224 596 2461 665 hospites
2488 609 2551 651 ac
2588 596 2855 667 peregrini
2888 596 3080 667 solent)
3106 598 3171 651 ad
3202 598 3436 669 aliquem

1862 689 2167 754 terminum,
2205 705 2304 744 suo
2332 689 2509 745 itineri
2539 690 2653 745 sive
2687 704 2753 745 ex
2781 689 3030 746 condicto
3060 691 3436 760 constitutum,

1857 781 1971 837 sive
1998 781 2133 837 forte
2156 780 2372 837 fortuna
2394 782 2631 837 oblatum
2658 781 2995 852 procederet,
3044 781 3338 838 observans
3381 784 3437 839 in

1860 873 1946 927 via
1978 888 2099 943 quae
2148 872 2247 943 ipsi
2295 875 2713 928 observarentur
2742 882 2925 927 notatu
2960 873 3140 944 digna.
3194 874 3440 931 Accessit

1858 963 2047 1019 iisdem
2091 964 2328 1030 schedis,
2380 965 2453 1019 ita
2483 963 2846 1035 perfunctorie
2876 965 3132 1030 exaratis,
3171 974 3223 1019 ut
3247 964 3437 1022 dextra

1857 1069 1955 1126 pro
1982 1055 2219 1111 sinistris
2246 1056 2565 1125 quandoque
2597 1056 2902 1122 enuntient,
2918 1071 3053 1111 nova
3078 1058 3438 1126 perturbatio,

1859 1162 1891 1201 a
1925 1147 2286 1218 compactoris
2317 1147 2639 1220 negligentia
2662 1188 2677 1213 ,
2709 1158 2802 1202 aut
2839 1147 3150 1218 supinitate,
3202 1157 3261 1203 ut
3288 1149 3437 1204 arbi-

1861 1245 1992 1304 tror,
2010 1235 2271 1308 profecta.
2288 1237 2631 1294 Membranas
2656 1239 2800 1294 enim
2819 1238 2956 1304 illas,
2974 1239 3170 1310 duplici
3186 1241 3435 1297 columna

1857 1346 2109 1386 versuum
2142 1331 2194 1385 in
2221 1331 2446 1403 singulis
2492 1331 2635 1388 foliis
2672 1331 2959 1389 distinctas
2992 1333 3091 1402 (uti
3122 1344 3344 1405 apparet
3370 1352 3439 1391 ex

1858 1423 2151 1479 dimidiatis
2171 1422 2497 1479 dictionibus
2527 1425 2580 1479 in
2625 1425 2806 1496 aliquo
2828 1440 2987 1482 versu
3016 1429 3287 1497 expressis
3340 1445 3441 1499 per

1857 1516 2067 1572 litteras
2087 1517 2364 1587 capitales,
2406 1518 2601 1586 quibus
2627 1520 2953 1587 respondent
2980 1519 3198 1590 syllaba:
3237 1537 3300 1575 ac
3352 1520 3438 1576 lit-

1858 1616 1990 1663 teras
2041 1609 2286 1664 eamdem
2328 1608 2623 1664 dictionem
2676 1611 3006 1681 complentes
3032 1620 3089 1666 et
3132 1612 3438 1668 columnam

1854 1701 2156 1772 proximam
2187 1699 2424 1769 ejusdem
2453 1702 2659 1773 paginas
2703 1712 3053 1772 occupantes,
3085 1704 3269 1773 illique
3311 1704 3440 1773 jun-

1856 1796 2062 1866 gendaz)
2122 1795 2293 1851 secuit
2340 1794 2535 1864 aliquis
2583 1795 2635 1848 in
2682 1805 2865 1866 partes
2923 1797 3077 1862 duas,
3143 1807 3304 1867 atque
3362 1799 3439 1855 ita

1857 1888 2157 1960 compegit,
2230 1888 2385 1958 quasi
2444 1888 2711 1944 columnae
2778 1899 3273 1959 consequerentur,
3330 1905 3439 1946 non

1857 1981 2209 2036 cohaererent.
2290 1979 2565 2051 Ejusmodi
2633 1989 2810 2035 tamen
2878 1982 3132 2035 damnum
3187 1996 3443 2050 reparare

1859 2072 2098 2128 nonfuit
2140 2070 2374 2135 dillicile,
2430 2089 2552 2127 cum
2594 2073 2858 2128 dictiones
2900 2072 3029 2142 ipsae
3060 2082 3442 2127 consecuturas

1857 2166 2089 2237 syllabas
2117 2166 2572 2227 demonstrarent,
2613 2166 2691 2220 uti
2730 2166 3018 2220 observare
3040 2164 3238 2235 poterit
3287 2163 3442 2233 quis-

1856 2257 1980 2327 quis
2010 2256 2265 2311 editionis
2301 2254 2695 2309 Mabillonianze
2731 2255 2953 2325 paginas
3005 2254 3078 2308 ita
3133 2251 3439 2318 contulerit,

1859 2348 1932 2400 uti
1967 2363 2064 2401 nos
2087 2346 2399 2415 praestitisse
2423 2355 2729 2416 cognoscet.
2767 2345 3009 2415 Exempli
3035 2360 3197 2399 causa
3237 2351 3443 2414 postre-

1859 2451 1979 2491 mus
2008 2451 2195 2491 versus
2215 2451 2334 2506 pag.
2366 2435 2468 2490 507
2498 2434 2630 2489 edit.
2664 2433 2955 2489 Mabillonii
2987 2433 3443 2505 prosequentibus

1859 2531 1965 2586 iter
1992 2546 2021 2584 a
2058 2538 2212 2600 porta
2244 2528 2507 2583 Flaminia
2537 2528 2677 2582 intra
2706 2526 2905 2583 Urbem
2931 2528 2997 2581 ad
3025 2526 3211 2580 laevam
3242 2525 3444 2579 indicat

1859 2631 2145 2693 sequentes
2172 2637 2361 2676 versus
2395 2636 2517 2691 pag.
2571 2619 2695 2685 508,
2722 2628 2777 2674 et
2811 2634 2933 2674 cum
2977 2620 3058 2675 eis
3109 2617 3321 2671 titulum
3379 2613 3443 2671 S.

1860 2713 2095 2771 Silvestri
2125 2714 2201 2785 (in
2224 2713 2400 2782 capite
2433 2727 2574 2767 nunc
2602 2708 2949 2781 appellatum)
2997 2717 3043 2763 et
3077 2708 3152 2761 sic
3205 2723 3297 2776 per
3323 2720 3448 2773 por-

1860 2809 2019 2861 ticum
2059 2822 2222 2876 usque
2261 2802 2572 2859 Columnam
2602 2801 2698 2856 AR
2727 2800 2867 2873 (lege
2892 2798 3047 2870 AN);
3106 2814 3229 2852 mox
3255 2797 3447 2852 eadem

1860 2899 1945 2952 via
1998 2897 2263 2965 Flaminia
2303 2897 2440 2950 intra
2470 2896 2659 2950 urbem
2711 2894 3012 2965 progressis
3072 2892 3447 2947 sinistrorsum

1861 2989 2062 3060 pariter
2096 2986 2318 3042 olfertur
2350 2984 2545 3039 Forata
2577 2982 2805 3053 Virginis
2832 2983 3009 3055 (aqua:
3057 2981 3264 3037 scilicet
3318 2979 3446 3036 Vir-

1862 3081 2024 3152 ginis)
2056 3080 2250 3149 fracta,
2281 3077 2476 3133 deinde
2526 3073 2707 3131 Sancti
2736 3074 2974 3129 Marcelli
3000 3073 3206 3128 titulus.
3244 3070 3447 3126 Iterum

1861 3201 1954 3255 per
1972 3184 2230 3254 porticum
2257 3196 2421 3253 usque
2442 3178 2512 3234 ad
2533 3177 2825 3249 Apostolos.
2863 3176 2996 3247 Quis
3020 3177 3203 3247 itaque
3230 3160 3335 3230 non
3366 3172 3448 3229 vi-

1863 3286 1988 3342 deat
2046 3286 2188 3340 hanc
2239 3282 2608 3339 recensionem
2665 3280 3014 3337 aedificiorum
3064 3281 3132 3335 ad
3170 3279 3448 3334 sinistram

1864 3385 2281 3442 constitutorum
2346 3386 2488 3454 ejus,
2535 3385 2688 3455 quia
2740 3382 2903 3439 Porta
2931 3382 3194 3438 Flaminia
3229 3381 3295 3435 ad
3322 3395 3448 3435 san-

1863 3502 1981 3545 ctos
2032 3489 2312 3545 duodecim
2346 3487 2616 3559 apostolos
2642 3486 2727 3541 via
2758 3484 3019 3541 Flaminia
3044 3482 3229 3557 [hodie
3258 3482 3448 3537 Curri-

1861 3591 2030 3647 culari
2062 3588 2226 3663 dicta]
2259 3590 2398 3644 intra
2424 3587 2630 3645 Urbem
2655 3587 2933 3658 procedat,
2961 3584 3291 3656 iungendam
3324 3593 3449 3636 esse

1863 3695 2017 3751 alteri
2046 3692 2295 3757 sectioni,
2346 3708 2408 3747 ea
2440 3707 2557 3761 qua:
2607 3691 2949 3745 dextrorsum
2974 3688 3226 3742 visuntur
3257 3685 3446 3740 eadem

1863 3796 1952 3849 via
1974 3793 2366 3850 demonstranti
2403 3807 2523 3863 pag.
2559 3789 2683 3855 508,
2745 3791 2841 3846 sed
2890 3791 3204 3862 perturbato
3257 3785 3450 3843 ordine

1866 3894 2181 3966 postposita
2212 3901 2268 3949 et
2296 3892 2371 3948 ita
2399 3889 2759 3963 perscripta?

1538 4013 1636 4069 Via
1671 4012 2024 4068 Lateranense

1111 4090 1294 4146 Sancti
1320 4086 1598 4145 Laurentii
1625 4086 1677 4140 in
1707 4084 1912 4141 Lucina

1113 4160 1363 4218 TONINI.
1422 4158 1730 4214 Obeliscum

1124 4232 1389 4290 Columna
1416 4228 1672 4284 Antonini

180 4310 340 4369 Unde
368 4307 637 4381 colligitur
665 4323 855 4365 versus
890 4282 1549 4378 pmceaeﬁiéﬁigeov
1579 4312 1704 4353 cum
1739 4296 1825 4353 his
1864 4292 2320 4364 consequentibus
2347 4298 2403 4349 et
2438 4287 2754 4363 postpositis
2787 4302 2909 4360 pag.
2948 4285 3053 4342 508
3075 4286 3151 4343 ita
3175 4298 3295 4341 esse
3316 4282 3447 4356 jun-

178 4382 392 4454 gendos

654 4520 722 4576 In
751 4518 979 4576 Sinistra
1007 4516 1367 4572 Pariturrium

550 4589 736 4647 Sancti
766 4589 1013 4646 Silvestri
1042 4597 1098 4644 et
1116 4587 1203 4642 sic
1229 4601 1326 4658 per

536 4662 803 4733 porticum
820 4675 1002 4733 usque
1012 4649 1327 4733 columnam
1352 4649 1700 4711 ANTONINI.

565 4731 750 4788 Sancti
788 4728 1047 4786 Marcelli.
1089 4728 1286 4783 lterum
1320 4742 1418 4796 per

541 4805 809 4875 porticum
857 4816 1030 4872 usque
1071 4800 1137 4853 ad
1173 4796 1458 4869 Apostolos

1195 4446 1241 4499 A
1264 4440 1431 4498 Porta
1463 4438 1737 4495 Flaminia
1774 4453 1935 4510 usque
1969 4436 2051 4493 via
2077 4434 2433 4510 (Lateranense

1903 4507 2087 4563 Sancti
2123 4506 2401 4563 Laurentii
2429 4506 2482 4562 in
2508 4503 2717 4561 Lucina
2738 4502 2799 4559 In
2828 4504 2984 4561 dextr

2062 4647 2374 4705 Obeliscum

2064 4719 2326 4775 Columna
2364 4717 2625 4775 Antonini

2056 4789 2158 4846 Via
2196 4788 2568 4845 Lateranense

252 4918 462 4977 Iudicat
489 4914 973 4972 veroitinerarium
1001 4911 1266 4984 Anonymi
1294 4925 1351 4965 se
1377 4908 1429 4963 in
1457 4915 1611 4979 porta
1637 4904 1764 4961 Fla-
1791 4910 1842 4970 D
1870 4904 2080 4961 titulum
2123 4905 2292 4959 sancti
2334 4902 2594 4969 Marcelli,
2629 4911 2685 4958 et
2712 4904 2901 4957 iterum
2945 4916 3038 4971 per
3082 4898 3340 4969 porticum
3382 4894 3451 4951 ad

179 5014 351 5070 minia
378 5011 752 5074 constitutum,
775 5016 831 5063 et
872 5012 1188 5079 pergentem
1228 5011 1378 5059 recta
1406 5014 1577 5072 usque
1604 4998 1671 5053 ad
1702 4998 1765 5052 ti-

181 5106 325 5164 tulos
344 5106 516 5161 sancti
540 5102 775 5159 Marcelli
807 5109 861 5156 et
890 5110 1203 5157 sanctorum
1235 5096 1519 5153 duodecim
1552 5101 1769 5165 aposto-

181 5200 385 5263 lorum,
410 5197 781 5252 sinistrorsum
802 5193 1019 5265 quidem
1050 5191 1250 5246 vidisse
1294 5188 1625 5243 Pariturium
1652 5184 1769 5259 (alii

181 5289 471 5362 legendum
498 5296 689 5359 putant
714 5282 1088 5346 Periturrium,
1119 5283 1223 5337 hoc
1246 5290 1330 5336 est
1356 5278 1616 5333 ambitum
1657 5284 1769 5329 tur-

184 5384 326 5439 rium
345 5382 418 5439 29
443 5396 475 5438 a
496 5390 646 5452 porta
677 5379 940 5436 Flaminia
968 5377 1034 5433 ad
1063 5375 1399 5439 Pincianam,
1417 5372 1469 5427 in
1494 5368 1766 5426 mmnibus

182 5487 238 5532 et
278 5474 421 5531 clivo
468 5474 900 5544 conspicuarum,
936 5484 1072 5540 quas
1122 5473 1405 5523 enumerat
1453 5479 1574 5535 pag.
1597 5460 1763 5531 5H);

183 5567 383 5623 deinde
424 5565 635 5620 titulum
689 5565 858 5619 sancti
903 5560 1160 5625 Silvestri,
1189 5559 1329 5613 unde
1368 5573 1460 5627 per
1510 5555 1767 5626 porticum

185 5658 277 5730 (ex
318 5659 389 5713 iis
413 5673 533 5729 qua:
566 5665 887 5727 supererant
937 5656 988 5709 in
1019 5653 1222 5723 Campo
1246 5649 1461 5718 Martio)
1494 5664 1656 5718 usque
1698 5645 1769 5700 ad

186 5750 502 5805 Columnam
553 5746 931 5803 AN'I'ONINI
974 5746 1190 5817 (nempe
1227 5743 1292 5798 ad
1329 5741 1638 5797 Cochlidem
1695 5736 1764 5793 Μ.

1870 4997 2079 5053 titulum
2104 4996 2206 5053 SS.
2236 4997 2591 5069 apostolorum
2627 4995 2957 5065 pervenisse,
2981 5001 3036 5047 et
3069 4992 3134 5045 ad
3176 4988 3327 5043 Viam
3351 4987 3451 5041 La-

1869 5099 2213 5155 leranensem,
2242 5104 2362 5159 quae
2387 5087 2485 5159 (nti
2513 5102 2580 5141 ex
2604 5084 2757 5141 titulo
2784 5084 3043 5139 sectionis
3066 5082 3307 5153 apparet)
3336 5078 3451 5134 fue-

1870 5190 1954 5238 rat
1972 5183 2267 5238 constituta
2295 5180 2452 5251 hujus
2481 5177 2692 5233 itineris
2725 5186 2894 5231 meta.

1943 5276 2290 5330 Dextrorsum
2321 5287 2446 5326 vero
2474 5278 2684 5345 constat
2714 5268 3003 5323 adnotasse
3026 5265 3237 5320 titulum
3274 5261 3449 5319 sancti

1872 5364 2145 5421 Laurentii
2190 5366 2244 5419 in
2276 5363 2499 5427 Lucina,
2532 5362 2725 5437 deinde
2755 5361 3060 5425 obeliscum,
3090 5373 3280 5429 nempe
3320 5355 3454 5412 obe-

1872 5457 2062 5513 liscum
2092 5458 2354 5527 insignem
2399 5455 2585 5525 Campi
2616 5454 2817 5521 Martii,
2862 5462 3045 5509 nostra
3086 5452 3248 5507 etiam
3295 5455 3457 5503 aetate

1868 5548 2139 5620 jaeentem
2161 5560 2327 5615 prope
2354 5546 2602 5600 eumdem
2629 5544 2865 5609 titulum,
2891 5540 3044 5610 cujus
3068 5555 3193 5611 pars
3216 5536 3455 5592 maxima

1874 5639 2170 5696 etiamnum
2199 5638 2393 5691 visitur
2421 5637 2473 5691 in
2502 5636 2634 5691 cella
2663 5637 2871 5690 vinaria
2904 5634 3095 5688 domus
3122 5630 3364 5700 privatae,
3396 5632 3453 5681 et

1877 5751 1907 5790 a
1935 5733 2173 5788 Nardino
2197 5730 2520 5786 describitur
2564 5729 2654 5784 lib.
2689 5746 2766 5794 vn,
2798 5743 2917 5799 cap.
2946 5725 3001 5790 6,
3039 5740 3161 5795 pag.
3188 5720 3312 5784 554,
3340 5733 3451 5774 me-

184 5842 397 5919 Aurelii
422 5842 700 5919 Antonini)
728 5813 1071 5912 progressum
1108 5813 1162 5893 in
1190 5836 1409 5893 sinistra
1438 5830 1775 5905 pctransisse
1878 5834 2122 5883 morante
2163 5838 2331 5895 prope
2374 5823 2516 5877 hunc
2549 5820 2867 5883 obeliscum,
2902 5817 3021 5871 loco
3057 5813 3181 5882 styli
3210 5817 3456 5867 erectum
