3924 5382
559 394 662 456 Si?

1292 403 1384 459 AD
1419 401 1860 461 ANASTASIUM
1898 403 2408 463 PROLEGOMENA
2450 406 2624 462 EDIT.
2665 403 3090 462 ROM.-VATIC.
3706 399 3803 457 3&8

564 508 805 586 Augusto
846 514 902 570 in
933 512 1135 585 Campo
1176 512 1388 580 Martio,
1422 517 1497 572 uti
1547 517 1751 573 Plinius
1796 526 2000 582 narrat,
2034 517 2126 574 lib.
2158 519 2212 582 Α
2306 519 2509 575 Addam
2552 536 2764 591 quoque
2806 519 3047 575 veritatis
3074 524 3653 580 auctoramentum,cx
3694 529 3804 584 per-

563 618 735 659 Ixxw
762 646 776 673 ,
808 620 928 675 cap.
962 605 995 660 9
1022 647 1035 671 ,
1068 604 1133 659 ad
1189 605 1667 675 deprehendendas
1718 609 1846 663 solis
1896 609 2132 675 umbras,

562 686 883 765 dierumtu
918 708 981 751 ac
1021 696 1256 751 noctium
1306 700 1728 768 magnitudinem
1770 700 1822 755 in
1855 701 2138 757 seiatcrieo

561 784 844 865 horologia
902 788 1221 845 horizontali
1272 790 1610 845 indicandam
1640 833 1655 858 ,
1705 800 1914 862 reperta
1974 789 2138 847 fuisse

558 876 862 948 fragmenta
905 894 1051 934 aenea
1096 879 1354 936 deaurata
1382 880 1686 951 regularum
1736 883 1897 936 horas
1922 890 1977 936 et
2023 897 2140 935 nm-

504 1010 509 1017 ι
561 968 717 1026 bram
747 970 1137 1043 denotantium.
1172 969 1302 1027 Post
1328 971 1621 1027 obeliscum
1674 973 2019 1027 dextrorsum
2049 986 2139 1027 oc-

562 1060 821 1116 currebat
863 1060 1106 1115 columna
1155 1061 1421 1126 Antonini,
1471 1063 1573 1117 alia
1607 1064 1811 1119 scilicet
1864 1065 2135 1131 columna,

560 1158 685 1222 ‘qua:
732 1152 928 1207 ibidem
975 1152 1207 1222 perstitit
1250 1162 1431 1209 erecta
1476 1155 1527 1209 iu
1559 1156 1697 1210 clivo
1730 1154 1927 1210 Cilorio
1980 1156 2138 1229 vulgo

565 1242 709 1297 dicto
762 1259 932 1314 usque
974 1245 1043 1298 ad
1091 1259 1289 1299 anmnn
1346 1246 1502 1311 i702,
1538 1262 1659 1301 cum
1694 1250 2031 1317 detegeretur
2073 1266 2139 1305 ex

564 1336 829 1408 stylobata
877 1347 1036 1409 atque
1078 1340 1447 1410 inscriptione,
1478 1341 1744 1395 celebrem
1802 1341 1946 1395 illam
2000 1358 2133 1404 esse,

564 1426 833 1485 Antonino
856 1429 951 1487 Pio
980 1432 1281 1488 dedicatam
1316 1434 1367 1488 in
1408 1436 1524 1505 ejus
1554 1436 1853 1503 apotheosi,
1888 1443 2048 1504 atque
2086 1436 2137 1490 in

562 1519 976 1576 numismatibus
1022 1537 1332 1593 expressam
1367 1541 1382 1579 :
1413 1534 1466 1578 et
1516 1524 1717 1579 ideirco
1752 1526 2140 1579 transferretur

560 1610 629 1665 ad
672 1622 921 1666 ornatum
951 1613 1051 1667 i‘ori
1084 1616 1316 1685 proximi
1351 1626 1477 1671 ante
1514 1616 1769 1685 palatium
1794 1616 2139 1683 jurilicundo

562 1711 617 1758 et
638 1706 866 1774 publicis
891 1707 1169 1762 tabulariis
1189 1709 1528 1764 asservandis
1551 1725 1722 1778 nuper
1744 1717 2135 1763 conStruetum.

560 1794 691 1852 Post
731 1812 850 1853 eam
902 1798 1218 1854 Columnam
1266 1800 1521 1856 Antonini
1564 1800 1642 1855 Pii
1686 1802 2041 1873 pertingimus
2073 1800 2138 1854 ad

2242 613 2453 667 turbata
2512 614 2717 667 ratione
2762 612 3055 666 seetionum
3100 608 3395 671 ltiuerarii,
3463 622 3675 662 necnon
3747 623 3801 659 ex

2241 705 2483 774 ejusdem
2506 706 2697 760 erratis
2743 705 3081 774 capiendum.
3129 700 3414 757 Observari
3459 698 3623 754 velim
3662 694 3806 763 hujus

2238 792 2504 853 itinerarii
2542 809 2813 852 auctorem
2845 796 2897 849 in
2926 794 3149 866 singulis
3183 792 3363 863 portis
3390 790 3577 844 Romae
3637 788 3804 843 consi-

2240 899 2383 945 stere
2413 901 2572 960 atque
2603 888 2702 943 iter
2732 888 2962 959 dirigere
2993 886 3074 939 vel
3120 885 3185 939 ab
3221 900 3322 938 una
3355 882 3519 938 Urbis
3555 887 3711 953 porta
3748 876 3804 932 ad

2240 983 2421 1047 aliam,
2450 982 2579 1035 vela
2608 990 2758 1052 porta
2781 982 2845 1034 ad
2872 979 3089 1041 Forum,
3120 976 3195 1031 uti
3219 991 3284 1032 ex
3317 974 3487 1029 titulis
3513 971 3805 1027 sectionum

2239 1083 2469 1129 constat.
2501 1071 2796 1128 Consilium
2843 1070 2916 1125 illi
2971 1069 3163 1133 fuerat,
3196 1067 3334 1137 quod
3368 1078 3511 1133 smpe
3561 1062 3806 1126 dixi,ob-

2240 1175 2454 1221 servato
2500 1165 2742 1236 digniora
2776 1163 2838 1218 ad
2887 1163 3159 1217 sinistram
3192 1161 3294 1213 sita
3325 1159 3379 1212 in
3411 1172 3517 1210 una
3568 1154 3806 1209 columna

2240 1259 2524 1328 disponere
2552 1299 2565 1322 ,
2596 1256 2814 1327 prmlixa
2862 1254 3013 1309 litera
3045 1252 3102 1316 S,
3140 1251 3342 1307 sinistri
3394 1247 3584 1303 lateris
3625 1244 3808 1310 indice,

2239 1351 2322 1405 vel
2353 1359 2574 1404 extensa
2600 1349 2801 1420 integra
2830 1347 3060 1400 dictione
3086 1347 3138 1398 in
3168 1345 3419 1408 sinistra;
3454 1354 3669 1394 necnon
3694 1338 3807 1391 dex-

2242 1450 2473 1495 trorsum
2509 1441 2674 1509 posita
2704 1439 2755 1492 in
2783 1437 2883 1491 alia
2915 1421 3161 1491 columna
3194 1435 3484 1496 collocare,
3521 1432 3609 1486 cni
3640 1430 3807 1484 littera

2240 1531 2287 1585 D
2319 1532 2628 1603 signiﬁcans
2670 1516 2945 1584 dexterum
2998 1528 3135 1581 latus
3166 1524 3587 1598 progredientis,
3618 1520 3705 1577 vel
3734 1536 3812 1575 ex-

2241 1631 2390 1678 tensa
2439 1622 2619 1685 dictio,
2654 1623 2703 1674 in
2731 1621 2941 1673 dextera
2976 1617 3360 1689 pra‘ﬁget‘etnr.
3413 1614 3615 1668 Mirum
3671 1612 3804 1667 dictu

2240 1725 2342 1780 est,
2376 1729 2703 1786 anonymum
2740 1719 2983 1767 nostrum
3018 1708 3304 1780 aliquando
3337 1707 3560 1761 easdem
3592 1705 3751 1775 siglas
3775 1701 3810 1756 D

2240 1816 2295 1860 et
2317 1806 2355 1860 S
2375 1815 2728 1875 permutasse,
2755 1812 2809 1856 et
2836 1818 2895 1856 ea
2925 1818 3043 1871 qme
3070 1800 3136 1854 ad
3168 1800 3446 1855 dexteram
3474 1797 3813 1852 obversaren-

559 1890 704 1945 viam
731 1891 1174 1959 Lateranensem,
1200 1909 1319 1948 eam
1350 1894 1557 1948 scilicet
1583 1884 1702 1963 quae
1747 1894 1871 1948 inde
1900 1893 2146 1963 perducit
2173 1888 2216 1948 B
2249 1904 2353 1961 tur,
2391 1911 2487 1967 pro
2514 1895 2749 1949 sinistris
2780 1891 3114 1963 negligenter
3162 1888 3490 1951 obtrudere;
3527 1896 3625 1940 aut
3651 1901 3683 1939 e
3706 1899 3814 1939 coo-

563 1983 629 2035 ad
654 1981 1001 2049 Lateranum,
1026 1986 1367 2041 dextrorsum
1389 1986 1650 2043 ﬂectendo
1674 2001 1769 2041 oer
1796 1987 1912 2042 loca
1939 1987 1990 2041 in
2016 2001 2139 2057 ρι’ου

562 2079 722 2134 ximis
742 2080 989 2134 versibus
1018 2081 1092 2135 ita
1130 2082 1396 2137 recensita
1432 2100 1443 2135 :

763 2170 1009 2228 Thermm
1036 2175 1414 2229 Alexandrinae

770 2262 953 2319 Sancti
984 2266 1280 2332 Eustachii,
1304 2275 1357 2321 et
1379 2265 1607 2321 rotunda

758 2351 1005 2411 Thermae
1030 2357 1431 2412 Commodianae

749 2444 1091 2513 Minervium,
1120 2457 1175 2503 et
1208 2451 1273 2504 ad
1307 2448 1367 2503 S.
1398 2447 1634 2503 Marcum
1670 2462 1686 2503 :

633 2532 940 2607 Descriptor
966 2540 1233 2595 ltinerarii
1260 2581 1274 2604 ,
1309 2553 1429 2595 cum
1472 2554 1537 2594 ex
1578 2549 1731 2610 porta
1779 2538 2042 2595 Flaminia
2072 2539 2138 2592 ad

559 2624 702 2684 'i'iam
744 2629 1165 2687 Lateraucnsem
1210 2650 1307 2686 nos
1338 2634 1641 2701 perducens
1679 2635 1866 2687 dextra
1900 2633 2139 2702 lmvaque

556 2716 771 2790 ’potiora
793 2720 1017 2774 mdiﬁeia
1049 2721 1444 2787 recensuisset;
1481 2722 1673 2774 iterum
1701 2722 1841 2775 sistit
1872 2722 1923 2774 in
1957 2730 2134 2791 porta;

561 2820 618 2868 et
641 2827 904 2870 converso
925 2815 1119 2869 itinere
1161 2814 1291 2870 foris
1321 2829 1527 2882 muros,
1554 2815 1670 2868 liceo
1696 2813 1843 2868 addit
1876 2829 1890 2866 :

773 2904 831 2961 In
860 2902 961 2960 Via
988 2905 1266 2961 Flaminea
1299 2906 1431 2961 foris
1457 2920 1671 2962 murum

769 2997 827 3052 In
850 2998 1080 3055 Dextera
1107 2998 1293 3054 Sancti
1328 2997 1601 3054 Valentini

770 3086 827 3141 In
862 3085 1094 3142 Sinistra
1119 3087 1351 3144 Tiberis.

633 3176 747 3235 Hac
772 3179 939 3250 igitur
963 3178 1339 3236 observatione
1372 3178 1632 3245 adhibita,
1663 3181 1930 3235 sectiones
1957 3187 2134 3234 trans-

2243 2002 2401 2042 verso
2424 2004 2541 2056 qua:
2572 1986 2634 2039 ad
2662 1986 2846 2039 heram
2875 1984 3100 2047 viderat,
3133 1983 3353 2036 dextera
3400 1979 3746 2048 inscripsisse
3769 1977 3813 2030 in

2244 2079 2353 2133 suis
2379 2078 2721 2132 adversariis.
2752 2078 2875 2132 ll:rc
2905 2091 3092 2145 nempe
3122 2073 3414 2129 ostendunt
3460 2078 3671 2141 quanto
3698 2068 3810 2122 face

2240 2170 2361 2223 iiori
2390 2169 2540 2239 lapsu
2567 2170 2810 2239 hospites
2841 2167 2984 2221 illius
3010 2166 3182 2220 (etatis
3206 2179 3309 2217 non
3344 2162 3649 2216 admodum
3677 2160 3814 2214 culta

2240 2278 2469 2334 peccare
2512 2262 2784 2332 potuerint
2826 2261 2879 2314 in
2932 2256 3299 2313 deseribendis
3342 2253 3813 2325 cpigrammatibus

2242 2354 2504 2423 antiquis,
2538 2368 2832 2421 eorumque
2876 2349 3115 2405 numeris
3158 2348 3527 2418 chronologitc
3574 2347 3817 2401 indicibus

2240 2460 2307 2499 ex
2341 2444 2688 2512 autograpbis
2715 2441 2982 2511 Catalogis
3017 2439 3383 2501 basilicarum,
3415 2452 3483 2491 ex
3519 2437 3750 2491 arcubus
3771 2442 3817 2489 et

2244 2535 2608 2592 monumentis
2638 2533 2937 2603 principum
2979 2547 3041 2585 ac
3077 2530 3521 2601 magistratuum,
3570 2528 3663 2598 qui
3687 2534 3818 2597 pote-

2242 2638 2365 2684 rant
2415 2630 2681 2697 iutegrnm
2722 2626 2822 2680 viae
2856 2626 3077 2679 ductum
3136 2621 3393 2676 mendose
3434 2621 3668 2674 reddere
3707 2618 3819 2672 sini-

2244 2732 2416 2776 strum
2468 2736 2533 2773 ex
2569 2719 2808 2771 dextero.
2846 2715 3026 2782 Quare
3057 2730 3160 2768 non
3188 2712 3380 2783 injuria
3433 2711 3632 2766 censui
3676 2708 3819 2764 iubis

2248 2815 2520 2868 ildendnm
2550 2828 2669 2865 esse
2700 2813 2876 2880 potius
2904 2809 3118 2864 lectioni
3150 2808 3395 2863 codicum
3426 2806 3729 2874 positorum
3764 2804 3811 2855 in

2243 2905 2586 2961 bibliothecis
2612 2903 2740 2958 Urbi
2774 2902 3056 2971 proximis,
3078 2908 3131 2954 et
3165 2913 3287 2953 eum
3319 2897 3686 2967 autographis
3713 2908 3811 2948 Ino-

2244 2995 2518 3050 numentis
2550 3008 2690 3063 sa'pe
2717 2992 2947 3055 collatae,
2980 3006 3141 3061 quam
3171 2988 3383 3045 caeteris
3409 2988 3480 3042 ab
3505 2987 3660 3041 Italia
3686 2985 3817 3054 longe

2245 3086 2488 3149 remotis,
2521 3100 2750 3154 quorum
2809 3091 2985 3135 textos
3033 3096 3153 3135 cum
3187 3077 3548 3148 autographis
3595 3073 3818 3131 conferre

2243 3175 2329 3229 vix
2358 3174 2445 3227 ille
2500 3175 2691 3243 potuit,
2717 3173 2805 3241 qui
2836 3155 3031 3240 raptim
3059 3184 3121 3225 ea
3153 3168 3503 3225 describebat
3558 3181 3706 3221 more
3736 3164 3808 3217 iti-

549 3272 751 3343 positaa
777 3246 935 3343 hujus
963 3273 1225 3328 itinerarii
1253 3275 1319 3327 ad
1341 3286 1498 3329 suum
1522 3274 1769 3328 ordinem
1798 3274 2136 3345 rediguntur,
2168 3246 2212 3312 (ἶ
2246 3268 2509 3333 nerautis,
2537 3250 2640 3319 non
2672 3265 2802 3319 satis
2828 3264 3045 3328 eruditi,
3076 3271 3167 3317 aut
3190 3275 3357 3315 morae
3384 3258 3817 3329 impatientis,‘

548 3361 928 3432 ac'sejunetis
966 3366 1215 3434 partibus
1264 3376 1678 3422 connectuntur.
1726 3365 1783 3421 Si
1813 3367 2144 3421 membranm

554 3453 682 3511 ista
707 3454 1072 3512 Einsidlensee
1117 3455 1342 3513 fuissent
1373 3458 1614 3526 integrae,
1641 3459 1773 3512 satis
1798 3457 2138 3519 commodam
2209 3489 2218 3499 ο

566 3542 729 3607 Urbis
756 3546 1198 3618 ielmographiam
1246 3548 1591 3613 haberemus,
1615 3557 1668 3602 ct
1703 3549 2136 3604 eoemeteriorum

550 3638 866 3710 .catalogum
898 3624 1335 3711 topograpbicum
1365 3640 1683 3713 pleniorem.
1710 3640 1906 3694 Verum
1929 3656 1992 3694 ex
2016 3654 2140 3709 por-

563 3737 744 3799 tarum
794 3731 1197 3787 enumeratione
1243 3748 1401 3801 quam
1454 3733 1709 3797 exhibet,
1741 3743 1961 3803 apparet
1995 3746 2143 3785 com-

564 3802 745 3892 plures
770 3822 1034 3879 sectiones
1076 3822 1395 3887 desiderari.
1440 3823 1664 3877 Pt‘mslat
1700 3833 1934 3877 attamen
1992 3822 2133 3877 illius

2248 3360 2477 3413 reditum
2514 3365 2829 3411 maturaret.

2320 3451 2415 3505 His
2444 3449 2790 3519 pranuonitus
2821 3446 3014 3502 Lector
3054 3446 3327 3516 permittet
3359 3452 3417 3497 ut
3448 3442 3694 3497 sebedas
3715 3440 3821 3495 Eiu-

2250 3542 2535 3603 sidlenses,
2562 3554 2857 3609 earumque
2885 3539 3154 3593 seetiones
3176 3536 3263 3591 tali
3305 3535 3503 3590 ordine
3532 3535 3819 3603 disponant,

2187 3625 2195 3635 ’
2251 3636 2341 3703 qui
2370 3632 2678 3687 methodum
2711 3631 2975 3686 ltiuerarii
3014 3630 3221 3690 reddat.
3255 3631 3393 3683 citra
3427 3627 3604 3680 ullam
3653 3626 3821 3679 verbo-

2256 3741 2374 3779 rum
2410 3734 2503 3779 aut
2536 3738 2784 3779 versuum
2818 3722 3301 3783 detruncationem,
3326 3718 3568 3772 servatis
3597 3713 3825 3785 dictioni-

2245 3818 2347 3873 bus
2370 3817 2595 3888 singulis
2623 3815 2875 3870 editionis
2907 3812 3320 3875 Mabilloniante,
3353 3808 3511 3878 cujus
3541 3808 3674 3864 folia
3715 3808 3821 3861 del-

563 3916 742 3970 aetatis
786 3916 1104 3971 documenta
1146 3915 1413 3984 quaelibet,
1464 3915 1589 3971 licet
1642 3916 1953 3971 detruncata
2008 3931 2138 3985 pro-
2232 3911 2597 3979 {ruderaun
2637 3909 2749 3979 (ubi
2781 3906 3146 3979 componenda
3179 3905 3326 3974 sunt)
3349 3902 3625 3972 appositis
3654 3904 3823 3954 nunc-

566 4002 786 4074 ducere,
813 4020 974 4066 uuam
1003 4007 1069 4062 iis
1113 4006 1333 4063 omnino
1374 4006 1628 4063 fraudare
1676 4008 1952 4063 historiam
1988 4006 2137 4061 Ana-

567 4094 740 4151 stasii.

2243 4006 2320 4060 ris
2351 4003 2637 4059 indicanda
2668 4001 2871 4057 curavi.

587 4218 3812 4258 _____________________________________________________.

1152 4379 1915 4463 DESCRIPTIO
1978 4363 2137 4456 (“)1

2244 4340 2799 4458 SGIONU‘M
2883 4369 3254 4452 UBBIS

2116 4578 2254 4622 SIVE
2829 4578 2869 4608 ο

798 4746 1240 4847 ANONYMI
1291 4718 1945 4850 ITINEBABIUM
2001 4750 2191 4847 PER
2251 4743 2585 4849 URBEM
2612 4816 2642 4876 ,
2698 4744 2824 4844 nr
2882 4743 3178 4844 CIRCA
3234 4706 3631 4871 UBBEH,

568 4954 730 5020 Cum
768 4956 1273 5023 abdicationibus
1307 4957 1810 5024 observabilium
1834 4957 2284 5097 aadiﬁeiorurln,
2314 4954 2553 5019 ibidem
2604 4950 3026 5019 suoerstitum
3058 4952 3222 5016 circa
3258 4957 3564 5017 octavum
3594 4940 3823 5017 Christi

2037 5055 2204 5097 SiBCll
2234 5053 2346 5097 ΗΠ]

2037 5053 2346 5101 δωοωιιω
