3976 6312
638 364 751 425 Βϐῖ
774 364 779 369 ’

647 502 3431 539 Wmn‘.

1378 368 1470 423 AD
1505 361 1949 423 ANASTASIUM
1986 357 2497 415 PROLEUOMENA
2538 360 2711 417 EDIT.
2757 358 3179 429 ROll.-VATIC.

1242 584 1749 765 -AAPPENDIX
1830 666 1960 764 AD
2030 661 2594 809 OPUSGULUM
2666 663 3296 763 PR/ECEDENS.

1672 870 1776 930 DE
1822 867 2296 929 REGIONIBUS
2340 866 2563 928 UBBlS
2606 866 2877 928 ROMJE.

714 1100 847 1157 Cum
884 1100 1049 1155 hocce
1081 1092 1340 1169 opusculo
1382 1093 1635 1169 Septimi,
1672 1098 1772 1153 vel
1806 1097 1982 1154 octavi
2038 1089 2219 1154 saeculi
2252 1100 2304 1158 Α
2330 1094 2567 1151 maxime
2618 1088 2945 1150 doctissimis
2990 1093 3122 1147 viris
3174 1088 3553 1163 intelligimus,
3607 1101 3906 1167 praesertim

639 1192 838 1248 itinera
862 1193 999 1247 intra
1042 1189 1239 1246 Urbem
1265 1190 1533 1260 descripta
1565 1191 1673 1247 sint
1698 1206 1794 1260 per
1812 1186 2218 1260 quatuordecim

625 1282 1072 1354 istius‘regiones
1096 1292 1291 1353 quarto
1320 1292 1445 1338 ante
1487 1278 1660 1352 ipsum
1690 1281 1890 1337 saeculo
1919 1296 1951 1335 a
1978 1279 2138 1344 Rufo,
2166 1287 2222 1335 et

626 1392 672 1427 'a
703 1375 918 1429 Victore
939 1373 1259 1440 descriptas,
1290 1371 1491 1441 placuit
1522 1371 1819 1425 editoribus
1841 1370 2216 1426 Analectomm

640 1466 717 1520 illi
774 1466 1052 1537 praefigere
1121 1464 1333 1518 titulum
1393 1463 1683 1534 Descriptio
1732 1463 1997 1533 regionum
2042 1461 2215 1516 Urbis.

637 1555 934 1625 Proptcrra
972 1556 1280 1610 censuimus
1308 1554 1550 1609 nonnihil
1577 1554 1832 1623 prodesse
1859 1555 1926 1608 ad
1950 1554 2219 1609 illustran-

639 1648 768 1703 dum
808 1646 1175 1709 Anastasium,
1206 1653 1260 1698 ct
1290 1645 1438 1699 Vitas
1458 1685 1472 1707 ,
1500 1644 1589 1698 ubi
1624 1645 1869 1715 regiones
1899 1642 2056 1699 Urbis
2082 1658 2220 1714 pra:-

639 1753 767 1809 sepc
796 1736 1119 1813 indicantur.

710 1828 909 1884 Verum
945 1826 1195 1898 regiones
1233 1825 1520 1881 Anastasio
1541 1866 1555 1890 ,
1586 1835 1641 1879 et
1685 1823 2106 1879 bibliotltecariis
2133 1837 2223 1878 re-

638 1920 882 1983 censitae,
911 1927 1039 1974 sunt
1084 1924 1288 1987 septem
1335 1916 1469 1981 illa);
1516 1915 1836 1984 quandoque
1871 1922 2219 1968 occurrentes

626 2012 806 2066 etiam
840 2010 895 2064 in
939 2008 1089 2064 libris
1131 2007 1434 2063 Ritualibus
1457 2008 1664 2061 ordinis
1710 2006 1970 2069 Romani,
1998 2005 2051 2059 in
2083 2019 2219 2073 quas

639 2096 838 2153 summi
866 2097 1150 2167 pontifices
1182 2096 1502 2173 redegerunt
1523 2103 1761 2166 vetustas
1787 2094 2215 2163 quatuordecim,

640 2189 711 2243 ab
739 2187 980 2258 Augusto
1031 2187 1353 2242 constitutas
1384 2226 1400 2251 ,
1451 2194 1506 2241 et
1556 2185 1613 2240 in
1669 2186 1907 2255 antiquis
1955 2185 2219 2255 lapidibus

640 2274 955 2347 singillatim
992 2285 1356 2339 enumeratos,
1386 2275 1657 2345 praecipue
1681 2289 1810 2329 vero
1836 2275 1892 2328 in
1920 2273 2219 2344 Capitolino

641 2378 921 2420 marmore
940 2365 1039 2419 sub
1065 2363 1304 2418 Adriano
1326 2364 1465 2434 apud
1490 2362 1779 2418 Gruterum
1805 2364 1949 2419 edito
1971 2363 2062 2419 fol.
2090 2363 2215 2428 2&8,

2321 1186 2629 1251 Mabillonio
2671 1187 2722 1240 in
2762 1185 3161 1241 Commentario
3202 1186 3268 1240 ad
3303 1184 3560 1242 Ordinem
3600 1187 3905 1245 Romanum

2320 1280 2395 1336 ita
2426 1279 2682 1334 scribenti
2715 1294 2835 1348 pag.
2870 1270 2981 1333 18':

2397 1387 2415 1421 ι
2453 1369 2742 1440 Explorata
2779 1377 2861 1423 est
2892 1368 3053 1424 Urbis
3092 1361 3283 1424 divisio
3325 1369 3381 1425 in
3424 1380 3628 1441 septem
3662 1374 3907 1444 regiones

2318 1459 2736 1524 ecclesiasticas,
2781 1474 2903 1514 cum
2943 1475 3007 1514 ex
3051 1458 3276 1530 Augusti
3308 1461 3523 1516 decreto
3563 1463 3615 1516 in
3648 1475 3907 1533 quam.

2320 1551 2492 1605 decim
2535 1550 2725 1605 fuisset
2757 1550 3042 1605 distributa
3086 1570 3099 1606 :
3142 1553 3237 1608 sed
3280 1552 3434 1624 longe
3473 1557 3765 1611 obscurior
3797 1569 3906 1623 est,

2318 1657 2439 1712 quas
2469 1651 2646 1697 tamen
2678 1642 2833 1713 longe
2861 1644 3126 1712 posterior
3150 1645 3272 1710 fuit,
3303 1646 3503 1701 divisio
3526 1647 3613 1701 illa
3645 1648 3903 1704 ecclesia-

2319 1733 2478 1797 stica,
2507 1740 2693 1801 utpote
2726 1733 2887 1787 modo
2917 1733 3179 1800 obsoleta,
3215 1750 3381 1805 quam
3410 1737 3610 1803 civilis,
3647 1738 3907 1796 hactenus

2321 1830 2551 1877 retenta.
2579 1822 2830 1878 Omnium
2855 1824 3056 1893 optimc
3085 1824 3355 1880 Nardinus
3381 1826 3544 1883 situm
3563 1868 3580 1893 ,
3611 1844 3683 1884 ac
3714 1830 3906 1886 limites

2321 1913 2582 1984 cujusque
2626 1916 2859 1987 regionis
2898 1916 3278 1975 ecclesiastica:
3317 1922 3611 1992 assignavit
3656 1940 3725 1978 ex
3766 1925 3903 1978 Ana-

2319 2005 2509 2068 stasio,
2533 2005 2624 2075 qui
2654 2016 2889 2061 montem
2914 2007 3239 2066 Aventinum
3269 2012 3321 2066 in
3353 2006 3556 2083 prima,
3587 2004 3641 2068 in
3675 2017 3904 2070 secunda

2318 2095 2462 2159 vjam
2514 2095 2923 2165 Mamertinum,
2979 2087 3258 2156 basilicam
3311 2102 3369 2158 S.
3418 2102 3701 2159 Laurentii
3754 2124 3906 2177 super

2320 2198 2566 2242 sanctum
2609 2187 2943 2246 Clementem
2992 2188 3046 2246 in
3091 2193 3285 2259 tertia,
3336 2202 3391 2248 et
3436 2205 3597 2264 caput
3641 2195 3807 2252 Tauri
3855 2200 3905 2251 in

2320 2277 2507 2346 quinta
2533 2280 2781 2336 collocat.
2827 2281 2977 2336 Alias
3016 2282 3260 2350 designat
3297 2283 3435 2344 idem
3467 2294 3663 2340 auctor
3687 2300 3758 2340 ex
3785 2303 3909 2342 con—

2318 2368 2548 2441 jectura.
2576 2370 2672 2427 llis
2698 2372 2834 2426 adde
2863 2372 2914 2426 in
2946 2374 3164 2444 regione
3186 2383 3377 2443 quarta
3408 2375 3625 2437 titule
3654 2374 3907 2443 Vestina,

622 2472 697 2511 in.
731 2454 785 2519 8,
817 2464 1048 2524 quarum
1079 2455 1132 2508 in
1182 2454 1357 2509 locum
1402 2444 1782 2509 successerunt
1806 2454 1969 2524 paulo
2005 2454 2216 2517 diversa
2246 2451 2294 2511 B
2321 2475 2388 2514 ex
2417 2461 2586 2515 veteri
2609 2456 2985 2530 inscriptione,
3018 2476 3138 2531 quas
3165 2463 3358 2534 legitur
3395 2465 3448 2519 in
3469 2464 3660 2523 Romae
3703 2469 3910 2522 subter-

614 2544 1145 2616 ~circumscriptione
1181 2545 1589 2615 quatuordecim
1637 2545 1886 2616 regiones
1930 2547 2086 2603 Urbis
2128 2548 2219 2621 lto-

632 2638 729 2692 dic
760 2636 918 2691 dictas
940 2633 1386 2690 Rioni.Videmur
1407 2634 1589 2704 itaque
1611 2633 1856 2690 Vitarurn
1879 2635 2219 2705 expositioni,

616 2740 698 2803 ,πει
721 2730 982 2785 lectorum
1008 2727 1294 2783 commodo
1337 2724 1547 2781 felicius
1589 2725 1909 2792 consulturi,
1944 2729 1989 2782 si
2028 2737 2225 2798 praeter

615 2822 856 2876 uviarum
884 2818 1100 2883 indicia,
1132 2832 1496 2887 proponamus
1539 2832 1639 2886 per
1676 2815 1896 2875 brevem
1947 2818 2226 2873 indicatio-

643 2926 770 2967 nem
811 2918 923 2966 tum
950 2908 1230 2978 regionum
1258 2907 1663 2976 quatuordecim
1704 2911 1773 2964 ab
1812 2908 2056 2979 Augusto
2082 2910 2226 2978 posi-

612 3009 906 3077 -tarum‘et
937 3000 1038 3055 sub
1083 2998 1386 3054 Theodosio
1432 2997 1675 3071 principe
1716 3014 1814 3070 per
1842 2999 2140 3064 Victorem,
2174 3006 2228 3053 et

598 3094 846 3157 Jlul’um
884 3078 1277 3162 descriptarum
1319 3104 1414 3161 per
1451 3091 1657 3160 potiora
1697 3092 1923 3148 aedificia
1951 3092 2003 3146 in
2037 3090 2225 3146 iisdem

614 3188 887 3253 inclusa;
943 3197 1053 3242 tum
1089 3195 1294 3256 septem
1341 3184 1832 3243 ecclesiasticarum
1876 3187 1960 3255 (ut
2010 3184 2272 3254 vocant)!

640 3296 790 3355 quas
819 3278 1102 3356 pontiﬁces
1132 3280 1301 3338 nostri
1330 3278 1546 3335 totidem
1577 3277 1820 3333 diacouis
1849 3276 2231 3331 administran-

650 3376 750 3429 das
772 3372 1240 3434 concredideruut,
1264 3386 1365 3426 nec
1383 3387 1488 3426 non
1505 3368 1875 3431 subdiaconis,
1894 3383 1958 3422 ac
1979 3367 2226 3432 notariis,

643 3468 720 3523 ad
748 3478 867 3522 acta
891 3476 1188 3538 martyrum
1228 3465 1508 3520 scribenda
1551 3473 1608 3519 ct
1633 3463 1948 3533 colligenda.
1979 3463 2230 3532 Utrisque

638 3556 878 3611 anitidius
914 3555 1357 3625 perciperentur,
1407 3554 1452 3609 si
1501 3553 1901 3608 delinearcntur
1943 3553 1995 3607 in
2027 3551 2230 3606 Tabula

643 3661 761 3700 ulla
786 3660 907 3713 cum
953 3643 1165 3699 indiciis
1203 3643 1432 3708 viarum,
1484 3642 1662 3697 addita
1712 3644 1874 3697 etiam
1919 3651 2073 3712 parte
2116 3643 2231 3713 agri

638 3734 973 3811 suburbani,
1020 3749 1143 3805 quae
1191 3726 1646 3790 commonstraret
1689 3733 2003 3789 cmmeteria
2031 3733 2231 3805 Marty-

2324 2566 2503 2606 rancaa
2547 2562 2692 2607 torno
2730 2552 2936 2628 ll,‘seu
2980 2552 3072 2608 lib.
3120 2570 3196 2619 tv,
3236 2570 3358 2625 cap.
3397 2555 3490 2619 25,
3527 2556 3618 2609 ubi
3667 2556 3907 2612 laudatur

2323 2631 2708 2716 Abundantius,
2745 2643 3014 2713 acolythus
3054 2662 3162 2715 reg.
3199 2656 3402 2715 quarta:
3428 2655 3490 2699 tt.
3530 2644 3780 2702 Vestinos.
3811 2649 3905 2714 Qui

2325 2733 2511 2788 titulus
2555 2733 2656 2788 SS.
2694 2732 2970 2800 Gervasii,
3001 2743 3057 2790 et
3096 2730 3351 2801 Protasii,
3380 2749 3474 2790 seu
3516 2737 3699 2791 sancti
3727 2736 3910 2791 Vitatis

2323 2831 2507 2893 postea
2538 2823 2857 2894 appellatus.
2892 2837 2912 2876 δ

2397 2913 2619 2968 Nardini
2659 2915 2980 2969 sententiam
3012 2914 3174 2986 igitur
3194 2918 3260 2972 de
3290 2917 3598 2986 regionibus
3624 2918 3909 2974 ecclesias-

2332 3010 2477 3077 ticis,
2509 3026 2668 3080 quam
2704 3026 2822 3081 cap.
2847 3004 2904 3077 4,
2936 3000 3057 3067 libri
3085 3013 3304 3067 secundi
3330 3013 3670 3083 persoripsit,
3693 3014 3766 3068 ita
3794 3014 3909 3067 red-

2329 3104 2474 3158 dam.
2513 3103 2815 3158 Praamonet
2846 3103 3091 3174 Augusto
3126 3103 3391 3173 placuisse
3421 3117 3711 3159 numerum
3742 3105 3911 3175 regio-

2328 3212 2459 3254 num
2490 3194 2674 3260 Urbis,
2704 3195 2797 3265 qui
2826 3195 3228 3265 quaternarium
3259 3210 3363 3253 non
3392 3194 3695 3250 excedebat
3730 3211 3800 3252 ex
3826 3211 3913 3248 au—

2331 3287 2476 3357 tiqua
2524 3286 2833 3357 partitione,
2879 3286 3259 3342 commodioris
3305 3286 3586 3357 regirniuis
3631 3302 3803 3341 causa
3852 3286 3907 3339 ad

2330 3377 2738 3447 quatuordecim
2782 3391 3012 3445 augere,
3060 3391 3289 3445 quarum
3336 3376 3472 3431 ﬁnes
3516 3360 3582 3429 ex
3635 3376 3911 3431 recensitis

2329 3482 2428 3539 per
2453 3468 2746 3532 Victorem,
2787 3466 2842 3521 e‘t
2870 3466 3102 3531 Rufum,
3140 3476 3209 3521 et
3234 3465 3489 3521 Notitiam
3534 3452 3757 3536 imperii
3798 3468 3912 3521 aedi-

2333 3561 2473 3639 ficiis
2501 3576 2564 3616 ac
2593 3560 2724 3614 locis
2750 3559 3134 3615 illustrioribus
3171 3559 3331 3613 hodie
3355 3559 3518 3614 etiam
3545 3560 3807 3630 cognitis,
3833 3574 3912 3613 co-

2333 3663 2494 3706 natus
2532 3661 2617 3707 est
2660 3651 2774 3721 ipse
2820 3651 2975 3705 nobis
3009 3650 3266 3704 exhibere
3305 3650 3623 3727 punctuatis
3666 3649 3824 3705 lineis
3862 3649 3910 3702 in

2338 3741 2507 3811 figura
2539 3756 2660 3810 pag.
2691 3741 2780 3794 50.
2813 3738 2948 3794 Tum
2974 3739 3157 3794 subdit
3186 3752 3201 3791 :

656 3806 783 3882 rum
806 3827 1020 3897 potiora
1040 3803 1507 3899 intrausecundum
1541 3834 1634 3880 aut
1668 3827 1884 3880 tertium
1915 3825 2145 3894 lapidem
2167 3803 2235 3879 ab
2261 3803 2308 3867 C
2378 3803 2589 3901 'Major
2612 3803 2904 3900 vdimcultas
2951 3829 3124 3883 subest
3164 3828 3385 3897 (finium
3434 3829 3755 3899 regionibus
3797 3826 3917 3883 assic

635 3916 820 3973 *Urbis
851 3917 1139 3973 maznibus.
1168 3916 1224 3971 ld
1246 3931 1375 3972 vero
1411 3926 1669 3986 praestare
1699 3916 1840 3971 facili
1871 3917 2083 3987 negotio
2114 3918 2237 3987 quis

638 4008 880 4079 ,poterit,
927 4006 976 4064 si
1021 4007 1179 4063 unica
1232 4005 1404 4078 figura
1450 4006 1839 4077 complectatur
1887 4022 2052 4062 unam
2098 4009 2239 4078 apud

633 4100 954 4157 aNardinum
995 4098 1219 4155 incisam
1262 4099 1316 4155 iu
1356 4098 1623 4153 tine'libri
1662 4099 1845 4170 primi,
1878 4108 1936 4153 et
1968 4099 2123 4164 duas,
2155 4100 2241 4154 vel

630 4203 771 4248 ares
810 4208 840 4245 a
880 4182 1134 4246 Fabrclto
1180 4189 1478 4244 delineatas
1524 4187 1577 4243 in
1625 4188 1882 4259 opusculo
1921 4189 2137 4244 erudito
2176 4190 2242 4245 de

644 4283 829 4352 ’Aquis
872 4291 927 4336 et
965 4277 1387 4350 aquaeductibus.
1421 4276 1680 4333 Numeris
1727 4279 1778 4343 l,
1803 4277 1908 4336 238
1943 4291 1999 4334 et
2028 4280 2155 4334 248.
2196 4281 2242 4334 Α

638 4373 993 4429 .Nardiniana
1034 4371 1251 4442 colliget
1301 4372 1545 4442 regiones
1580 4372 1989 4441 quatuordecim
2030 4372 2239 4427 civiles.

650 4464 708 4519 »Α
738 4461 1104 4518 Fabrettianis
1137 4444 1626 4527 mutuabitur'vias,
1647 4469 1702 4516 et
1722 4460 1837 4532 agri
1863 4459 2089 4516 Romani
2117 4462 2246 4516 sub-

651 4554 862 4612 urbani
904 4569 1189 4611 mensuras
1227 4552 1635 4624 diligentissime
1676 4554 1745 4609 ab
1805 4569 1872 4609 eo
1926 4561 2147 4624 captas,
2191 4564 2247 4609 et

664 4649 903 4707 incisas:
934 4648 1075 4704 unde
1106 4648 1545 4703 cmmeteriorum
1581 4646 1698 4703 loca
1732 4647 1978 4718 pervias
2009 4646 2247 4717 singulas

651 4743 964 4812 assignare,
991 4737 1272 4812 [adhibitis
1289 4740 1454 4797 etiam
1476 4739 1658 4804 Bosio,
1680 4738 1962 4808 Aringhio,
1988 4739 2054 4793 de
2073 4737 2246 4792 Roma

667 4836 1042 4898 subterranea,
1064 4839 1118 4887 et
1153 4831 1398 4887 Boldetto
1423 4831 1488 4887 de
1518 4829 1996 4887 Observationibus
2026 4830 2094 4885 ad
2126 4828 2250 4884 Co:-

668 4926 941 5000 meteria],
980 4942 1085 4981 non
1120 4925 1225 4982 erit
1257 4923 1507 4981 arduum.
1544 4923 1600 4979 Si
1635 4939 1729 4994 per
1759 4922 2151 4999 typographum
2186 4922 2250 4975 li-

668 5020 878 5087 cuerit,
913 5018 1147 5075 tabulam
1184 5018 1619 5089 topographicam
1651 5016 1965 5072 curabimus
2000 5013 2253 5083 Prolcgo-

669 5114 846 5171 menis
882 5113 937 5168 in
968 5112 1077 5169 fine
1105 5108 1502 5181 apponendam.
1539 5107 1759 5162 Interim
1795 5122 1861 5161 ex
1897 5105 2135 5160 Nardino
2168 5103 2252 5157 in—

668 5204 869 5260 dicatis
909 5200 1317 5273 quatuordecim
1368 5196 1677 5271 regionibus
1725 5195 1973 5249 civilibus
2022 5191 2248 5262 Augusti

598 5318 611 5337 κ
670 5298 895 5351 decreto
923 5292 1180 5354 deﬁnitis,
1210 5299 1265 5344 et
1294 5288 1463 5359 ﬁgura
1493 5287 1560 5340 ab
1596 5284 1713 5355 ipso
1743 5283 2009 5339 delineata
2038 5289 2254 5337 utemur

670 5404 795 5459 pag.
829 5384 919 5451 50,
957 5381 1207 5438 nonnihil
1249 5389 1424 5433 tamen
1464 5374 1779 5446 corrigenda
1819 5386 1885 5428 ex
1913 5372 2167 5428 Fabretto
2199 5370 2253 5425 in

598 5515 628 5551 χ.
673 5480 897 5551 regione
920 5475 1119 5546 prima,
1148 5480 1368 5543 propter
1394 5470 1555 5525 situm
1587 5466 1783 5523 veteris
1810 5472 1976 5535 portas
1994 5462 2252 5532 Capena),

675 5587 708 5627 a
729 5571 989 5625 Fabretto
1010 5566 1190 5621 verius
1214 5564 1509 5620 indicatum
1530 5560 1631 5616 sub
1651 5560 1822 5616 hortis
1842 5555 2253 5611 Matthaziorum.

677 5660 933 5729 Eiusdem
960 5663 1123 5713 etiam
1152 5656 1371 5712 Nardiui
1405 5651 1726 5709 sententiam
1754 5649 1820 5704 de
1849 5655 2052 5716 septem
2082 5644 2255 5699 eccle-

681 5749 915 5805 siasticis
948 5748 1253 5819 regionibus
1278 5744 1471 5801 Latine
1505 5741 1806 5803 reddemus,
1839 5751 1997 5808 quam
2043 5733 2257 5807 probari

2338 3920 2696 3994 gnandorutn)
2722 3936 2814 3991 per
2837 3929 3067 3988 tempora
3102 3918 3377 3990 primitiva:
3406 3918 3687 3986 Ecclesia’,
3717 3918 3916 3989 quando

2318 4013 2590 4082 regiones
2618 4011 2919 4077 distributae
2948 4008 3167 4065 fuerunt
3208 4025 3305 4079 per
3342 4002 3628 4080 pontifices
3654 4010 3914 4081 (nostris)

2340 4104 2595 4167 notariis,
2617 4118 2683 4157 ac
2712 4101 2955 4157 diaconis
2986 4118 3000 4155 :
3035 4100 3110 4154 De
3135 4099 3451 4155 Clemente!
3481 4101 3683 4155 scribit
3705 4101 3916 4154 Anasta-

2317 4195 2497 4251 ‘sius:
2535 4193 2743 4264 Septem
2779 4192 3013 4245 notarios
3055 4191 3309 4256 instituit,
3349 4192 3536 4261 quibus
3575 4193 3820 4262 regiones
3855 4190 3916 4241 di-

2342 4287 2486 4351 uisit,
2525 4295 2581 4340 ut
2624 4296 2769 4356 gesta
2810 4296 3124 4355 martyrum,
3164 4297 3281 4347 etc.
3316 4283 3418 4341 Ubi
3462 4299 3584 4341 cum
3630 4297 3829 4356 agatur
3864 4285 3917 4339 de

2343 4374 2750 4444 quatuordecim
2796 4374 3035 4444 antiquis
3085 4374 3393 4445 regionibus
3435 4374 3749 4429 distributis
3794 4376 3916 4427 intra

2344 4474 2552 4533 septem
2589 4465 2859 4530 notarios,
2908 4463 3164 4521 credibile
3204 4474 3316 4527 est,
3367 4464 3579 4519 duabus
3626 4464 3917 4536 regionibus

2319 4558 2586 4642 ‘singulos
2632 4566 2873 4611 notarios
2921 4556 3278 4627 praeposuisse
3325 4552 3665 4610 Clementem
3719 4554 3919 4624 (plures

2344 4647 2546 4716 quippe
2583 4661 2688 4700 non
2722 4644 3030 4715 requirebat
3060 4646 3113 4699 in
3153 4644 3377 4712 singulis
3404 4643 3637 4711 exiguus
3678 4655 3920 4697 nimierus

2347 4738 2797 4802 Christianorum,
2827 4737 2918 4806 qui
2945 4745 3064 4791 erat
3093 4752 3190 4806 per
3220 4734 3419 4790 Urbem
3454 4735 3624 4789 ferme
3651 4733 3919 4803 aequabili-

2351 4835 2433 4881 ter
2461 4825 2838 4896 disperlitus);
2867 4835 2961 4878 aut
2992 4840 3091 4895 pro
3118 4826 3277 4880 modo
3316 4826 3537 4895 majoris
3568 4824 3816 4884 numeri,
3852 4820 3918 4873 vel

2350 4916 2597 4981 minoris,
2625 4925 2682 4970 et
2721 4915 2774 4970 in
2819 4930 3139 4986 unaquaque
3179 4916 3399 4986 regione
3433 4915 3667 4981 diversi,
3712 4932 3745 4969 a
3784 4917 3922 4969 beato

2323 5008 2626 5063 .Cleutente
2651 5008 2924 5076 regionem
2949 5006 3106 5061 alicui
3140 5022 3322 5070 unam,
3351 5007 3504 5061 alteri
3533 5006 3693 5068 duas,
3717 5006 3808 5060 vel
3833 5017 3924 5058 tres

2352 5097 2520 5153 fuisse
2548 5099 2868 5167 assignatas.
2906 5097 3052 5152 Idem
3081 5096 3399 5150 Anastasius
3433 5094 3673 5165 prudidit
3696 5095 3769 5149 de
3807 5093 3925 5148 Eva-

2356 5191 2509 5255 risto,
2536 5199 2742 5259 septem
2773 5189 3030 5263 diaconos
3060 5186 3225 5242 fuisse
3250 5185 3319 5241 ab
3340 5186 3763 5260 eoconstitutos
3789 5205 3802 5239 :
3830 5183 3927 5253 qui-

2322 5334 2327 5339 .
2356 5282 2458 5337 bus
2485 5281 2758 5336 Fabianus
2789 5295 2983 5351 regens
3009 5279 3482 5335 Ecclesiamicirca
3513 5292 3713 5331 annum
3742 5272 3927 5331 Clu-isti

2360 5370 2671 5424 258'divisit
2697 5368 3104 5439 quatuordecim
3136 5368 3381 5438 regiones
3404 5369 3662 5421 urbanas.
3690 5366 3927 5436 Regiones

2326 5464 2331 5468 ’
2364 5462 2593 5517 urbanas
2614 5472 2805 5531 septem
2830 5461 3135 5517 diacouibus
3156 5460 3349 5524 divisit,
3380 5467 3573 5531 septem
3597 5474 3807 5526 quoque
3831 5454 3929 5509 sub-

2364 5553 2613 5607 diaconus
2635 5553 2846 5616 creavit,
2870 5552 2959 5622 qui
2989 5563 3179 5621 septem
3206 5528 3428 5605 ποιατὶἱὲ
3455 5549 3817 5609 imminerent,
3845 5554 3927 5599 ctc.

2366 5642 2674 5713 llncusque,
2718 5642 2839 5697 licet
2872 5642 3102 5709 notarii,
3133 5655 3198 5696 ac
3224 5639 3433 5696 diaconi
3464 5640 3720 5694 dicantur
3746 5645 3928 5705 septem

2367 5734 2769 5800 tantunnumlo;
2824 5741 3060 5789 attamen
3115 5732 3363 5803 regiones
3416 5739 3678 5800 apparent
3732 5726 3929 5783 totidem
