3924 5382
77 150 119 209 I
197 126 211 139 ”
296 164 303 173 ·
780 198 786 205 .
868 158 875 161 τ
1183 154 1577 232 pensato;

1678 157 1773 213 es
1810 114 2033 219 uasis;

78 278 168 331 que
206 263 408 320 eaedem
462 264 633 323 fuisse
676 267 816 337 apud
865 267 1233 332 Christianos,
1277 284 1400 338 qua:
1442 266 1581 337 apud
1610 272 1659 330 A
1689 270 1820 325 tium
1850 290 1864 326 :
1896 274 2170 345 regionem
2204 277 2434 348 primam
2469 277 2537 334 ad
2579 276 2641 335 S.
2687 277 2935 334 Paulum.
2978 279 3275 352 Reginum"

82 362 245 417 lnticos
287 356 653 428 habebantur,
701 379 875 435 neque
916 364 1166 434 leguntur
1208 364 1507 418 imminutae
1557 379 1588 417 a

77 452 226 509 nmero
252 456 581 527 bissepteno.
620 457 800 524 Quare
826 454 1112 511 Ciaeonius
1139 454 1342 511 fallitur
1381 456 1434 510 in
1466 455 1619 510 Vita.

77 548 199 621 lygini
239 548 308 603 ita
333 550 684 619 perscribens
711 565 726 603 :
763 569 782 601 ι
815 550 896 603 Ad
925 549 1342 620 promovendam
1377 548 1588 619 religio-

77 656 141 693 etn
165 639 372 705 Christi,
404 642 880 710 praedicationem,
912 642 1239 713 baptismum
1259 683 1274 707 ,
1304 651 1360 696 et
1388 643 1589 698 eucha-

77 732 213 784 istiam
233 724 713 787 administrandam
743 739 946 804 septem
974 733 1208 802 primum
1237 733 1470 800 diaconi,
1498 749 1587 790 se-

78 834 159 875 tetu
180 822 475 890 regionibus
499 823 765 892 praefecti,
794 838 911 893 qua:
934 823 1064 879 solae
1084 836 1147 877 ex
1176 826 1583 894 quatuordecim

78 918 344 971 hincendto
374 915 613 973 Neronis
654 917 818 973 salva:
855 927 912 973 et
953 917 1248 974 incolumes
1273 932 1581 986 evaserunt,

79 1002 286 1063 ttestante
314 1007 526 1072 Tacito,
555 1011 648 1080 qui
679 1010 756 1064 ait
782 1028 797 1066 :
833 1009 897 1064 In
926 1011 1160 1080 regiones
1189 1012 1583 1081 quatuordeeim

78 1102 183 1154 imae
208 1100 466 1165 diuiditur,
507 1118 734 1170 quorum
767 1112 993 1173 quatuor
1023 1103 1239 1173 integri:
1278 1105 1579 1172 manebant,

78 1202 132 1248 fe:
149 1193 237 1248 solo
264 1203 406 1249 tenus
455 1194 697 1264 dejecm’,
742 1205 933 1264 septem
964 1194 1175 1266 reliqui;
1217 1213 1388 1266 pauca
1420 1207 1581 1252 tecto-

78 1304 142 1338 ιω
170 1286 358 1355 vestigia
397 1296 711 1356 supererant
751 1287 927 1340 lucem
968 1296 1017 1341 et
1047 1287 1320 1342 semiusta.
1379 1308 1409 1340 ι
1440 1289 1577 1346 Nam

77 1394 186 1448 neque
205 1378 408 1433 Tacitus
434 1378 672 1433 affirmat
701 1380 845 1435 solas
884 1390 1087 1449 septem
1128 1382 1394 1437 mansisse
1422 1382 1578 1437 babi-

77 1481 184 1535 atas,
208 1471 288 1524 sed
325 1479 535 1525 tantum
582 1482 856 1528 asseverat
897 1480 1131 1542 quatuor
1170 1473 1418 1537 intactas,
1466 1484 1576 1532 tres

77 1557 296 1613 léstructas
318 1553 635 1631 septemque
662 1562 857 1632 partim
885 1562 1092 1616 laceras
1118 1563 1241 1616 inde
1266 1573 1570 1632 spectatas:

3169 166 3290 225 δια

1693 371 1904 419 sextam
1947 373 2004 419 et
2030 367 2317 436 septimam
2360 368 2427 423 ad
2455 376 2704 424 sanctum
2740 369 2983 435 Petrum,
3017 380 3123 425 etc.
3167 370 3281 426 Sed

1691 452 2100 511 bebdomadarii
2130 457 2217 512 isti
2249 473 2350 529 pro
2377 470 2610 529 quatuor
2628 461 2941 533 regionibus
2969 462 3299 525 constituti,

1690 559 1813 600 cum
1842 556 2048 617 septem
2077 560 2297 616 essent,
2324 553 2467 621 quod
2496 552 2635 607 alias
2658 560 2770 609 tres
2800 554 3050 622 regiones
3086 552 3297 609 Heruli
3336 616 3345 625 ο

1688 647 2035 707 occuparent,
2063 642 2155 710 qui
2189 643 2470 699 catholica:
2492 644 2748 700 Ecclesia:
2783 644 3007 700 minime
3029 661 3274 699 commu-

1688 726 1952 795 nicarent,
1980 741 2041 786 ut
2069 741 2193 803 pote
2219 734 2311 805 qui
2334 743 2481 798 secta
2506 744 2691 791 essent
2719 736 2958 792 haeretici
2997 736 3209 801 Ariani;
3240 754 3262 788 ι

1687 820 1777 875 ubi
1824 821 2141 893 de,septem
2188 826 2562 881 tantummodo
2607 825 2917 897 regionibus
2960 826 3020 880 tit
3064 839 3275 880 sermo.

1687 912 1841 969 Haud
1871 914 2033 970 facile
2065 916 2324 982 adducar,
2369 926 2429 971 ut
2462 917 2705 982 credam,
2735 917 2904 973 fuisse
2934 934 2965 972 a
2995 916 3058 970 Β.
3089 916 3273 972 Silve-

1685 1018 1802 1063 stro
1824 1019 2030 1080 septem
2076 1026 2243 1066 novas
2269 1012 2518 1082 regiones
2544 1012 2816 1078 inductas,
2848 1012 2993 1066 nulla
3018 1012 3275 1081 antiqua-

1684 1115 1805 1154 rum
1840 1102 2048 1156 ratione
2077 1101 2262 1157 habita
2301 1120 2314 1156 :
2351 1117 2474 1158 cum
2505 1103 2935 1159 nulla'snbesset
2974 1104 3137 1158 cauSa
3168 1117 3271 1158 cur

1681 1190 1999 1261 Christiani,
2028 1204 2217 1251 contra
2250 1196 2411 1253 Urbis
2435 1199 2904 1263 consuetudinem,
2926 1198 3167 1254 ‘dillicile
3212 1198 3299 1252 idt.

1681 1285 1956 1354 negotium
2003 1295 2294 1342 tentarent.
2350 1288 2407 1342 ld
2460 1290 2640 1358 potius
2703 1291 3026 1345 crediderim
3086 1297 3302 1345 tractu~

1680 1377 1940 1445 temporis
1989 1379 2251 1442 evenisse,
2310 1389 2369 1435 ut
2409 1381 2530 1435 duae
2574 1382 2834 1451 proximae
2877 1383 3125 1452 regiones
3170 1382 3304 1436 uni-

1678 1468 2003 1524 cnncrediue
2029 1470 2097 1523 ad
2122 1472 2521 1539 procurandum
2545 1472 2599 1527 in
2622 1489 2782 1527 unam
2804 1473 2967 1528 veluti
2994 1472 3309 1529 coalesce-~

1677 1566 1821 1624 rent,
1874 1566 1930 1614 et
1981 1558 2039 1614 S.
2093 1560 2360 1617 Silvestro
2407 1564 2734 1619 decernente
2780 1565 2853 1619 ita
2912 1565 3269 1636 imposteruln

78 1664 188 1718 nepte
212 1660 317 1720 post
351 1652 661 1707 incendium
695 1654 873 1708 minus
900 1654 1068 1717 culta,
1096 1662 1152 1707 et
1182 1655 1577 1713 habitatoribus
1606 1638 1654 1700 Β
1682 1653 1910 1717 servari.
1935 1653 2266 1709 haberem“?
2290 1655 2417 1712 inde
2438 1667 2700 1726 Perpeluo
2716 1666 2982 1726 τεηιιυίιιιι
3003 1666 3291 1725 septena-2

78 1743 257 1811 'r‘mptens
287 1743 447 1822 Roma
487 1744 624 1810 fuit,
652 1762 817 1817 quam
847 1757 1006 1802 antea
1040 1746 1264 1811 fuisset,
1301 1757 1580 1804 asserente

77 1834 203 1889 Facito
236 1835 526 1891 restitutam
564 1835 749 1898 fuisse.
782 1853 845 1892 ac
879 1835 1134 1895 refectam
1166 1838 1575 1911 elegantiorem.

78 1919 280 1995 Talligitur
309 1926 464 1981 etiam
508 1942 578 1982 ex
620 1928 971 1999 inscriptione
1011 1930 1066 1984 in
1095 1928 1421 2000 Capitolinis
1448 1946 1581 1997 coo-

77 2009 326 2095 senatorum
351 2017 561 2074 aedibus
589 2030 888 2087 asservata,
927 2020 1124 2077 Urbem
1168 2022 1220 2075 in
1251 2025 1579 2093 quattuorde-

77 2107 145 2161 dm
165 2108 365 2179 regiones
390 2125 647 2181 peraeque
675 2112 901 2167 divisam
931 2113 1096 2167 etiam
1126 2123 1284 2168 aetate
1317 2114 1574 2181 Adriani;

80 2196 160 2264 qua
191 2201 288 2255 talis
324 2212 402 2257 est
441 2203 662 2272 qualem
706 2203 1030 2268 Panvinius,
1079 2213 1134 2259 et
1179 2203 1447 2261 Gruterus
1491 2210 1577 2260 re-‘-

78 2286 221 2354 (enim,
247 2291 356 2348 licet
380 2292 603 2348 Nardiui
632 2295 796 2350 editio
823 2295 1018 2349 variet.

256 2417 400 2472 IMP.
438 2418 760 2474 CAESARI
804 2418 882 2475 Dl
897 2417 969 2472 VI

258 2486 543 2543 TRAIANI
586 2487 967 2544 PARTHICI.
1014 2489 1159 2545 Ρη).

262 2557 327 2610 Dl
342 2556 405 2610 VI
449 2558 760 2612 NERVAE
803 2558 1089 2616 NEPOTI

261 2626 561 2684 '"RAIANO
605 2628 992 2684 HADRIANO

259 2705 622 2764 ERIBVNIC.
662 2708 1059 2765 POTESTAT.
1100 2703 1190 2767 ἷῖ.

106 2835 113 2842 .
289 2786 400 2840 MP.
438 2777 499 2843 ἦ.
544 2786 680 2841 COS
733 2804 817 2842 ιιι.
862 2786 924 2843 Ρ.
966 2789 1030 2844 Ρ.

211 2854 523 2913 ιιισιδτιιι
579 2856 915 2912 νισοιιγΜ
965 2858 1180 2915 VRBIS

109 2926 113 2931 ⁷
264 2925 637 2982 REGIONVM
677 2927 883 2982 XIIII.

88 3036 276 3093 Praterea
300 3042 446 3096 tradit
485 3042 834 3109 Anastasius,
857 3058 886 3097 a
911 3042 1279 3099 S.'Clemente
1310 3046 1567 3099 distribu-

89 3136 145 3180 tas
164 3128 289 3185 fuisse
308 3132 514 3187 notariis
554 3133 807 3203 regiones
836 3134 1269 3203 quatuordecim,
1307 3151 1413 3189 non
1442 3152 1569 3190 vero

94 3228 242 3285 autem.

137 3308 191 3360 Ad
210 3310 266 3373 id,
286 3312 418 3382 plura
447 3324 564 3384 post
593 3312 814 3379 smcula,
847 3315 1044 3385 quibus
1062 3314 1316 3373 Romano
1343 3317 1570 3388 imperio

96 3412 384 3456 incrementum
412 3405 611 3460 nullum
660 3414 989 3471 accesserat,
1015 3415 1072 3461 et
1112 3407 1165 3462 in
1202 3406 1349 3463 Urbe
1396 3409 1569 3465 Roma

97 3486 303 3543 tat-alarum
354 3510 595 3550 numerus
641 3496 797 3550 valde
849 3496 1169 3553 imminutus
1224 3498 1401 3554 fuerat
1436 3498 1569 3569 'post

92 3568 292 3634 orientalis
332 3583 523 3652 imperii
563 3594 725 3655 caput
763 3586 1288 3656 Constantinopolim
1333 3568 1571 3644 tedillca-

93 3668 351 3727 tatn,\’ictor
385 3673 658 3740 descripsit
712 3689 817 3728 non
865 3674 1009 3729 solas
1054 3686 1258 3747 septem
1319 3679 1568 3749 regiones

97 3752 136 3829 sli
171 3756 365 3814 incendio
408 3760 703 3818 Neroniana
763 3767 1117 3835 superstites,
1169 3767 1265 3822 sed
1316 3780 1564 3824 veterum

94 3852 398 3909 innuenlecim
439 3870 714 3910 numerum
765 3858 1101 3913 universum.
1128 3858 1411 3915 Assentior
1448 3863 1566 3931 qui-

94 3934 173 4020 dem
192 3938 301 3995 inter
317 3942 629 4002 Christianos
656 3957 841 4017 postea
880 3949 1203 4018 obtinuisse,
1234 3957 1291 4003 ut
1318 3951 1566 4023 regiones

95 4026 318 4088 dicerentur
343 4046 549 4107 septem.
593 4041 743 4107 Quod
774 4043 818 4095 si
852 4041 904 4095 in
933 4040 1055 4095 Vita
1078 4040 1141 4094 Β.
1175 4042 1291 4097 Caii
1336 4044 1568 4099 Anasta-

97 4119 170 4173 sius
188 4125 350 4192 scribit,
373 4147 456 4185 eas
479 4134 674 4202 pariter
703 4134 871 4188 fuisse
907 4133 1109 4189 divisas
1142 4152 1154 4188 :
1193 4132 1293 4189 IIic
1332 4152 1564 4206 regiones

98 4209 212 4291 linsit
232 4216 520 4288 diaconibus;
549 4222 669 4277 etsi
699 4225 750 4278 in
767 4224 999 4279 concilio
1024 4224 1267 4279 Romano
1299 4230 1559 4295 secundo,

101 4299 244 4355 actione
279 4311 501 4376 secunda,
525 4313 717 4385 legitur
761 4314 829 4369 de
855 4324 1042 4370 sancto
1068 4315 1331 4374 Silvestre
1363 4337 1375 4371 :
1409 4316 1557 4374 Fecit

100 4401 227 4457 septem
254 4385 465 4468 regiones,
506 4416 550 4459 et
591 4405 895 4461 diacouibus
941 4407 1153 4471 divisit;
1209 4424 1433 4466 necesse
1478 4420 1561 4467 est

104 4480 290 4552 colligere,
327 4495 547 4564 antiquas
592 4496 710 4553 illas
777 4499 1186 4568 quatuordecim
1237 4516 1266 4554 a
1313 4501 1559 4572 pluribus

102 4576 352 4661 pontiﬁcibus
370 4588 501 4642 varie
524 4589 689 4645 fuisse
711 4590 932 4655 divisas,
963 4591 1285 4661 quandoque
1307 4595 1554 4659 notariis,

107 4657 305 4754 aliquando
343 4673 556 4733 diaconis
610 4678 949 4745 distributas,
977 4657 1050 4735 id
1107 4657 1395 4737 est-unam
1447 4699 1558 4754 prze

108 4744 370 4841 altera‘tttodo
408 4767 729 4835 ampliorem,
766 4769 924 4822 modo
957 4770 1351 4840 angustiorem,
1397 4782 1559 4841 preut

108 4835 333 4905 Christiana:
352 4855 688 4923 professionis
704 4860 1009 4934 hominibus
1035 4862 1334 4915 abundaret
1363 4865 1558 4934 tttagis,

112 4940 171 5029 illi
186 4934 487 5002 destitueretur
509 4944 728 5006 :donec
755 4952 978 5009 sublatis
992 4931 1480 5023 .persccutionibus
1496 4955 1554 5009 Β.

110 5017 359 5121 ξϋιςεψρι]
381 5049 567 5109 septem
602 5059 711 5097 non
742 5042 876 5099 ultra
903 5046 1190 5103 mutabiles
1210 5062 1302 5103 eas
1333 5048 1555 5120 redegit.

113 5107 484 5204 litim-Simplicii
516 5124 681 5204 papa:
726 5135 865 5190 circa
910 5154 1111 5194 annum
1165 5137 1376 5193 Domini
1425 5107 1553 5204 ι’ὀιι,

117 5201 334 5270 Anastasius
355 5220 415 5274 ita
434 5201 706 5292 perscribit
738 5244 749 5279 :
784 5246 801 5279 ι
833 5228 929 5285 Hic
955 5229 1237 5287 constituit
1270 5232 1337 5286 ad
1365 5230 1422 5287 S.
1456 5231 1558 5287 Pc-

120 5296 209 5348 ‘mm
230 5311 484 5380 apostolum,
509 5325 561 5370 et
591 5316 661 5370 ad
687 5329 926 5374 sanctum
957 5322 1183 5377 Paulum
1226 5322 1552 5382 apostolum,

1755 1739 2012 1808 Qumnam
2039 1758 2170 1799 vero
2198 1744 2401 1800 fuerint
2430 1745 2514 1800 hae
2539 1755 2744 1818 septem
2769 1747 2969 1818 iugata:
2994 1747 3269 1816 regiones,
3298 1802 3303 1803 ,

1685 1848 1845 1888 nemo
1870 1836 2026 1890 nobis
2058 1836 2330 1902 edisserit,
2361 1853 2539 1908 neque
2571 1838 2730 1894 facile
2758 1840 2882 1910 quis
2922 1840 3264 1911 explieuerit.
3296 1891 3300 1895 «

1680 1925 1935 1980 Attamen
1965 1926 2020 1981 id
2074 1935 2287 1982 tentare
2312 1929 2580 1998 gradatim
2631 1930 2827 1999 placet.
2886 1930 3070 1986 Primo
3118 1932 3295 1989 enim-

1682 2011 1856 2069 l'acem
1901 2016 2055 2071 nobis
2100 2017 2399 2087 praeferunt
2464 2020 2691 2076 recitata
2744 2023 2912 2078 verba
2967 2024 3263 2079 Anastasii;

1681 2104 1815 2159 Cum
1844 2106 2083 2162 basilica:
2109 2106 2172 2162 Β.
2213 2108 2366 2165 Pauli
2412 2110 2625 2168 addicta
2680 2112 2753 2167 sit
2791 2128 2821 2167 a
2873 2113 2934 2169 S.
2984 2114 3269 2185 Simplicio

1680 2197 1831 2266 regio
1853 2198 2027 2268 prima
2070 2200 2287 2254 etlmica
2334 2210 2507 2271 porta
2550 2201 3043 2273 Capenaz;tractus
3070 2221 3285 2277 nempe.

1677 2304 1973 2344 excurrens
2000 2297 2151 2344 extra
2184 2289 2385 2346 Urbem
2426 2306 2598 2362 usque
2647 2294 2713 2347 ad
2754 2295 3041 2351 ecclesiam
3072 2296 3131 2351 S.
3161 2296 3265 2355 Se-

1679 2382 1911 2438 bastiani
1942 2382 2076 2437 foris
2100 2398 2305 2450 muros,
2349 2393 2405 2439 et
2441 2384 2617 2440 eidem
2663 2386 2901 2443 basilicas
2945 2390 3265 2461 proximus;

1680 2474 2080 2546 Regio‘decima
2103 2476 2273 2531 te'rtia-
2298 2477 2680 2533 Aventinensis
2706 2478 2805 2549 ipsi
2820 2479 3058 2537 basilicas
3081 2485 3269 2553 prosi;

1678 2568 1823 2620 mior
1849 2567 2059 2621 ratione
2086 2567 2299 2622 vicinia:
2327 2568 2666 2639 eonjuganda
2694 2569 2864 2647 fuisse
2900 2572 3117 2629 videtur
3151 2589 3267 2644 prae

1675 2655 1891 2709 iacteris
1936 2670 2060 2710 cum
2090 2656 2178 2711 illa
2212 2658 2386 2726 prima
2415 2674 2430 2711 :
2463 2664 2637 2728 quam'
2671 2663 3107 2733 coniugationem
3154 2681 3269 2721 non

1675 2748 2005 2819 probabilem
2035 2750 2336 2813 modo,‘sed
2378 2762 2581 2806 certam
2623 2752 2798 2808 reddit
2841 2753 2985 2810 idem
3033 2756 3269 2813 Anasta-

1674 2840 1788 2894 sius
1813 2841 1866 2895 in
1894 2841 2015 2894 Vita
2038 2826 2263 2910 Eugenii
2300 2844 2418 2899 htec
2447 2845 2795 2913 perscribens
2821 2865 2835 2899 :
2863 2846 3136 2919 Eugeniae
3171 2868 3271 2905 na-

1674 2933 1814 2986 tione
1844 2931 2118 2989 Romanus
2141 2935 2206 2989 de
2234 2935 2441 3005 regione
2466 2937 2638 3005 prima
2663 2937 3022 2994 Aventinense.
3050 2940 3264 2995 Conilr—
3288 2982 3293 2985 μ

1596 3000 1641 3063 C
1674 3032 1855 3078 matur
1894 3038 1959 3078 ex
1989 3025 2220 3094 cpistola
2245 3000 2314 3080 ιὸ
2360 3000 2483 3080 libri
2515 3041 2591 3081 xu
2635 3024 2694 3081 S.
2729 3025 2976 3098 Gregorii
3031 3028 3209 3100 Magni
3241 3048 3258 3104 ς

1675 3112 2043 3184 Prwcipimus,
2072 3125 2127 3169 ut
2154 3116 2364 3170 hortum
2383 3116 2659 3186 quemdam
2687 3115 2926 3172 Politani
2952 3120 3267 3190 presbyteri,

1670 3206 1895 3275 positum
1926 3208 1979 3259 in
2009 3207 2215 3276 regione
2242 3208 2413 3274 prima
2443 3217 2565 3271 ante
2587 3209 2785 3276 gradus
2808 3207 2867 3264 S.
2899 3209 3136 3277 Sabince,
3164 3228 3261 3267 ex-

1670 3298 1940 3352 cusatione
1968 3300 2278 3368 postposita,
2307 3307 2412 3352 etc.

1740 3390 1859 3444 Alia
1883 3392 2046 3445 verba
2084 3391 2354 3445 Anastasii
2394 3391 2448 3444 in
2479 3391 2777 3461 Simplicio,
2816 3391 3099 3464 Hegionem
3145 3405 3255 3451 ter-

1670 3483 1799 3536 tiam
1821 3481 1890 3535 nd
1914 3490 2152 3534 sanctum
2168 3480 2835 3546 Laurentium,ostendunt
2861 3486 2976 3554 pari
3000 3484 3281 3542 facilitate

1672 3574 1845 3639 tertia:
1896 3573 2098 3643 regioni
2152 3574 2407 3642 (ethnicis
2452 3575 2611 3630 dictae
2657 3575 2813 3632 lsidis
2855 3585 2909 3632 et
2953 3577 3261 3648 Sarapidis,

1670 3674 1911 3721 extensae
1937 3679 2064 3719 vero
2099 3680 2265 3736 supra
2288 3665 2580 3735 Esquilias,
2597 3682 2663 3721 ex
2692 3683 2757 3722 eo
2780 3670 2999 3725 circiter
3021 3670 3139 3726 loco
3165 3670 3260 3725 ubi

1670 3758 1831 3813 ltodie
1882 3756 2184 3811 consistunt
2220 3756 2468 3812 ecclesitc
2511 3757 2570 3812 S‘.
2612 3758 2756 3812 Petri
2790 3761 2856 3813 ad
2904 3759 3149 3823 Vincula,
3202 3769 3263 3815 et

1671 3852 1772 3907 SS.
1806 3850 2054 3905 Silvestri
2081 3859 2136 3905 et
2164 3849 2380 3904 Martini
2429 3852 2493 3904 de
2521 3850 2796 3906 Montibus
2823 3852 2972 3913 dicti,
3002 3854 3069 3907 ad
3092 3852 3256 3906 aliam

1668 3944 1996 4016 crepidinem
2029 3945 2212 4009 leii,
2243 3945 2333 3999 ubi
2359 3944 2458 3999 SS.
2486 3944 2626 3999 Petri
2653 3954 2707 4000 et
2743 3945 3035 4000 Marcellini
3071 3947 3276 4001 titulus

1668 4030 1884 4092 erectus
1914 4046 2019 4100 est,
2045 4035 2339 4092 iucludenti
2370 4034 2629 4106 quidquid
2657 4036 2712 4089 in
2738 4035 2930 4090 declivi
2963 4045 3118 4107 parte
3137 4037 3277 4091 col-..

1669 4126 1796 4186 lium
1832 4131 1979 4200 jacet
2021 4129 2163 4184 inter
2206 4127 2263 4183 S.
2298 4128 2593 4184 Clementis
2624 4127 2858 4192 titulum,
2895 4128 3256 4200 Amphitltea;

1668 4233 1811 4278 trum
1846 4222 2111 4286 Flavium,
2148 4230 2203 4275 et
2242 4221 2559 4288 Suburam),
2607 4221 2798 4285 tertiae,
2848 4220 3088 4292 inquam,
3129 4220 3256 4276 huic

1670 4315 1874 4386 regioni
1906 4314 2199 4368 ostendunt
2243 4310 2548 4383 copulatam
2598 4310 2769 4366 fuisse
2800 4312 3063 4390 quintam,
3097 4322 3255 4366 com;

1668 4409 1877 4481 plexam
1907 4407 2142 4476 reliquas
2168 4405 2534 4475 Esquiliarum
2566 4414 2747 4475 partes
2776 4421 2897 4461 cum
2926 4406 3059 4461 colle
3082 4404 3267 4460 Vimi~

1669 4500 1815 4564 nali;
1869 4515 1991 4554 cum
2044 4497 2192 4567 regio
2252 4496 2395 4551 nulla
2453 4505 2595 4551 esset
2650 4497 2947 4566 proxitnior
3006 4499 3254 4553 ecclesia:

1669 4576 1729 4646 S.
1755 4588 2030 4644 Laurentii
2071 4576 2223 4641 extra
2253 4603 2456 4642 muros.
2489 4586 2854 4641 Centirtnatur
2892 4588 2991 4641 ista
3026 4587 3275 4656 conjun-n.

1666 4668 1772 4737 ctio
1803 4696 1868 4734 cx
1897 4678 2123 4749 epistola
2160 4677 2233 4735 58
2270 4676 2363 4732 lib.
2395 4691 2432 4730 ιι
2477 4675 2534 4731 S.
2566 4676 2809 4744 Gregorii
2848 4692 3022 4746 papze,
3060 4676 3111 4731 in
3142 4693 3271 4747 qua,

1666 4764 1858 4825 (ionius
1888 4770 2183 4834 Merulam,
2214 4770 2304 4823 ubi
2329 4766 2697 4821 lto.lietitulus
2713 4765 2771 4820 S.
2798 4764 3034 4821 Maltlnei
3058 4768 3271 4824 visitur!

1665 4870 1731 4922 ad
1789 4867 1923 4922 lines
1971 4866 2173 4937 quintae
2222 4862 2496 4919 referatur
2547 4860 2613 4914 ad
2672 4860 2944 4930 regiOuem
2993 4860 3206 4915 tertiam
3236 4856 3261 4915 εί

1665 4961 1803 5027 Qnia
1834 4959 1997 5027 igitur
2030 4954 2303 5011 ecclesiam
2344 4953 2570 5017 positam
2591 4949 2749 5020 juxta
2780 4949 2992 5003 domum
3021 4948 3267 5005 Μενιιιασι

1663 5067 1784 5103 nam
1820 5050 2027 5119 regione
2052 5047 2226 5100 tertia.
2258 5037 2618 5112 ‘Suﬂ‘ragatur
2646 5043 2814 5104 etiam
2848 5042 3167 5097 Anastasius
3201 5044 3259 5096 in

1659 5140 1918 5202 Adriano,
1947 5138 2132 5192 dicens
2153 5128 2442 5189 ecclesiam
2470 5133 2528 5186 S.
2555 5131 2851 5187 Clementis
2870 5132 2922 5186 in
2947 5132 3115 5186 ruinis
3134 5144 3303 5193 esse,

1663 5231 1892 5303 positam
1920 5226 2156 5301 regionis
2184 5221 2361 5279 tertiae
2388 5239 2400 5274 :
2438 5221 2675 5278 Titulum
2703 5240 2818 5279 vero.
2849 5224 2985 5283 beati
3022 5222 3261 5278 Clemen-

1664 5324 1748 5382 tis,
1782 5321 1923 5382 quod
1958 5318 2121 5374 etiam
2168 5325 2431 5369 casurum
2471 5324 2611 5378 erat,
2643 5325 2698 5370 et
2736 5316 2790 5370 in
2822 5314 2994 5368 ruinis
3023 5312 3261 5382 positum
3312 5358 3331 5371 Α,
