3976 6312
567 276 660 332 επ

1291 271 1382 330 AD
1420 272 1863 337 ANASTASIUM
1903 267 2406 329 PROLEGOMENA
2445 268 2624 327 EDIT.
2666 269 3090 328 ROM.—VATIC.

3716 265 3842 321 επ

563 383 860 457 percipitur
882 395 951 437 ex
979 379 1170 437 eodem
1196 380 1481 439 Anastasio
1507 384 1560 438 in
1593 385 1710 438 Vita
1739 384 1997 454 Stephani
2031 381 2131 437 Ill:
2164 390 2208 448 Α
2235 380 2633 445 ϐωιὶπιοηιαηα,
2671 390 2765 437 aut
2793 382 3132 446 duodecima,
3163 378 3425 452 appellata
3459 376 3680 434 Piscina
3707 376 3842 432 Pa-

564 472 1206 532 RestauravitObasilicam
1240 471 1300 528 S.
1323 473 1595 528 Laurentii
1619 491 1776 544 super
1811 474 1873 530 S.
1905 474 2141 528 Clemen-

563 579 666 622 tem
714 565 921 634 regione
965 563 1138 617 tertia.
1177 563 1333 618 Nulla
1369 565 1574 635 pariter
1598 564 1881 620 difﬁcultas
1919 565 2141 634 impedit

561 658 854 728 quominus
894 671 1248 724 assequamur
1290 663 1578 724 quartam,
1652 655 1698 710 si
1742 656 2140 725 perpendamus

560 750 726 804 verba
752 748 810 802 S.
841 745 1088 817 Gregorii
1123 746 1175 800 in
1201 747 1236 801 5
1261 745 1487 816 epistola
1518 746 1738 800 secundi
1767 745 1911 801 libri.
1945 745 2143 812 Quate-

561 858 661 895 nus
727 840 939 893 domum
990 838 1211 906 positam
1263 838 1319 891 in
1369 837 1470 890 Itae
1506 837 1634 891 urbe
1679 837 1886 906 regione
1925 846 2136 907 quarta,

556 930 712 999 juxta
759 929 932 981 locum
977 927 1067 997 qui
1108 925 1403 996 appellatur
1447 923 1686 980 Gallinas
1728 925 1914 992 albas;
1962 925 2137 981 locum

566 1021 775 1076 scilicet
819 1035 849 1073 a
894 1017 1053 1077 Rufo.
1087 1027 1143 1072 et
1191 1033 1219 1070 a
1251 1016 1472 1072 Victore
1516 1018 1840 1073 recensitum
1883 1018 1938 1073 in
1987 1025 2138 1073 sexta

565 1113 783 1183 regione
811 1111 951 1166 dicta
983 1109 1104 1163 Alta
1131 1109 1340 1172 semita,
1364 1108 1417 1163 in
1445 1107 1712 1175 Quirinali
1739 1109 1932 1178 posita,
1956 1116 2012 1163 et
2044 1109 2144 1163 ad—

563 1204 790 1260 haerenti
821 1209 1026 1272 quarta:
1073 1201 1141 1256 ad
1177 1201 1435 1272 templum
1465 1201 1644 1266 Pacis,
1675 1210 1910 1257 extensae
1937 1216 2067 1257 vero
2108 1215 2141 1256 a

564 1296 683 1350 loco
703 1311 845 1349 nunc
875 1295 1018 1349 dicto
1039 1293 1077 1346 li
1103 1293 1333 1347 Pantani
1361 1293 1428 1348 ad
1460 1293 1730 1348 Suburam
1753 1293 2140 1349 recentiorum.

565 1386 693 1441 linat
719 1401 868 1448 vero,
899 1400 1038 1454 quas
1080 1384 1400 1439 Anastasius
1445 1383 1647 1439 indicat
1674 1386 1949 1456 proximas
1976 1385 2142 1440 fuisse

562 1478 802 1534 basilicae
835 1477 1104 1533 Vaticanre
1134 1477 1186 1532 in
1211 1476 1333 1530 Vita
1363 1475 1648 1546 Simplicii,
1673 1492 1866 1548 nempe
1908 1486 2140 1542 sextam,

563 1583 620 1625 ct
650 1571 951 1641 septimam,
977 1584 1224 1639 quzcnam
1246 1567 1465 1629 fuerint,
1486 1567 1825 1623 manifestum
1850 1581 1971 1623 esse
1991 1569 2146 1622 vide-

565 1671 686 1725 tur;
725 1675 846 1714 cum
877 1659 1023 1713 nulla
1053 1674 1181 1728 pars
1219 1657 1381 1714 Urbis
1407 1657 1473 1730 (si
1507 1659 1964 1714 Transtiberinam
1995 1659 2146 1715 exci—

2243 474 2416 529 bliea?
2468 475 2546 529 Ex
2586 475 3002 530 Bibliothecario
3048 475 3101 529 in
3157 473 3448 528 Anastasio
3489 471 3534 526 ll
3588 479 3838 541 apparet

2239 577 2653 638 cognomentum
2679 567 2918 621 Thoanta
2960 566 3028 621 ad
3073 580 3192 621 eam
3226 564 3538 636 pertinere,
3578 571 3840 618 necnon

2239 656 2382 712 aliud
2408 671 2604 712 nomen
2632 656 2800 727 Caput
2827 655 2988 710 Tauri
3003 656 3342 711 :Anastasius
3368 652 3595 726 [inquit]
3607 655 3842 708 natione

2238 746 2504 802 Romanus
2532 763 2599 802 ea:
2620 759 2768 816 patre
2794 746 2951 801 Petro
2971 747 3036 801 de
3057 746 3264 816 regione
3285 746 3467 815 quinta
3492 742 3702 796 Teuma
3721 738 3840 794 Ca-

2238 847 2329 909 put
2355 837 2519 892 Tauri
2534 851 2557 890 :
2580 838 2646 892 de
2672 852 2776 905 qua
2809 836 2974 891 etiam
2991 835 3142 905 prius
3160 835 3370 890 dixerat
3394 834 3447 888 in
3469 831 3830 887 Alexandro:

2242 931 2474 985 Natiotte
2502 929 2774 985 Romanus
2795 946 2862 984 ea:
2895 941 3044 999 patre
3077 927 3380 982 Alexandro
3401 926 3467 980 de
3486 926 3704 995 regione
3735 939 3838 976 ea-

2239 1029 2332 1092 ραι
2366 1019 2549 1074 Tauri.
2580 1019 2880 1089 Utrumque
2900 1033 3092 1074 nomen
3121 1017 3342 1072 exhibet
3358 1015 3834 1069 nobisdecimam.

2241 1111 2378 1166 Nam
2433 1109 2672 1164 Thauma
2727 1109 2892 1182 [quod
2922 1109 3116 1164 Latine
3161 1115 3247 1163 est
3297 1101 3704 1183 admirandum}
3737 1102 3840 1156 vi:

2243 1203 2475 1272 cuipiam
2499 1203 2712 1272 dignius
2737 1202 2910 1272 aptari
2939 1209 3119 1271 potest
3136 1213 3298 1270 quam
3324 1197 3534 1251 Palatio
3552 1195 3839 1263 Angusto-

2242 1312 2386 1364 rum,
2413 1298 2559 1367 quod
2586 1298 2878 1381 maritnam
2904 1296 3138 1368 regionis
3183 1302 3394 1366 partem
3424 1287 3840 1360 complecteba-

2245 1396 2335 1443 tur
2372 1398 2470 1444 :ct
2500 1390 2670 1459 Caput
2695 1380 2881 1453 Tauri,
2935 1386 3016 1442 vel
3054 1387 3154 1441 fuit
3197 1383 3490 1456 peculiaris
3540 1381 3634 1436 ille
3678 1380 3840 1433 vicus

2243 1477 2472 1534 Palatini
2499 1478 2652 1533 collis
2677 1478 2856 1533 dictus
2879 1475 3068 1548 Capita
3107 1473 3337 1538 Bubula,
3361 1481 3458 1528 aut
3497 1486 3630 1542 pars
3656 1469 3838 1524 immi-

2245 1586 2381 1626 nens
2403 1571 2543 1626 Foro
2566 1570 2788 1636 Boario,
2827 1571 2896 1624 ab
2933 1584 3085 1625 aeneo
3126 1567 3312 1623 Tauro
3346 1579 3544 1621 nomen
3599 1561 3850 1618 lorlassc

2246 1665 2458 1734 adepta.
2527 1664 2758 1718 Decimae
2800 1676 2933 1717 vero
2978 1659 3346 1716 necessarium
3406 1664 3492 1713 est
3535 1653 3844 1711 secundm

565 1753 703 1823 pias)
733 1750 1021 1820 conjuncta
1070 1751 1238 1819 magis
1277 1749 1535 1805 allinitate
1565 1751 1668 1806 loci
1703 1766 1866 1821 quam
1900 1750 2149 1820 planities
2176 1754 2222 1814 B
2251 1754 2417 1810 fuisse
2469 1752 2836 1817 coniunctam,
2893 1751 2979 1808 cui
3037 1765 3234 1807 nomen
3282 1747 3684 1804 Caelimontana:
3713 1743 3842 1808 fuit,

568 1843 766 1913 campi,
795 1842 1092 1911 antiquitus
1118 1841 1289 1896 divisa
1317 1842 1450 1896 duas
1478 1842 1530 1896 in
1560 1842 1826 1913 regiones,
1868 1855 2063 1911 nempe
2091 1840 2144 1895 in

569 1935 875 2004 septimam,
907 1947 1025 2002 qntc
1065 1934 1148 1987 ria
1179 1931 1316 1986 Lata
1343 1932 1563 1999 dicitur,
1590 1942 1647 1988 et
1675 1948 1895 1998 nonam,
1925 1933 2013 1988 cui
2050 1947 2151 1988 no-

568 2041 692 2078 men
723 2023 947 2077 inditum
978 2021 1170 2077 Circus
1214 2022 1514 2078 Flaminius
1544 2038 1559 2077 :
1599 2024 1797 2093 quibus
1832 2024 1905 2078 ita
1945 2022 2148 2093 jugatis

569 2114 950 2170 ecclesiastica:
969 2114 1205 2184 regionis
1225 2115 1466 2185 septimae
1485 2115 1792 2186 appellatio.
1819 2124 1878 2170 ut
1893 2115 2146 2179 arbitror,

573 2206 769 2260 tributa
802 2204 920 2258 fuit.
954 2205 1132 2259 Sexta:
1159 2214 1336 2260 autem
1376 2220 1571 2261 nomen
1602 2204 1748 2277 [cum
1777 2215 1927 2261 sexta
1972 2204 2150 2260 elbni-

570 2311 754 2349 eorum
791 2301 998 2364 quarta:
1025 2294 1313 2364 conjuncta
1345 2294 1459 2365 jam
1486 2295 1630 2350 dicta
1679 2294 1774 2365 sit]
1809 2301 2024 2364 oportet
2055 2288 2152 2346 tri-

573 2388 761 2439 butum
791 2385 956 2440 fuisse
999 2385 1204 2454 regioni
1249 2385 1680 2454 quartadecima
1705 2383 2148 2448 Transtiberinm,

572 2481 756 2548 inqua
798 2477 858 2532 S.
897 2477 1042 2533 Petri
1085 2477 1312 2533 ecclesia
1361 2478 1660 2547 consurgit.
1703 2477 1840 2532 Huic
1893 2475 2036 2530 nulla
2084 2491 2152 2530 ex

574 2569 696 2622 aliis
721 2567 959 2624 Urbauis
989 2568 1296 2639 regionibus
1323 2568 1462 2622 nniri
1487 2567 1644 2623 facile
1667 2551 1868 2637 potuit';
1897 2566 2153 2622 Tiberino

571 2661 734 2716 fluvio
762 2676 792 2714 a
833 2660 1046 2716 caeteris
1074 2659 1330 2714 omnibus
1373 2675 1493 2714 eam
1540 2660 1697 2730 longe
1727 2645 2046 2728 separan'te;
2097 2667 2154 2712 ct

573 2768 696 2806 cum
739 2750 826 2805 illa
876 2750 1230 2820 amplitudine
1276 2765 1372 2805 sua
1420 2750 1552 2804 satis
1606 2757 1837 2819 occupet
1881 2749 2152 2804 notarium

572 2841 886 2910 pr0prium,
932 2849 989 2894 et
1031 2839 1338 2894 diaconum.
1401 2840 1706 2912 Supersunt
1755 2855 1786 2896 c
1832 2840 2154 2895 Christianis

576 2931 886 3002 regionibus
913 2931 1049 2991 dum,
1083 2932 1342 2996 secunda,
1384 2940 1442 2988 et
1477 2933 1661 3002 quinta
1688 2950 1703 2999 ;
1731 2932 1787 2987 el
1806 2947 1872 2986 ex
1899 2941 2156 3002 quatuor-

575 3021 750 3076 dccim
774 3020 1009 3076 ethnicis
1037 3021 1294 3091 quinque,
1324 3036 1519 3092 nempe
1545 3023 1802 3089 secunda,
1827 3033 2039 3086 octava,
2063 3024 2162 3079 dc.-

2245 1862 2346 1902 nec
2368 1861 2472 1901 non
2503 1846 2734 1900 fortasse
2762 1843 3134 1900 duodecimam
3179 1841 3257 1897 illi
3298 1840 3674 1910 subiacentem
3710 1851 3844 1906 per-

2245 1939 2394 1994 brevi
2423 1953 2588 2008 gyro:
2614 1936 2721 1992 nisi
2748 1937 2863 1991 hac
2881 1934 3224 2005 copularetur
3248 1947 3370 1988 cum
3397 1931 3601 2000 prima,
3622 1937 3846 2000 portam

2245 2033 2543 2106 capenam,
2568 2039 2620 2084 ct
2647 2030 2974 2085 Aventinum
3001 2027 3332 2083 includente.
3361 2024 3496 2080 “me
3516 2024 3742 2079 fuerant
3769 2037 3842 2077 ex

2249 2124 2384 2178 meis
2419 2121 2746 2190 conjecturis
2792 2120 3109 2190 exponenda
3155 2118 3224 2188 de
3266 2125 3470 2188 septem
3518 2111 3844 2186 regionibus

2247 2214 2628 2269 ecclesiasticis
2656 2213 2806 2268 urbis
2845 2212 3050 2267 Rom.
3085 2209 3361 2266 Hactenus
3385 2206 3694 2262 Nardinnm
3737 2220 3846 2258 au-

2249 2305 2481 2361 divimus
2520 2324 2532 2359 :
2579 2305 2669 2375 qui
2715 2320 2836 2359 enm
2885 2301 3242 2358 Martinellum
3284 2300 3435 2370 sequi
3485 2299 3545 2354 in
3593 2297 3848 2366 pluribus

2251 2396 2502 2458 fateatur,
2533 2411 2754 2452 necesse
2790 2397 2944 2450 nobis
2972 2405 3056 2451 est
3102 2394 3342 2465 ejusdem
3385 2400 3550 2460 caput
3587 2390 3624 2443 4
3658 2389 3851 2443 Rom

2251 2496 2438 2551 same,
2463 2497 2557 2542 aut
2582 2497 2788 2556 partem
2825 2487 3182 2541 transcribere
3227 2483 3367 2553 quod
3393 2480 3848 2551 supradictarum

2252 2580 2602 2650 partitionum
2631 2578 2889 2632 clenchus
2914 2575 3040 2640 erit,
3069 2584 3126 2630 et
3155 2573 3507 2630 breviarium.

2330 2689 2349 2722 ι
2382 2669 2744 2733 Exinstituto,
2775 2667 2969 2735 inquit,
2998 2681 3167 2736 pauca
3197 2665 3263 2719 de
3291 2678 3461 2718 sacra:
3483 2659 3653 2716 Urbis
3666 2657 3843 2728 regio-

2254 2759 2414 2814 nibus
2441 2755 3176 2830 explicabimus.Gentilium
3222 2753 3587 2808 Romanorum
3639 2749 3844 2804 Urbem

2257 2854 2326 2906 ab
2355 2853 2593 2922 Augusto
2620 2848 2833 2905 Caesare
2860 2848 2912 2902 in
2943 2847 3189 2918 regiones
3217 2842 3631 2914 quattuordecim
3674 2839 3848 2895 fuisse

2256 2943 2505 3005 divisam,
2540 2938 2707 2994 refert
2736 2937 3030 2993 Suetonius
3057 2950 3173 3004 cap.
3209 2933 3302 2989 30.
3343 2931 3606 2986 Eamdem
3639 2929 3692 2984 in
3741 2928 3848 2982 Ne-

2259 3031 2490 3085 rnuiano-
2513 3029 2761 3084 inccndio
2787 3026 2974 3096 majori
3000 3042 3068 3081 ex
3090 3032 3244 3095 parte
3283 3022 3484 3078 arsisse
3509 3019 3700 3075 scribit
3739 3018 3845 3072 Ta-

575 3111 738 3174 cima,
760 3111 1042 3166 undecima
1059 3120 1109 3166 et
1132 3112 1467 3166 duodecima.
1489 3113 1571 3168 Ad
1587 3115 1876 3168 secundam
1891 3114 2160 3170 Christia-
2181 3110 2227 3172 C
2258 3123 2399 3178 citus
2435 3122 2525 3176 bis
2554 3122 2733 3175 verbis
2764 3135 2778 3174 :
2814 3120 2871 3174 1n
2921 3119 3168 3188 regiones
3208 3113 3625 3186 quattuordecim
3672 3113 3848 3165 “om:

579 3219 705 3257 nam
730 3203 1055 3272 pertinuisse
1078 3204 1240 3258 etiam
1269 3214 1518 3259 octavam
1543 3207 1904 3271 ethnicorum,
1951 3207 2154 3261 dictam

579 3290 781 3346 Forum
802 3290 1116 3358 Romanum,
1147 3295 1384 3349 ostendit
1406 3294 1759 3361 Anastasius;
1791 3297 1916 3351 dum
1948 3298 2158 3352 Zacha-

578 3383 692 3437 rias
719 3381 955 3438 declarat
989 3382 1047 3438 S.
1080 3383 1295 3456 Georgii
1328 3387 1633 3442 diaconiam
1658 3388 1860 3444 dictam
1904 3391 1954 3443 in
1997 3391 2156 3446 Vela-

579 3476 700 3540 bro,
729 3474 850 3529 loco
885 3474 1094 3530 scilicet
1129 3477 1195 3531 ad
1238 3486 1485 3534 octavam
1532 3480 1788 3535 Veterum
1825 3482 2153 3551 pertinente,

581 3563 852 3620 reccnseri
883 3564 936 3618 in
975 3565 1205 3620 secunda
1231 3583 1244 3619 :
1275 3565 1342 3620 In
1369 3569 1646 3623 venerabili
1669 3570 1910 3624 diaeonia
1934 3571 2159 3626 nominis

583 3653 666 3726 [8.
697 3654 1064 3728 Θρωςίἰμὶια
1103 3657 1157 3710 in
1191 3657 1288 3712 hac
1329 3657 1571 3714 Romana
1604 3661 1808 3715 ciuitate
1836 3663 2044 3733 regione
2076 3679 2159 3718 se-

585 3748 760 3800 cunda
787 3747 856 3801 ad
897 3745 1074 3802 Veluti:
1099 3765 1338 3802 aureum.
1364 3749 1442 3804 lta
1470 3751 1633 3806 etiam
1661 3753 1714 3808 in
1759 3753 1880 3809 Vita
1925 3756 2160 3811 Anasta-

583 3835 649 3891 sii
677 3836 754 3890 ait
783 3854 797 3890 :
824 3834 927 3890 Hie
946 3836 1067 3906 fecit
1103 3837 1395 3904 basilicam,
1423 3857 1539 3911 qum
1559 3841 1753 3898 dicitur
1771 3843 2159 3913 Crescentiana,

583 3927 639 3978 in
670 3925 875 3996 regione
903 3927 1131 3982 secunda
1159 3928 1214 3982 in
1240 3930 1321 3983 via
1353 3929 1670 3987 Mamertina
1699 3934 1754 3988 in
1785 3934 1910 3988 urbe
1946 3933 2115 3990 Roma
2141 3948 2159 3986 :

583 4032 751 4088 quam.
773 4017 913 4072 viam
941 4019 1111 4074 ferme
1136 4020 1415 4076 evidenter
1437 4032 1654 4079 constat
1674 4023 1837 4079 fuisse
1857 4039 2023 4094 prope
2041 4040 2166 4080 car-

583 4125 762 4164 cerem
793 4109 902 4164 sub
918 4109 1180 4182 Capitolio
1225 4112 1426 4168 dictum
1457 4113 1834 4170 Mamertinum
1865 4116 1919 4170 in
1944 4117 2164 4187 regione

585 4197 626 4253 F
631 4198 714 4252 ori
743 4198 973 4254 [tertiani
1002 4216 1015 4254 :
1048 4208 1104 4255 et
1143 4201 1463 4257 rationabile
1505 4202 1715 4260 videtur
1744 4219 1990 4262 asserere
2028 4221 2162 4262 con-

579 4290 825 4358 iunctam
882 4291 1051 4346 fuisse
1100 4307 1225 4348 cum
1272 4305 1464 4349 octava
1516 4296 1734 4367 regione
1783 4298 2161 4367 undecimam,

584 4393 950 4452 nuncupatam
979 4382 1120 4440 Circi
1147 4384 1392 4453 Maximi,
1421 4397 1516 4443 aut
1548 4390 1741 4445 saltem
1780 4391 1922 4448 illius
1955 4402 2163 4463 partem

2257 3211 2534 3275 dividitur,
2563 3225 2794 3278 quarum
2837 3205 3068 3278 quatuor
3104 3206 3329 3276 integra:
3356 3203 3685 3266 manebant;
3735 3211 3848 3254 tres

2256 3302 2371 3356 solo
2402 3309 2558 3355 tenus
2582 3299 2844 3368 deiectae:
2881 3307 3086 3367 septem
3112 3295 3335 3368 reliquis
3367 3309 3540 3365 pauca
3572 3301 3844 3347 tectorum

2255 3390 2487 3460 vestigia
2529 3396 2880 3459 supererant,
2940 3387 3117 3441 lacera
3164 3393 3220 3440 et
3263 3384 3544 3439 semiusta.
3599 3381 3670 3436 Et
3717 3381 3848 3434 licet

2256 3484 2499 3539 eamdem
2529 3481 2739 3536 decimo
2779 3478 3007 3533 Neronis
3050 3491 3194 3532 anno
3238 3475 3354 3530 suis
3392 3473 3770 3530 resurrexissc
3811 3486 3848 3526 c
3889 3515 3914 3523 .-

2257 3575 2487 3630 ﬂammis
2529 3573 2771 3630 historici
2824 3579 3124 3633 testentur,
3162 3566 3518 3623 nihilominus
3540 3563 3847 3634 scriptores

2257 3668 2398 3723 sacri
2424 3667 2490 3720 de
2532 3675 2737 3735 septem
2784 3661 3094 3733 regionibus
3134 3668 3344 3714 tantum
3392 3655 3555 3711 verba
3598 3655 3848 3718 faciunt,

2259 3759 2401 3829 quod
2439 3757 2648 3811 duabus
2679 3755 2857 3808 forsan
2881 3751 3043 3806 simul
3064 3749 3292 3818 junctis,
3325 3763 3423 3818 per
3456 3747 3560 3801 has
3603 3761 3637 3800 a
3678 3744 3842 3799 mini-

2259 3849 2389 3904 stris
2417 3845 2671 3902 Ecclesiae
2697 3845 2952 3898 Romana:
2977 3858 3070 3897 sua
3094 3841 3275 3895 munia
3297 3837 3538 3894 exerceri
3558 3835 3848 3906 pontiﬁces

2263 3939 2624 4002 decreverint,
2652 3945 2712 3990 ut
2742 3934 2882 3990 infra
2910 3934 3173 3988 dicemus.
3207 3929 3320 3984 Has
3343 3929 3422 3984 sic
3447 3929 3518 3983 ab
3551 3925 3854 3981 Anastasio

2261 4027 2681 4084 Bibliothecario
2707 4025 3007 4080 recensitas
3037 4020 3362 4076 invenimus.

2335 4140 2354 4172 σ
2392 4119 2602 4192 Regini
2634 4115 3014 4172 Aventinensis
3051 4114 3105 4168 in
3146 4111 3388 4182 Eugenio
3424 4109 3445 4165 l
3475 4107 3765 4180 pontiﬁce,
3795 4114 3847 4159 et

2264 4212 2316 4266 in
2346 4210 2628 4281 Simplicio
2648 4209 2689 4264 ι.

2339 4321 2358 4353 ι
2394 4300 2560 4372 Regio
2601 4299 2647 4354 Il
2690 4298 2743 4352 in
2790 4312 2894 4367 qua
2940 4295 3039 4351 Via
3074 4291 3396 4348 Mamurtina
3421 4291 3475 4345 in
3500 4289 3794 4345 Anastasio
3825 4284 3848 4339 l-

2264 4390 2516 4461 pontillce
2543 4403 2558 4443 :
2587 4396 2644 4442 et
2671 4386 2917 4442 diaconia
2955 4384 3013 4440 S.
3035 4381 3254 4452 Georgii
3281 4381 3348 4436 ad
3371 4379 3557 4435 Velum
3595 4391 3846 4438 aureum,

587 4472 814 4545 longiori
858 4475 1026 4530 simul
1064 4484 1122 4532 et
1165 4479 1462 4548 angustiori
1515 4489 1694 4537 tractu
1729 4482 1886 4551 juxta
1923 4485 2162 4542 Tiberim
2191 4463 2242 4523 D
2271 4486 2324 4539 in
2346 4481 2638 4538 Zaccharia
2661 4480 2702 4534 ι.

587 4576 986 4622 excurrentem.
1017 4565 1278 4624 Secunda:
1324 4586 1521 4626 nomen
1558 4569 1790 4630 fortasse
1834 4576 2067 4631 obtinuit
2097 4593 2167 4634 ex

585 4669 659 4711 eo
683 4655 828 4726 quod
871 4655 1058 4724 prima:
1087 4657 1391 4714 adhmreret
1426 4661 1526 4716 sub
1546 4660 1834 4719 Aventino.
1877 4663 2009 4720 Mihi
2038 4679 2170 4722 vero

589 4760 698 4800 non
726 4755 1070 4815 opponantur
1111 4748 1246 4802 Acta
1275 4747 1336 4802 8.
1365 4747 1626 4814 Martium,
1672 4753 1758 4806 ubi
1806 4753 2033 4808 ecclesia
2079 4754 2168 4810 illa

589 4835 792 4891 dicitur
822 4836 1058 4908 regionis
1088 4847 1256 4894 sexta:
1282 4856 1296 4904 ;
1330 4855 1453 4894 nam
1477 4840 1561 4894 via
1588 4840 1930 4910 Mamertina,
1957 4854 2014 4899 et
2057 4845 2174 4900 dia-

587 4932 744 4986 conia
777 4930 836 4986 S.
865 4930 1082 5003 Georgii
1109 4934 1176 4987 ad
1202 4933 1392 4988 Velum
1419 4950 1641 4989 aureum
1663 4936 1915 4990 dicuntur
1943 4937 2014 4992 ab
2029 4939 2172 4992 Ana-

589 5023 759 5077 stasio
786 5033 1034 5093 spectare
1071 5017 1138 5078 ad
1187 5025 1456 5095 regionem
1499 5027 1819 5093 secundam;
1871 5029 2172 5099 eodemque

591 5124 730 5169 teste
757 5114 1072 5185 Simplicius
1093 5117 1244 5186 ponit
1290 5117 1567 5187 regionem
1615 5127 1822 5172 sextam
1868 5119 2171 5188 proximam

590 5205 833 5262 basilicae
854 5205 910 5260 S.
937 5205 1081 5260 Petri
1118 5225 1130 5260 :
1160 5221 1286 5276 qum
1304 5208 1483 5262 omnia
1520 5209 1872 5278 comprobant
1919 5211 2173 5263 mendose

593 5296 922 5364 descriptum
952 5295 1120 5351 fuisse
1149 5313 1428 5351 numerum
1457 5299 1509 5352 in
1536 5298 1689 5353 Actis
1730 5297 1788 5352 S.
1820 5298 2062 5352 Martium
2102 5299 2170 5352 ab

595 5387 934 5453 amanuensi,
962 5387 1050 5457 qui
1069 5387 1186 5442 loco
1203 5389 1426 5442 unitatis
1460 5406 1485 5445 ιι
1505 5391 1784 5446 substituit
1804 5392 2089 5460 quinarum
2113 5407 2169 5456 v,

593 5488 649 5533 et
671 5493 740 5535 ex
766 5478 985 5548 regione
1007 5494 1045 5532 lt
1076 5477 1204 5532 fecit
1229 5494 1299 5532 γι.
1333 5479 1526 5546 Quinta
1559 5481 1791 5552 denique
1818 5482 1963 5552 regio
2000 5481 2176 5537 eccle-

597 5571 830 5624 siasticze
857 5569 1161 5639 partitionis
1193 5586 1439 5640 quaenam
1467 5571 1569 5626 alia
1603 5571 1781 5636 fuerit,
1814 5574 1912 5628 nisi
1964 5574 2170 5628 decima

600 5660 853 5716 Veterum
907 5661 1046 5716 dicta
1093 5659 1384 5727 Palatium,
1419 5672 1512 5717 aut
1557 5665 1810 5729 secunda,
1844 5666 1930 5719 cui
1976 5683 2170 5721 nomen

2347 4593 2366 4626 ι
2398 4573 2564 4643 Regio
2591 4571 2656 4626 ΙΙΙ
2684 4576 2901 4624 notatur
2926 4567 2982 4621 in
3011 4563 3290 4633 Simplicio
3315 4562 3355 4617 1.
3386 4560 3444 4616 In
3471 4561 3577 4616 hac
3616 4561 3724 4615 sita
3766 4565 3842 4612 est

2269 4664 2491 4722 basilica
2513 4662 2571 4717 S.
2600 4659 2900 4724 Laurentii,
2928 4657 2981 4712 in
3006 4655 3282 4734 Stephano
3303 4651 3387 4708 lli.
3412 4651 3626 4707 Titulus
3652 4650 3713 4705 S.
3729 4650 3845 4704 Cle-

2273 4756 2490 4820 mentis,
2528 4755 2744 4820 ibidem,
2777 4759 2833 4806 et
2862 4750 2915 4805 in
2951 4748 3191 4803 Adriano
3214 4746 3259 4819 ι.

2350 4867 2368 4899 ι
2402 4847 2570 4916 Regio
2597 4844 2662 4900 IV
2695 4846 2747 4900 in
2776 4859 2881 4914 qua
2905 4858 2974 4898 ex
3001 4849 3154 4912 patre
3185 4835 3378 4908 Sergio
3404 4845 3566 4890 natus
3599 4833 3705 4890 fuit
3725 4833 3844 4889 Ser-

2275 4938 2395 5009 gius
2424 4937 2462 4990 ll
2490 4935 2751 5006 pontifex.

2353 5045 2372 5079 ε
2409 5026 2576 5097 Regio
2604 5023 2668 5092 Υ,
2698 5021 2904 5078 Tauma
2927 5019 3101 5091 Caput
3129 5015 3320 5083 Tauri,
3346 5013 3726 5070 inAlcxandro
3757 5009 3842 5064 let

2275 5119 2562 5175 Anastasio
2588 5114 2649 5173 ΙΙ.

2355 5230 2373 5262 ι
2423 5209 2592 5280 Regio
2639 5204 2706 5261 VI
2755 5205 2810 5260 in
2853 5202 3142 5274 Simplicio
3180 5214 3337 5272 papa.
3377 5197 3436 5252 In
3483 5211 3548 5251 ea
3594 5194 3843 5263 templum

2279 5300 2337 5356 S.
2369 5299 2635 5364 Martium,
2655 5305 2712 5352 et
2740 5311 2900 5352 arcus
2932 5291 3293 5364 T’riumpbalis
3326 5287 3576 5359 Septimii
3621 5281 3840 5343 Seven-ii,

2275 5399 2333 5444 ut
2364 5389 2416 5442 in
2443 5387 2594 5444 Actis
2622 5387 2778 5442 dictae
2802 5393 3022 5441 sanctae.

2353 5499 2370 5529 σ
2402 5478 2570 5549 Regio
2597 5475 2687 5532 Vll
2709 5477 2761 5531 in
2787 5478 2999 5532 eodem.

2352 5586 2371 5619 ι
2409 5568 2466 5622 lu
2513 5568 2612 5622 has
2663 5567 2828 5636 igitur
2876 5565 3164 5636 regiones,
3215 5571 3472 5630 tanquam
3527 5557 3578 5611 in
3644 5553 3840 5623 majora

2283 5661 2544 5726 membra,
2575 5659 2854 5729 pontifices
2879 5659 3092 5724 urbem,
3126 5656 3176 5711 ni
3217 5651 3472 5718 fitllimur,
3509 5649 3840 5705 diviserunt:
