3976 6312
77 338 201 395 573

1328 333 1416 390 ΒΕ
1451 330 1865 389 BEGIONIBUS
1902 323 2120 390 UBBIS.

3231 323 3345 380 37‘

75 459 133 503 et
165 445 385 517 cuique
426 444 629 515 regioni
662 446 877 509 notarii.
909 445 1246 511 subdiaconi,
1277 446 1513 511 diaconi,
1546 462 1667 515 pre-
1693 449 1744 506 Α
1773 446 1831 500 S.
1865 443 2167 515 Eustachii]
2196 452 2253 498 et
2282 444 2333 497 in
2369 458 2432 498 ea
2465 442 2582 496 sitm
2610 454 2717 495 una
2738 455 2860 495 cum
2890 437 3131 494 diaconla
3152 453 3342 508 supra-

78 539 323 610 shyteri,
361 540 451 607 qui
494 538 599 591 alio
634 538 852 591 nomine
896 547 1156 592 vocamur
1183 537 1455 607 episcopi,
1488 546 1544 592 et
1569 538 1667 592 de-

80 628 347 684 fensores
376 629 605 683 ordinati
636 638 781 683 sunt.
819 649 838 682 ι

160 720 267 774 His
294 721 371 775 ita
400 736 468 775 ex
495 719 799 775 Martinello
836 735 900 775 ac
931 720 1168 775 Nardino
1193 720 1490 776 observatis
1514 760 1529 785 ,
1575 719 1671 775 ob-

85 827 260 866 scura
305 826 429 866 esse
477 826 580 864 non
630 819 806 879 potest
845 812 1125 882 regionum
1178 810 1668 867 ecclesiasticarum

84 902 343 971 partitio,
391 915 507 969 quae
562 901 628 955 ad
681 900 1052 956 illustrandum
1109 903 1450 957 Anastasium
1489 901 1674 956 debuit

84 984 376 1065 praemitti.
418 993 611 1048 Subdit
639 992 908 1049 Nardinus
931 995 982 1048 iu
1012 994 1118 1049 line
1144 996 1335 1065 capitis
1373 995 1547 1063 quarti
1587 1009 1676 1048 re-

87 1086 356 1156 gionibus
375 1084 781 1154 quatuordccim
808 1085 859 1138 in
880 1084 1025 1140 Urbe
1044 1101 1188 1141 nunc
1212 1086 1514 1156 vigentibus
1540 1084 1673 1138 nihil

94 1192 231 1231 esse
258 1190 547 1231 commune
574 1189 697 1229 cum
733 1175 954 1230 totidem
984 1175 1052 1229 ab
1073 1175 1313 1245 Augusto
1333 1174 1633 1230 constitutis
1657 1192 1671 1229 :

88 1276 147 1320 et
176 1275 433 1320 recentes
459 1264 554 1318 has
582 1264 773 1318 referri
799 1272 1049 1333 oportere
1076 1264 1144 1318 ad
1173 1278 1236 1318 ea
1263 1263 1495 1317 infausta
1539 1272 1674 1317 tem-

92 1372 256 1426 pora,
286 1356 488 1425 quibus
516 1356 791 1411 Romanus
824 1357 1051 1427 populus
1072 1356 1421 1412 factiosorum
1449 1356 1674 1421 ambitu,

94 1464 162 1501 ac
196 1448 555 1518 perduellium
589 1448 818 1503 tumultu
861 1449 1129 1504 excitatus
1169 1450 1465 1521 legitimum
1499 1449 1677 1519 ponti-

96 1540 222 1595 ﬁcis
246 1540 475 1593 maximi
502 1540 837 1595 dominatum
872 1550 1145 1607 excutere,
1175 1551 1229 1597 et
1271 1542 1554 1598 consulare
1583 1556 1681 1596 no-

98 1644 254 1693 men,
280 1644 349 1684 ac
376 1630 708 1684 senatorium
733 1631 988 1686 invehere
1012 1647 1134 1687 cum
1164 1632 1394 1701 quadam
1426 1631 1679 1701 reipubli-

1771 538 1913 591 dicta
1937 536 2182 588 Thermzc
2204 533 2598 594 Alexandrinre,
2618 541 2673 587 et
2696 531 2992 586 oratorium
3014 528 3335 591 Salvatoris,

1770 646 1890 699 qua:
1914 629 2095 682 omnia
2126 627 2388 696 hodieque
2414 631 2723 694 supersunt.

1842 725 1971 780 Illud
2002 737 2215 793 quoque
2248 736 2315 775 ex
2350 717 2653 774 Martinello
2681 715 2971 770 tenendum
3006 721 3111 775 est,
3146 708 3347 779 Regio-

1772 832 1869 872 nes
1893 815 1996 870 dici
2030 814 2205 868 minus
2228 811 2441 881 proprie
2479 808 2617 879 apud
2651 804 3050 864 ecclesiasticos
3092 809 3347 855 auctores

1772 910 1935 965 etiam
1965 907 2174 962 minora
2222 903 2381 959 Urbis
2425 900 2690 963 membra,
2743 910 2838 952 seu
2887 896 3056 958 vicos,
3094 893 3221 947 olim
3253 906 3346 959 apo

1772 998 1998 1070 peltatas
2042 996 2110 1049 ab
2139 993 2452 1050 earumdem
2492 998 2649 1060 parte
2690 987 2997 1058 insigniori,
3038 994 3097 1038 ut
3133 979 3346 1036 AVEN-

1777 1086 2108 1150 TINENSIS,
2158 1084 2380 1141 COELII
2435 1079 2714 1146 MONTIS,
2761 1076 3130 1139 FELLONIA,
3169 1072 3300 1128 PIRI
3329 1113 3346 1135 ,

1776 1184 1934 1241 VIAE
1978 1181 2225 1245 LATAE,
2276 1177 2679 1243 MERULANA,
2719 1172 3037 1236 PATRICII,
3077 1177 3133 1225 et
3183 1168 3348 1222 POR-

1775 1276 1911 1331 TAE
1934 1272 2213 1328 METODII
2247 1289 2260 1325 :
2294 1271 2378 1324 vel
2408 1270 2475 1324 ab
2505 1269 2683 1337 aliquo
2717 1264 2958 1336 ejusdem
2986 1261 3093 1316 vici
3123 1259 3350 1314 aedilicio

1776 1367 1995 1437 insigni,
2036 1374 2096 1419 ut
2125 1361 2480 1426 COLOSSEI,
2530 1355 2997 1418 NAVMACIIIAE,
3050 1353 3141 1407 AD
3171 1349 3353 1405 DVOS

1775 1455 2218 1519 ADAMANTES,
2261 1452 2484 1509 CAPVT
2519 1449 2749 1513 ΤΑγιιι,
2784 1445 3097 1511 THAVMA,
3138 1454 3194 1500 et
3232 1442 3353 1498 OR-

1778 1549 1995 1613 THEA;
2026 1548 2264 1616 itemque
2290 1542 2637 1599 CALLINAE
2664 1539 2909 1595 ALBAE.
2947 1536 3250 1607 Aliquando
3284 1535 3353 1589 ab

1777 1638 2021 1695 ecclesiis
2083 1638 2136 1691 in
2182 1636 2301 1691 vico
2357 1635 2476 1690 sitis
2527 1633 2674 1703 regio
2731 1646 2926 1687 nomen
2994 1627 3234 1696 accepit,
3295 1634 3355 1677 ut

95 1736 179 1775 ea:
201 1720 478 1790 papularis
500 1721 681 1792 specie
711 1722 952 1776 tentavit.
984 1721 1169 1776 Fuerit
1206 1737 1375 1779 necne
1413 1722 1679 1776 recentio-
1781 1729 1838 1785 s,
1870 1726 2239 1792 1115300031,
2272 1726 2331 1781 δ,
2355 1723 2655 1780 Annum,
2686 1722 2926 1777 Tandem
2953 1720 3227 1787 regionem
3267 1716 3356 1770 3|-

99 1828 221 1866 rum
270 1812 551 1882 regionum
594 1813 797 1881 epocha
834 1815 901 1867 ad
957 1829 1020 1868 ea
1084 1822 1323 1881 tempora
1374 1813 1675 1876 referenda,
1709 1801 1751 1859 Β
1780 1817 2169 1874 BARETICAM
2197 1825 2467 1887 repertam
2497 1831 2527 1868 a
2570 1828 2630 1870 se
2671 1792 2877 1868 dicitin
2908 1809 3140 1879 quodam
3174 1807 3349 1878 epita-

101 1917 299 1974 parum
327 1901 493 1957 refert
512 1902 580 1956 ad
607 1902 878 1967 Anastasii
921 1911 1122 1958 textum
1148 1903 1547 1973 explicandum,
1587 1902 1679 1971 qui

104 1993 275 2045 multo
304 1999 434 2045 ante
458 1990 774 2045 absolvitur.
809 1991 1060 2047 Reticere
1111 2003 1287 2047 tamen
1338 2008 1444 2047 non
1491 1992 1681 2057 debeo,

103 2081 521 2151 quatuordccim
560 2082 841 2151 regionum
875 2082 1115 2137 civilium
1160 2098 1464 2147 numerum,
1508 2092 1565 2137 et
1610 2084 1687 2137 si-

108 2185 220 2227 tum
253 2173 544 2227 undecimo
562 2175 725 2228 etiam
748 2173 948 2229 Christi
976 2175 1170 2230 saeculo
1192 2184 1598 2244 prmservatum,
1630 2183 1686 2229 et

106 2264 382 2332 signatum
437 2262 490 2315 in
540 2263 689 2318 Actis
732 2264 978 2334 publicis.
1020 2265 1154 2319 Nam
1186 2266 1326 2321 inter
1354 2275 1552 2321 uetera
1589 2266 1687 2320 do-

110 2365 363 2411 cumenta
396 2357 592 2426 legitur
622 2357 711 2411 fol.
744 2357 849 2413 559
878 2359 929 2413 in
961 2369 1171 2431 regesto
1204 2360 1423 2416 Archivi
1463 2358 1689 2415 Farfen-

118 2449 208 2511 sis,
233 2463 381 2517 saepe
414 2459 710 2504 memorato
748 2450 801 2503 in
844 2450 985 2505 notis
1020 2450 1085 2503 ad
1132 2451 1386 2519 opuscula
1430 2466 1528 2514 χιι,
1568 2466 1686 2516 xm,

118 2554 228 2601 xiv,
256 2539 480 2592 traditio
497 2539 775 2594 domorum
794 2542 1022 2609 publicis
1042 2542 1237 2597 tabulis
1251 2551 1463 2611 peracta
1488 2559 1519 2596 a
1544 2542 1689 2597 clero

117 2631 377 2684 diaconize
403 2631 575 2684 sancti
591 2630 863 2686 Eustachii
895 2648 1037 2688 anno
1060 2632 1254 2698 Quinto
1270 2633 1535 2689 Benedicti
1554 2633 1689 2705 (VII)

116 2723 306 2774 summi
336 2721 627 2789 pontiﬁcis,
659 2721 875 2778 Henrici
905 2740 1033 2779 vero
1063 2726 1149 2797 (11)
1175 2727 1504 2794 imperatoris
1539 2727 1691 2779 tertio

117 2830 207 2879 rer
227 2816 572 2868 indictionem
598 2832 685 2880 xv,
710 2834 881 2873 mense
906 2818 1153 2872 Januarii
1172 2818 1253 2873 .25
1280 2819 1403 2885 (hoc
1427 2826 1510 2873 est
1550 2832 1692 2872 anno

116 2903 316 2957 Christi
368 2904 550 2973 1017).
600 2922 719 2974 quae
747 2908 937 2962 domus
976 2908 1279 2963 indicantur
1305 2909 1487 2977 posita:
1518 2906 1694 2961 Romae

121 2998 330 3064 regione
364 3012 503 3049 nona
528 2998 583 3049 in
613 2998 901 3051 scorticlari
938 2999 1071 3052 inter
1098 2998 1344 3053 Thermas
1382 2998 1697 3051 Alexandri-

122 3102 236 3147 nas,
269 3094 321 3138 et
355 3084 491 3137 inter
515 3085 609 3140 hos
643 3087 793 3155 ﬁnes,
832 3088 896 3141 ab
920 3104 1024 3141 uno
1050 3088 1212 3143 latere
1241 3097 1492 3142 tenentem
1530 3086 1697 3140 Bene-

123 3175 317 3227 dictum
345 3178 724 3247 presbyterum,
763 3184 850 3247 qui
889 3192 965 3237 est
1002 3184 1159 3253 hujus
1206 3192 1396 3237 nostra:
1443 3179 1700 3235 diaconia:

1780 1910 1910 1979 phio
1960 1909 2255 1963 etiamnum
2307 1903 2597 1975 superstite
2656 1902 2725 1956 ad
2768 1900 2828 1955 S.
2875 1896 3154 1954 Laurentii
3201 1903 3357 1951 extra

1783 2015 1987 2064 muros,
2018 1999 2084 2052 ad
2112 2012 2275 2066 quam
2305 1995 2580 2065 regionem
2618 1991 2810 2048 referri
2857 1991 2933 2045 ait
2966 1987 3375 2044 monasterium.

1785 2088 1846 2145 S.
1874 2089 2105 2143 Andreae
2134 2094 2279 2141 retro
2322 2084 2601 2140 basilicam
2643 2080 2924 2137 duodecim
2956 2076 3360 2148 Apostolorum.

1786 2182 1937 2239 lianc
1965 2182 2170 2251 pariter
2192 2180 2488 2250 regionem,
2510 2175 2670 2232 hodie
2699 2174 2898 2229 dictam
2926 2171 3184 2226 Montium
3209 2184 3241 2223 a
3273 2166 3363 2221 Vi—

1783 2274 1932 2329 varia
1953 2272 2278 2343 appellatum
2303 2277 2451 2339 puto,
2485 2267 2681 2338 insigni
2715 2263 2966 2329 aedilicio,
2988 2271 3041 2316 et
3070 2268 3225 2331 parte
3257 2256 3364 2313 Ca-

1787 2369 1883 2421 stri
1920 2365 2181 2420 Prwtorii.
2210 2362 2343 2417 Nam
2371 2376 2402 2414 a
2425 2361 2613 2430 quinto
2633 2367 2687 2413 et
2706 2367 2861 2413 sexto
2892 2353 3091 2411 saeculo
3119 2360 3366 2411 centena

1789 2456 2192 2525 inscriptiones,
2233 2461 2289 2507 et
2315 2451 2643 2506 membrana:
2683 2458 2927 2502 veterum
2973 2444 3219 2499 codicum
3266 2453 3369 2521 nos

1790 2552 2005 2614 docent,
2058 2546 2431 2617 perscriptum
2464 2541 2631 2597 fuisse
2676 2536 3000 2595 BIBARIVM
3049 2532 3193 2604 quod
3242 2539 3366 2586 erat

1792 2622 2127 2699 YWARIVM
2152 2637 2627 2709 pronuntiandum,
2657 2649 2687 2688 a
2708 2631 2901 2686 Gothis
2922 2634 3175 2697 corrupta
3204 2637 3364 2688 voce,

1792 2751 1896 2790 non
1926 2748 2082 2788 secus
2109 2741 2269 2800 atque
2296 2730 2347 2783 in
2373 2726 2629 2796 Hispania
2661 2723 3049 2793 praestiterunt.
3101 2718 3178 2772 Ne
3198 2716 3364 2785 igitur

1794 2836 1877 2882 tot
1932 2824 2148 2879 nomina
2208 2820 2446 2889 ejusdem
2500 2817 2734 2887 regionis
2789 2812 3082 2883 implexum
3139 2805 3369 2862 reddant

1794 2916 2063 2977 Anastasii
2096 2922 2327 2977 textum,
2366 2912 2480 2966 haec
2507 2907 2751 2963 addenda
2784 2901 3094 2960 censuimus
3138 2912 3207 2952 ex
3252 2895 3368 2949 lau-

1799 3008 1941 3063 datis
1982 3003 2289 3059 auctoribus
2327 3000 2561 3055 breviter
2594 2995 2928 3064 colligentes,
2971 3004 3070 3059 per
3108 2988 3374 3043 hactenus

1803 3100 2060 3154 deductas
2088 3092 2491 3150 observationes
2536 3089 2609 3143 ita
2638 3084 2839 3156 pariari
2874 3090 3079 3151 scptem
3107 3075 3371 3133 ecclesia-

1804 3192 1971 3245 sticas
1992 3187 2239 3257 regiones
2264 3199 2384 3240 cum
2414 3182 2496 3236 bis
2517 3178 2753 3249 septenis
2773 3176 2840 3231 ab
2864 3173 3103 3243 Augusto
3127 3168 3371 3239 designa-

124 3267 297 3317 sancli
328 3266 629 3333 Eustachii,
656 3281 704 3324 et
732 3274 1019 3327 oratorium
1048 3272 1360 3337 Saluatoris,
1393 3282 1499 3327 etc.
1535 3272 1704 3341 Regio
1807 3282 1875 3337 [is
1904 3280 1960 3335 in
1985 3279 2118 3334 urbe
2144 3276 2338 3339 Roma,
2364 3273 2442 3327 uti
2471 3284 2703 3340 sequens
2730 3265 2920 3323 tabella
2943 3265 3119 3320 docet.

125 3356 289 3427 igitur
360 3376 500 3413 nona
568 3370 695 3416 tunc
752 3364 1063 3434 signabatur
1115 3364 1258 3436 [quas
1310 3381 1453 3421 nunc
1506 3364 1704 3419 dicitur

320 3485 553 3544 Nomina
582 3492 1047 3547 ecclesiasticarum
1076 3496 1342 3566 regionum
1373 3493 1546 3549 Urbis.

658 3667 823 3737 Regio
858 3668 1050 3737 prima.
1150 3708 1164 3723 .
1244 3708 1258 3723 .
1338 3710 1353 3725 .
1432 3708 1446 3721 .
1525 3706 1541 3721 .
1621 3707 1632 3719 .
1715 3708 1729 3719 .
1778 3662 1947 3731 [legio
1985 3661 2025 3714 1.

1903 3483 2158 3554 Regiones
2186 3476 2408 3547 Augusti
2435 3483 2625 3554 veteres
2645 3470 2837 3554 eisdem
2860 3465 3222 3523 ecclesiasticis

2368 3543 2751 3613 respondentes.
3260 3562 3267 3565 -

2182 3656 2343 3712 Porta
2372 3653 2586 3722 Capena

1780 3753 1949 3821 Regio
1985 3748 2119 3802 XIII.
2186 3744 2469 3799 Auentinus

662 3840 829 3911 Regio
863 3842 1099 3896 secunda
1158 3881 1172 3894 .
1254 3881 1267 3894 .
1346 3878 1361 3894 .
1440 3878 1456 3895 .
1532 3877 1547 3893 .
1625 3878 1639 3893 .
1716 3878 1731 3892 .
1782 3841 1949 3910 Regio
1987 3839 2049 3892 Il.
2181 3834 2310 3889 lei
2347 3832 2603 3886 montium

1781 3930 1951 4001 Regio
1990 3925 2120 3980 VIII.
2184 3922 2387 3976 Forum
2412 3919 2705 3973 Romanum

670 4028 833 4099 Regio
870 4028 1023 4082 tertia
1065 4066 1081 4082 .
1160 4066 1173 4081 .
1252 4066 1267 4081 .
1341 4065 1357 4081 .
1436 4065 1451 4080 .
1530 4065 1544 4079 .
1625 4064 1639 4079 .
1718 4062 1734 4079 .
1783 4020 1951 4092 Regio
1985 4018 2079 4073 XI.
2183 4013 2367 4069 Circus
2400 4010 2670 4064 Maximus

1786 4111 1953 4181 Regio
1989 4107 2074 4163 111.
2183 4104 2288 4159 Isis
2316 4115 2361 4156 et
2389 4100 2604 4170 Serapis

670 4218 838 4289 Regio
871 4226 1083 4287 quarta.
1167 4256 1181 4271 .
1257 4257 1272 4272 .
1351 4256 1366 4271 .
1444 4254 1458 4270 .
1534 4254 1549 4269 .
1628 4254 1642 4269 .
1724 4254 1739 4268 .
1786 4202 1956 4271 Regio
1994 4199 2057 4253 ν.
2188 4193 2466 4265 Esquilina

1200 4292 1211 4299 '
1789 4294 1959 4365 Regio
1997 4291 2103 4346 nu.
2152 4286 2295 4341 oViu
2321 4285 2489 4365 sacra

682 4389 849 4459 Regio
883 4392 1089 4461 quinta.
1175 4428 1191 4445 .
1268 4427 1286 4445 .
1362 4428 1380 4445 .
1455 4424 1473 4445 .
1544 4429 1559 4445 .
1634 4424 1652 4443 .
1727 4362 1958 4453 .Regio
1993 4382 2081 4437 v1.
2196 4362 2525 4433 Allasemita

1791 4472 1961 4543 Regio
1996 4471 2065 4526 X.
2197 4467 2469 4521 Palatium

673 4570 841 4643 Regio
872 4580 1022 4628 sexta
1074 4612 1090 4627 .
1167 4611 1182 4627 .
1258 4609 1279 4629 .
1353 4607 1374 4629 .
1446 4606 1467 4629 .
1541 4608 1558 4626 .
1636 4609 1651 4625 .
1730 4609 1744 4625 .
1794 4564 1964 4635 Regio
1999 4562 2116 4617 XII.
2200 4560 2416 4615 Piscina
2442 4557 2651 4625 publica

1522 4688 1530 4693 ε
1796 4654 1965 4724 Regio
2001 4652 2157 4707 XIIII.
2202 4649 2579 4703 Transtiberim

678 4746 848 4820 Regio
878 4747 1105 4820 septima
1170 4786 1184 4803 .
1263 4786 1281 4805 .
1359 4787 1374 4804 .
1450 4787 1467 4803 .
1548 4786 1563 4803 .
1639 4786 1652 4800 .
1729 4786 1744 4800 .
1798 4745 1966 4815 Regio
2008 4742 2116 4796 VII.
2210 4738 2309 4794 Via
2344 4738 2483 4794 Lata

1802 4836 1970 4906 Regio
2007 4833 2160 4889 VIIII.
2201 4832 2383 4887 Circus
2408 4829 2708 4885 Flaminius
