3976 6312
647 292 752 349 5Ῑὸ

1368 293 1460 346 AD
1496 290 1935 346 ANASTASIUM
1973 287 2483 345 PROLEGOMENA
2518 288 2696 344 EDlT.
2734 287 3150 346 ROM.—VATIC.

3743 296 3817 352 376

653 419 3811 458 MM

1353 562 1876 626 ENUMERATIO
1920 562 2020 623 AC
2062 561 2527 625 DESCRIPTIO
2570 564 3186 627 TOPOGRAPHICA

999 742 1805 945 C(EMETERWRUM
1893 741 2031 866 ss.
2122 702 2689 897 mnum
2773 745 3107 869 PROPE
3146 786 3149 787 ε
3182 746 3525 872 UBBEM

2110 986 2438 1030 DESUMPTA

1370 1134 1475 1193 Ea:
1505 1124 1799 1193 Historia
1829 1130 2398 1195 Malmesburt'enst's
2426 1133 2595 1194 circa
2622 1135 2800 1214 ﬁnem
2825 1135 3038 1198 seculi
3063 1157 3154 1201 χι.

716 1419 1018 1477 Willelmus
1057 1412 1548 1480 Malmesburiensis
1581 1413 1650 1469 de
1684 1415 1849 1485 gestis
1886 1428 2071 1484 regum
2106 1412 2214 1467 An-
2244 1418 2293 1475 Α
2320 1412 2573 1469 milliaria
2622 1413 2755 1471 foris
2796 1416 3016 1473 sanctus
3062 1416 3385 1475 Valentinus
3411 1420 3463 1476 in
3507 1437 3596 1479 sua
3640 1428 3804 1486 ecclesia

644 1512 855 1581 glorum
882 1524 1047 1579 agens
1070 1507 1211 1563 libro
1238 1522 1310 1572 tv,
1345 1505 1436 1560 ubi
1466 1505 1814 1574 prosequitur
1839 1503 1974 1558 Acta
2005 1502 2215 1559 Willet-

646 1601 717 1656 mi
741 1617 779 1655 ιι
807 1600 972 1671 regis,
994 1599 1138 1654 circa
1164 1611 1364 1651 anitum
1390 1593 1544 1659 l096,
1564 1608 1688 1648 cum
1710 1592 1936 1648 Romam
1957 1592 2219 1661 perducat

643 1694 880 1751 nationis
909 1707 1020 1748 sua:
1051 1691 1217 1745 viros.
1255 1688 1323 1750 ad
1361 1685 1680 1741 orientalem
1720 1684 2116 1754 eXpeditioucm
2155 1697 2215 1738 se

645 1792 1027 1855 comparantes
1050 1795 1145 1850 per
1164 1777 1438 1847 religionis
1460 1774 1659 1834 ol'ticia.
1684 1789 1857 1844 eoque
1879 1775 2097 1828 nomine
2123 1788 2211 1827 sa-

643 1890 793 1930 cram
821 1871 1312 1945 peregrinationem
1351 1862 1709 1937 suscipientes
1738 1866 1804 1920 ad
1830 1865 2069 1921 omnium
2108 1864 2216 1918 Ec-

644 1957 1214 2025 clesiarum'matrem,
1246 1977 1309 2016 ac
1349 1959 1683 2029 magistram,
1715 1966 1769 2010 ut
1796 1955 1936 2025 apud
1966 1970 2086 2010 eam
2117 1955 2213 2010 de—

643 2054 880 2125 positum
907 2052 1271 2122 apostolorum
1294 2050 1613 2121 principem,
1641 2057 1697 2104 et
1720 2057 2018 2119 martyrum
2039 2056 2215 2103 coetus

646 2146 961 2199 innumeros
1002 2152 1424 2206 venerarentur,
1475 2141 1757 2212 prmmittit
1797 2139 2213 2210 descriptionem

644 2234 1102 2296 cmmeteriorum,
1136 2233 1412 2302 inquibus
1439 2234 1700 2287 memoria
1738 2231 2047 2287 eorumdem
2074 2245 2216 2285 mar-

646 2334 851 2395 tyrum.
868 2323 1268 2385 celebraretur,
1312 2337 1379 2378 ex
1418 2338 1525 2392 quo
1570 2322 1767 2376 ibidem
1797 2320 1989 2390 sepulti
2017 2334 2214 2375 nomen

643 2411 837 2473 iisdem
868 2413 1039 2468 sacris
1065 2412 1289 2483 cryptis,
1319 2421 1375 2467 et
1413 2426 1577 2481 supra
1615 2411 1737 2466 illas
1773 2410 2012 2467 fundatis
2042 2410 2215 2466 eccle-

643 2504 761 2568 siis,
783 2505 898 2560 sive
916 2504 1191 2569 oratoriis,
1215 2503 1497 2558 dederunt.
1525 2503 1582 2557 In
1604 2501 2213 2573 pnecedentigopusculo

644 2596 881 2664 septimi,
911 2595 993 2650 vel
1025 2596 1201 2650 octavi
1222 2594 1401 2649 saeculi
1421 2572 1650 2649 delibata
1673 2611 1737 2650 ea
1759 2572 1966 2649 tantum
1998 2593 2215 2648 fuerant

646 2685 713 2740 ab
743 2700 1012 2755 anonymo
1037 2685 1091 2739 in
1122 2700 1220 2739 suo
1270 2685 1569 2739 ltinerario.
1602 2684 1700 2740 Hic
1743 2699 1875 2741 vero
1903 2685 2215 2756 diligentius

2318 1502 2629 1572 requiescit.

2392 1611 2411 1644 ι
2458 1592 2639 1647 Tertia
2670 1602 2825 1663 porta
2852 1594 3167 1652 Portiniana
3198 1595 3326 1670 [al.,
3352 1598 3669 1676 Porciniana]
3687 1614 3727 1659 et
3747 1608 3805 1661 vi:

2317 1682 2505 1737 eodem
2533 1684 2691 1739 modo
2733 1686 3017 1755 appellata,
3045 1688 3141 1742 sed
3171 1704 3297 1744 cum
3344 1692 3578 1760 pervenit
3617 1696 3671 1748 ad
3702 1696 3804 1750 Sala-

2317 1773 2475 1840 riam,
2506 1789 2701 1830 nomen
2730 1776 2929 1845 perdit,
2955 1787 3010 1832 ct
3039 1777 3112 1833 ibi
3157 1794 3331 1851 prope
3356 1781 3410 1835 in
3441 1796 3503 1836 eo
3538 1782 3641 1839 loco
3661 1789 3728 1854 qui
3749 1788 3804 1840 di-

2316 1865 2462 1919 citur
2511 1864 2870 1933 Cucumeris,
2922 1870 3272 1938 requiescunt
3321 1882 3578 1946 martyres
3630 1874 3800 1939 Festus,

2317 1952 2567 2015 Joannes,
2598 1954 2885 2019 Liberalis,
2918 1956 3199 2029 Diogenes,
3231 1960 3465 2028 Blastus,
3491 1963 3682 2031 Lucina,
3703 1976 3741 2019 et
3761 1967 3795 2019 in

2318 2060 2426 2100 uno
2452 2046 2697 2121 sepulcro
2722 2047 2831 2101 240
2861 2046 2982 2120 [αι.,
3017 2049 3146 2122 260]
3178 2060 3235 2106 et
3258 2051 3314 2106 in
3341 2052 3606 2111 altero.‘50.

2394 2157 2413 2190 ι
2456 2138 2663 2204 Quarta
2692 2148 2871 2208 porta,
2907 2148 2962 2194 et
2986 2140 3073 2196 via
3104 2141 3343 2209 Salaria,
3370 2159 3488 2214 quae
3519 2145 3655 2199 modo
3682 2146 3801 2199 sancti

2319 2228 2563 2284 Silvestri
2588 2227 2802 2283 dicitur.
2843 2228 2923 2284 lb'r
2937 2231 3093 2297 juxta
3131 2231 3278 2287 viam
3310 2230 3524 2288 sanctus
3549 2232 3801 2288 llcrmesre-

2317 2316 2567 2384 quiescit,
2598 2325 2655 2371 et
2678 2325 2866 2372 sancta
2894 2318 3123 2384 Vasella,
3145 2328 3202 2375 et
3227 2321 3485 2387 Prothus,
3511 2330 3562 2376 et
3580 2320 3800 2383 Jacinctus,

2319 2406 2731 2471 Maximilianus,
2761 2408 3114 2475 Herculanus,
3144 2409 3409 2482 CriSpus:
3441 2421 3493 2466 et
3519 2413 3567 2466 in
3594 2412 3796 2466 alterolo-

2318 2514 2384 2554 co
2408 2484 2572 2570 prope
2597 2500 2943 2568 requiescunt
2977 2501 3152 2556 sancti
3181 2510 3451 2574 martyres
3476 2501 3745 2570 Pamphilus,
3764 2508 3799 2552 et

2319 2590 2574 2659 Quirinus
2602 2591 2937 2661 septuaginta
2960 2592 3216 2662 gradibus
3253 2594 3308 2648 in
3340 2595 3447 2648 imo
3479 2602 3633 2647 terrm.
3656 2590 3797 2647 Deinde

2318 2680 2542 2736 basilica
2562 2689 2766 2736 sanctae
2792 2681 3109 2748 Felicitatis,
3138 2685 3234 2739 ubi
3265 2685 3491 2755 quiescit
3512 2684 3610 2749 illa,
3629 2690 3671 2738 et
3702 2680 3795 2735 Sila-

645 2775 961 2858 perquisita.
1003 2786 1061 2830 et
1103 2784 1415 2829 enumerata
1453 2790 1576 2830 cum
1613 2775 1859 2846 legantur
1894 2777 1964 2831 ab
1995 2784 2214 2830 auctore
2244 2779 2287 2838 Β
2318 2785 2420 2825 nus
2451 2769 2589 2825 lilius
2615 2768 2751 2839 ejus,
2780 2777 2834 2826 et
2859 2785 2965 2824 non
2987 2771 3145 2843 longe
3183 2772 3492 2829 Bonifacius
3516 2782 3702 2841 martyr.
3728 2768 3794 2823 lbi-

646 2865 916 2921 undecimi
944 2864 1146 2928 saeculi,
1170 2864 1351 2920 valere
1376 2864 1666 2934 plurimum
1690 2866 1873 2921 censui
1898 2866 1963 2920 ad
1985 2857 2217 2919 Anasta-

645 2958 710 3011 sii
747 2956 898 3012 Vitas
932 2957 1294 3016 illustrandas,
1342 2957 1398 3011 in
1427 2958 1624 3027 quibus
1655 2966 1938 3026 utramque
1960 2958 2213 3028 paginam

646 3047 957 3117 frequenter
977 3048 1200 3118 implent
1216 3048 1472 3103 iudicatio
1488 3049 1942 3113 cmmeteriorum,
1970 3050 2061 3104 ubi
2084 3065 2215 3120 pon-

645 3138 821 3195 tiﬁces
857 3138 1274 3210 sepeliebantur,
1319 3147 1377 3193 et
1416 3140 1806 3208 reparationes,
1837 3155 1901 3195 ac
1928 3141 2151 3195 donaria
2183 3156 2213 3194 a

646 3228 1050 3283 successoribus
1076 3227 1421 3282 continenter
1457 3227 1658 3289 oblata,
1704 3227 1773 3281 ad
1800 3228 1896 3283 Dei
1920 3229 2121 3283 cultum
2159 3228 2217 3282 in

644 3318 729 3371 his
766 3318 939 3372 sacris
967 3318 1259 3383 arenariis,
1290 3326 1382 3373 aut
1415 3319 1468 3373 in
1518 3318 1768 3374 ecclesiis
1798 3334 1959 3389 super
1988 3334 2051 3374 ea
2082 3334 2213 3375 con-

645 3407 892 3472 structis,
927 3406 1181 3464 decenter
1210 3407 1715 3463 administraudum.
1737 3407 1902 3462 Juxta
1928 3424 2213 3464 numerum

645 3508 925 3567 portarum
970 3497 1128 3553 Urbis
1158 3513 1223 3553 ac
1246 3498 1456 3552 viarum
1478 3500 1725 3579 procedit
1749 3500 1913 3553 etiam
1937 3499 2216 3555 Villelmus

645 3590 748 3644 iste
778 3588 832 3642 in
873 3603 970 3643 suo
991 3587 1309 3643 ltinerario:
1344 3605 1429 3644 Clll
1462 3588 1620 3645 nulla:
1655 3590 2038 3660 propemodum
2076 3602 2214 3646 notae

647 3677 965 3734 adhibendae
986 3688 1145 3744 sunt;
1179 3695 1300 3735 cum
1333 3682 1614 3750 perspicue
1635 3682 1770 3736 satis
1794 3691 2026 3750 exponat
2043 3692 2097 3737 et
2119 3699 2212 3737 or-

644 3768 829 3828 dinate
861 3769 1184 3824 sententiam
1215 3785 1389 3824 suam.
1414 3770 1593 3837 Quare
1620 3771 1762 3827 illius
1788 3775 1950 3827 verba
1981 3782 2213 3828 tantum-

643 3860 806 3917 modo
849 3858 1256 3916 transcribenda
1300 3861 1487 3915 curavi
1534 3877 1597 3916 ex
1643 3862 1771 3919 folio
1817 3863 1923 3917 154
1961 3865 2214 3922 editionis

641 3948 1113 4007 Francol'urtensis
1153 3965 1296 4006 anno
1334 3951 1464 4006 1601
1519 3952 1814 4023 impressae.
1853 3952 1977 4008 llzec
2030 3964 2214 4010 autem

640 4050 764 4096 sunt
793 4058 807 4095 :

2317 2860 2437 2915 dem
2465 2862 2518 2916 in
2549 2861 2719 2917 altera
2748 2862 2974 2918 ecclesia
3012 2873 3141 2919 sunt
3179 2864 3482 2928 Crisantus,
3518 2873 3567 2920 et
3599 2863 3795 2923 Daria,et

2319 2950 2673 3016 Saturninus,
2715 2959 2772 3007 et
2807 2950 3041 3017 Maurus,
3076 2961 3131 3008 et
3151 2953 3343 3022 Jason,
3368 2964 3423 3011 et
3465 2963 3618 3010 mater
3647 2950 3791 3006 illorum

2318 3045 2538 3113 llilaria,
2584 3057 2642 3102 et
2687 3047 2778 3101 alii
2825 3047 3265 3103 innumerabiles.
3296 3048 3361 3102 Et
3393 3047 3444 3101 in
3476 3045 3623 3099 altera
3639 3039 3792 3096 basilica

2318 3145 2536 3191 sanctus
2561 3136 2898 3202 Alexander,
2950 3134 3171 3202 Vitalis,
3198 3136 3487 3199 Martialis,
3534 3133 3615 3188 lilii
3652 3136 3791 3184 sancta

2318 3226 2633 3283 Felicitatis.
2680 3227 2749 3281 Et
2792 3235 2994 3283 sancta:
3023 3238 3229 3298 septem
3272 3227 3521 3298 virgines,
3556 3218 3791 3279 Saturnius,

2321 3317 2578 3385 Hilarius,
2605 3319 2935 3376 Dominanda
2963 3318 3084 3392 [al.,
3114 3318 3414 3392 Dunanda],
3444 3313 3713 3387 Rogantina,
3734 3307 3791 3361 Sc-

2322 3409 2522 3473 rotina,
2553 3408 2796 3475 Paulina,
2836 3408 3063 3463 Donata.
3095 3408 3301 3467 Deinde
3325 3409 3535 3466 basilica
3556 3401 3695 3460 sancti
3724 3396 3792 3451 Sile

2316 3500 2517 3563 vestri,
2565 3499 2655 3554 ubi
2699 3499 2845 3569 jacet
2886 3515 3191 3555 marmoreo
3231 3500 3434 3554 tumulo
3466 3500 3731 3565 coopertus.
3757 3492 3792 3538 ει

2315 3595 2582 3657 martyres
2618 3585 2956 3653 Cosles'tinns,
2989 3587 3287 3659 Philippus,
3318 3597 3373 3644 et
3405 3585 3564 3642 Felix.
3586 3588 3633 3637 et
3651 3576 3790 3632 ibidem

2316 3688 2581 3750 martyres
2601 3679 2706 3733 365
2742 3680 2795 3733 in
2823 3695 2931 3735 uno
2956 3680 3205 3749 sepulcro
3228 3680 3588 3750 requiescunt;
3616 3677 3660 3724 el
3676 3674 3791 3737 prope

2315 3771 2543 3837 Paulus,
2596 3780 2651 3826 et
2689 3770 3136 3836 Crescentianus,
3183 3772 3367 3827 Prisca
3395 3810 3411 3836 ,
3448 3777 3499 3824 et
3543 3755 3787 3819 Demetrius.

2316 3864 2575 3920 Praxides
2603 3863 2725 3937 [al.,
2765 3863 3072 3937 Praxedis],
3101 3863 3417 3920 Potentiana
3445 3863 3658 3932 pausant.

2389 3976 2408 4008 ι
2451 3956 2648 4022 Quinta
2690 3965 2842 4027 porta
2875 3956 3234 4012 Numentana.
3266 3956 3342 4011 lbi
3381 3959 3580 4009 sanctus
3610 3944 3787 4000 Nicome'

2315 4047 2410 4103 des
2434 4048 2733 4119 presbyter,
2757 4056 2811 4102 et
2834 4060 3075 4118 martyr:
3108 4049 3343 4118 itemque
3374 4046 3453 4099 via
3481 4040 3643 4096 eodem
3675 4028 3786 4087 modo

717 4153 736 4183 ‹
781 4130 887 4187 Seu
912 4147 978 4187 ne
1004 4132 1132 4202 quid
1157 4132 1345 4187 honori
1377 4132 1536 4199 desit,
1568 4133 1815 4205 adjiciam
1841 4144 1898 4191 et
1928 4145 2204 4206 portarum
2237 4137 2281 4200 C
2315 4142 2530 4195 dicitur.
2560 4139 2722 4194 Juxta
2763 4140 2905 4193 viam
2938 4149 3137 4196 sancta:
3179 4139 3421 4212 Agnetis,
3463 4148 3513 4190 et
3552 4124 3728 4185 ecclesia
3748 4126 3785 4171 tl

637 4236 956 4289 numerum,
984 4231 1038 4278 et
1080 4224 1473 4279 multitudinem
1517 4240 1794 4279 sacrorum
1829 4222 2111 4295 cinerum:
2151 4235 2206 4279 et

635 4329 707 4369 ne
755 4314 946 4383 aliquis
974 4315 1306 4370 obscuritate
1335 4314 1623 4370 verborum
1669 4325 1920 4370 causetur
1952 4331 2011 4371 se
2038 4332 2067 4369 a
2113 4333 2207 4372 co-

634 4404 878 4475 gnitione
924 4419 1103 4459 rerum
1153 4407 1318 4475 rejici.
1352 4407 1457 4460 erit
1497 4422 1679 4462 sermo
1726 4407 2103 4476 quotidianus,
2150 4417 2204 4463 et

632 4495 791 4553 levis.

640 4588 652 4596 ’
713 4609 733 4643 α
777 4591 957 4646 Prima
986 4600 1139 4661 porta
1170 4590 1438 4656 Cornelia,
1489 4608 1608 4661 qua:
1638 4593 1797 4649 modo
1824 4594 2024 4649 dicitur
2048 4604 2201 4664 porta

633 4683 808 4739 sancti
842 4683 1009 4747 Petri,
1059 4693 1114 4737 et
1159 4684 1244 4737 via
1295 4683 1564 4738 Cornelia.
1613 4683 1772 4739 Juxta
1803 4700 1921 4740 eam
1970 4684 2203 4740 ecclesia

558 4762 559 4769 “
632 4773 775 4829 beati
806 4773 950 4828 Petri
979 4773 1081 4829 sita
1112 4782 1218 4837 est,
1254 4774 1305 4828 in
1336 4789 1440 4843 qua
1485 4789 1683 4843 corpus
1720 4775 1839 4845 ejus
1864 4774 2030 4843 jacet,
2068 4790 2201 4829 auro

628 4871 686 4919 et
712 4873 954 4934 argento,
988 4874 1045 4919 et
1073 4866 1336 4934 lapidibus
1370 4876 1582 4936 parata,
1610 4877 1666 4920 et
1698 4867 1877 4922 nullus
1924 4868 2199 4921 hominum

630 4953 735 5010 scit
759 4970 1039 5011 numerum
1069 4967 1364 5027 martyrum
1392 4959 1483 5026 qui
1517 4958 1569 5011 in
1595 4959 1782 5013 eadem
1812 4958 2040 5015 ecclesia
2072 4975 2200 5027 pau-

630 5056 773 5102 sant.
818 5048 874 5102 ln
920 5050 1105 5103 eadem
1137 5050 1218 5103 via
1266 5059 1349 5104 est
1377 5051 1605 5105 ecclesia
1635 5051 1825 5115 altera,
1878 5052 1931 5104 in
1980 5067 2084 5121 qua
2119 5066 2202 5106 re-

588 5184 591 5189 ,
628 5139 911 5205 quiescunt
932 5148 1138 5193 sanctae
1164 5140 1397 5211 virgines
1420 5141 1611 5195 Rulina
1640 5150 1695 5194 ct
1722 5142 1989 5196 Secunda.
2016 5142 2069 5196 In
2093 5150 2199 5197 ter-

627 5228 703 5281 tia
732 5238 856 5282 sunt
884 5227 1101 5291 Marius,
1126 5238 1179 5282 ct
1203 5229 1431 5295 Martha,
1461 5239 1516 5284 ct
1542 5229 1773 5286 Audil‘ax
1794 5240 1849 5286 et
1867 5231 2083 5288 Abacuc
2106 5233 2197 5287 lilii

628 5330 817 5372 eorum

705 5425 726 5461 t
770 5408 1015 5467 Secunda
1045 5421 1198 5479 porta
1231 5412 1522 5479 Flaminea,
1555 5428 1675 5484 qua:
1719 5414 1879 5470 modo
1902 5412 2199 5485 appellatur

2308 4246 2526 4300 corpus,
2558 4231 2611 4285 in
2649 4230 2817 4285 altera
2855 4229 3081 4286 ecclesia
3124 4241 3309 4286 sancta
3357 4220 3716 4283 Emerentiana,
3741 4215 3783 4310 fl

2308 4298 2576 4392 martyres
2609 4320 2931 4384 Alexander,
2963 4321 3133 4384 Felix,
3164 4321 3377 4392 Papias,
3417 4319 3466 4373 in
3492 4310 3681 4382 septimo
3700 4298 3781 4355 mil-

2308 4411 2465 4466 liario
2508 4411 2749 4479 ejusdem
2793 4412 2894 4465 via:
2946 4421 3164 4466 sanctus
3214 4426 3352 4481 papa
3399 4400 3665 4463 Alexander
3695 4401 3779 4445 Cum

2306 4502 2530 4558 Eventio
2556 4511 2611 4556 et
2636 4499 2910 4557 Theodolo
2930 4512 3177 4570 pausant.
3580 4579 3591 4581 _
3654 4573 3680 4581 __
3709 4570 3719 4581 ,

2383 4612 2401 4643 ι
2450 4592 2613 4646 Sexta
2649 4599 2801 4662 porta
2826 4599 2882 4645 et
2902 4592 2988 4644 via
3015 4590 3318 4654 Tiburtina,
3348 4602 3460 4659 qua:
3487 4579 3622 4639 modo
3641 4573 3780 4629 dicitur

2308 4686 2493 4741 Sancti
2520 4686 2817 4750 Laurentii,
2843 4686 2995 4755 juxta
3021 4687 3164 4742 hanc
3191 4688 3330 4745 viam
3357 4684 3494 4752 jacet
3517 4677 3568 4731 S.
3604 4672 3777 4760 Laurea:

2306 4777 2416 4830 tius
2445 4777 2496 4829 in
2545 4791 2640 4830 sua
2681 4749 2905 4830 ecclesia
2932 4815 2946 4839 ,
2976 4785 3033 4830 et
3073 4749 3383 4830 llabundius
3423 4755 3695 4854 martynﬂEl
3727 4749 3775 4854 illi

2306 4882 2474 4937 pr0pe
2499 4866 2551 4921 in
2573 4866 2742 4920 altera
2769 4866 2992 4921 ecclesia
3014 4875 3244 4935 pausant
3269 4866 3322 4921 hi
3350 4869 3587 4928 martyres
3605 4848 3773 4937 Cirim-

2306 4933 2603 5020 Romanus,
2629 4956 2894 5021 Justinus,
2930 4933 3373 5019 Crescentianus;
3402 4960 3454 5006 et
3474 4946 3536 5002 ibi
3558 4952 3645 4996 non
3664 4933 3774 4994 lonlic

2304 5049 2523 5103 basilica
2564 5049 2736 5103 sancti
2773 5047 3063 5118 Hippolyti,
3097 5048 3185 5103 ubi
3216 5047 3327 5116 ipse
3358 5056 3472 5098 cum
3507 5026 3773 5125 familia

2306 5147 2569 5208 tumeant,
2612 5140 2664 5191 id
2706 5147 2790 5192 est
2831 5108 3014 5191 decem
3047 5108 3103 5190 ct
3145 5108 3287 5191 octo.
3323 5135 3384 5188 Et
3418 5127 3481 5182 ibi
3511 5108 3772 5208 Γθαίῐξὲθθυη

2304 5200 2458 5284 beata
2500 5226 2713 5282 Tril‘cna
2761 5243 2896 5281 uxor
2933 5227 3116 5289 Decii,
3161 5236 3217 5281 et
3248 5226 3349 5280 lilia
3379 5218 3485 5288 ejus
3522 5204 3672 5306 alii!"
3694 5200 3773 5306 :3

2301 5319 2599 5375 Concordia
2628 5319 2807 5373 nutrix
2838 5318 2972 5399 ejus.
3015 5318 3080 5372 Et
3121 5319 3176 5372 in
3212 5320 3373 5372 altera
3414 5312 3549 5380 parte
3588 5297 3667 5350 vite
3693 5296 3772 5354 ejus

2302 5418 2387 5465 cst
2410 5408 2635 5463 ecclesia
2660 5407 2872 5479 Agapiti
2901 5408 3175 5479 martyris.

627 5500 798 5556 sancti
831 5461 1120 5567 Valentini,
1166 5511 1220 5555 et
1244 5461 1522 5560 Flammea,
1546 5461 1651 5569 via,
1701 5513 1757 5559 et
1799 5461 2030 5560 cumrad
2061 5519 2197 5573 pon-
2382 5518 2402 5551 ο
2446 5499 2685 5566 Septima
2707 5461 2861 5569 30:13
2888 5461 3259 5570 mododlllajor,
3280 5496 3398 5552 olim
3419 5487 3664 5575 Sirucrana
3682 5461 3768 5575 [tl-1

632 5598 741 5643 tem
773 5588 1025 5646 Molbium
1059 5591 1343 5665 [Milvium]
1370 5595 1636 5663 pervenit,
1684 5602 1910 5649 vocatur
1953 5594 2039 5648 via
2091 5595 2200 5649 Ra-

632 5693 900 5749 vennana,
947 5684 1073 5753 quia
1113 5686 1179 5742 ad
1231 5685 1544 5742 Ravennam
1600 5686 1766 5741 ducit.
1799 5685 1874 5741 lhi
1925 5687 1976 5741 in
2026 5686 2200 5755 primo

2308 5590 2671 5664 Syracusana]
2691 5565 2991 5658 dicebatur,
3013 5600 3080 5664 _et
3098 5565 3183 5645 via
3211 5589 3463 5646 Lavicana
3490 5565 3771 5664 diciturqlﬂfe

2309 5658 2374 5739 ad
2409 5685 2623 5742 beatam
2648 5658 2908 5743 helenam
2935 5658 3124 5741 tendit.
3157 5683 3233 5740 lbi
3280 5689 3394 5740 sunt
3436 5681 3577 5732 omne
3613 5659 3766 5714 Pam“
