3976 6312
192 350 308 406 577

1132 351 1219 408 DE
1240 350 1689 412 CGSIIETERIIS
1725 349 1827 407 SS.
1868 349 1990 406 MM.
2030 350 2259 409 PROPR
2287 350 2542 410 URBEM.

3352 359 3462 420 373

195 465 576 532 Ilarcellinus,
625 463 944 529 Tiburtius,
992 462 1294 530 Geminus,
1339 464 1683 535 Gorgonius,
1724 472 1783 516 et
1811 469 1857 525 Λ
1886 462 2212 527 Bonifacius,
2240 474 2291 519 et
2328 466 2381 520 in‘
2416 475 2600 522 monte
2643 467 2776 522 Nola
2823 462 3007 524 sancta
3053 460 3278 527 Tatiana
3321 464 3460 545 pau-

195 556 566 628 qnadraginta
592 554 818 618 milites,
849 560 905 610 et
937 553 1027 609 alii
1078 555 1501 611 innumerabiles
1534 568 1550 608 :
1586 563 1643 609 et
1677 568 1783 608 non

196 649 370 719 longe
390 645 561 705 sancti
592 655 828 722 quatuor
855 644 1135 700 Coronati.

280 757 303 791 σ
353 737 556 793 Octava
582 745 735 806 porta
765 736 935 792 sancti
957 734 1199 800 Joannis,
1230 750 1350 805 qua:
1370 735 1513 806 apud
1534 734 1786 806 antiquos

197 821 534 884 Asseranica
563 824 685 898 [aL,
716 824 1062 898 Assenarica]
1093 825 1393 881 dicebatur.
1728 832 1743 842 '

280 937 303 971 ι
355 916 504 972 Nona
534 925 689 985 porta
714 914 947 971 Metrosa
985 915 1206 972 dicitur.
1237 923 1294 970 et
1317 930 1502 971 coram
1524 913 1645 970 istis
1672 927 1789 969 am-

196 1009 387 1065 babus
410 1009 496 1063 via
520 1008 710 1063 Latina
739 1008 907 1079 jacet.

244 1128 255 1133 —
280 1116 305 1149 σ
356 1097 572 1153 Decima
604 1106 781 1166 porta,
811 1105 867 1150 et
891 1095 979 1149 via
1007 1094 1198 1149 Latina
1228 1094 1446 1151 dicitur.
1477 1092 1642 1149 Juxta
1664 1109 1788 1149 eam

201 1190 562 1259 requiescunt
593 1188 647 1242 in
677 1203 782 1242 una
811 1187 1038 1242 ecclesia
1077 1196 1343 1256 martyres
1374 1185 1702 1249 Gordianus,
1734 1194 1816 1261 et.

200 1284 525 1353 Epimacus,
569 1280 841 1350 Sulpicius
869 1279 1225 1345 Servilianus,
1263 1278 1576 1355 Quintinus,
1609 1278 1787 1345 Quar-

200 1384 323 1438 tus,
355 1372 583 1441 Sophia,
618 1370 981 1442 Trypbenus;
1023 1380 1080 1424 et
1119 1370 1191 1424 ibi
1223 1383 1389 1439 prope
1436 1369 1491 1423 in
1536 1368 1644 1422 alio
1672 1368 1790 1424 loco

199 1462 569 1538 Tertullinus,
616 1469 670 1517 et
708 1478 815 1515 non
855 1461 1011 1531 longe
1051 1460 1280 1516 ecclesia
1311 1458 1786 1530 beatze‘Eugenite,

197 1557 256 1610 in
283 1571 397 1627 qua
422 1553 568 1623 jacet
597 1554 653 1609 et
695 1552 918 1610 Claudia
963 1562 1138 1609 mater
1176 1550 1331 1622 ejus,
1378 1561 1434 1606 et
1480 1551 1791 1622 Stephanus

199 1663 347 1718 papa
376 1662 503 1703 cum
552 1646 702 1701 clero
740 1661 843 1701 suo
867 1659 1094 1700 numero
1140 1644 1334 1700 decem
1375 1652 1434 1699 et
1462 1657 1657 1700 novem
1683 1682 1700 1708 ,
1733 1651 1792 1699 et

198 1739 495 1806 Nemesius
519 1739 801 1793 diaconus.

1883 565 1983 611 sat.
2032 577 2050 609 ι

2354 628 2563 686 non;
2614 589 2997 688 BLANcntNt.

1957 760 2142 846 Nullas
2166 763 2550 846 propemodum
2582 772 2737 846 notas
2768 763 2895 846 huic
2920 764 3180 846 opusculo
3205 779 3327 821 esse
3366 767 3463 822 ad-

1890 832 2152 907 hibendas
2199 833 2339 897 dixi;
2372 850 2495 907 cum
2527 835 2660 887 satis
2688 843 2873 904 aperta
2922 832 3030 889 sint
3079 844 3188 907 tum
3235 851 3297 890 ea
3341 852 3463 907 quae

1890 902 2194 957 Willelmus
2221 904 2499 958 contendit
2533 902 2874 965 enumerare,
2934 912 3043 957 tum
3090 906 3279 959 vitiosa
3328 902 3463 960 seri-

1887 972 2048 1056 bendi
2078 974 2241 1056 ratio,
2267 989 2386 1056 quae
2409 988 2508 1055 pro
2532 973 2878 1056 illius‘szeculi
2909 974 3185 1056 imperitia
3204 972 3458 1056 obrepse-

1888 1050 1974 1096 rat
2001 1043 2054 1095 in
2085 1042 2299 1112 aliquot
2317 1042 2555 1105 nomina,
2580 1053 2760 1097 nostra
2791 1046 2843 1097 in
2871 1042 3108 1099 editione
3135 1042 3352 1100 idcirco'
3374 1062 3462 1101 re-

1890 1120 2059 1171 tenta,
2089 1121 2147 1165 ut
2171 1112 2237 1167 ad
2266 1114 2487 1168 verbum
2535 1115 2883 1169 redderemus
2910 1124 3114 1168 textum
3137 1116 3463 1184 exemplaris

1892 1184 2036 1237 unde
2051 1184 2366 1254 opusculum
2393 1184 2694 1252 petebatur.
2720 1184 2991 1254 Ejusmodi
3016 1200 3143 1239 vero
3169 1194 3316 1250 sunt,
3343 1201 3463 1254 qua:

1892 1268 2072 1326 rerum
2096 1253 2511 1326 intelligentiam
2540 1269 2648 1326 non
2682 1253 2933 1326 turbent:
2956 1255 3126 1326 veluti
3157 1272 3277 1310 cum
3306 1253 3459 1326 porta

1889 1333 1945 1377 et
1972 1322 2055 1375 via
2089 1320 2362 1377 Flaminea
2391 1339 2489 1393 pro
2538 1323 2798 1379 Flaminia
2840 1324 3115 1390 scribitur,
3152 1320 3463 1380 Assenarica

1888 1407 1988 1461 pro
2023 1393 2291 1457 Asinaria,
2322 1393 2549 1447 Metrosa
2576 1394 2691 1448 loco
2724 1394 3006 1457 Metroviw,
3033 1409 3127 1449 seu
3163 1393 3462 1460 Metronia’,

1891 1472 2097 1585 martﬁr
2125 1461 2310 1517 Xenon
2333 1464 2422 1532 qui
2447 1461 2753 1519 Zenonerat
2778 1464 3145 1533 appellandus,
3175 1479 3268 1517 seu
3296 1462 3463 1529 Zeno,

1891 1543 1996 1585 etc.
2074 1533 2120 1584 is
2145 1533 2307 1585 icitur
2328 1532 2844 1585 Ieviuseuliserratis
2865 1534 3264 1585 nrmtermissis.
3297 1550 3463 1585 unum

1889 1532 2120 1604 etc.7His
2145 1533 2307 1604 igitur
2328 1532 2637 1588 leviusculis
2649 1532 3264 1604 erratispra'termissis,
3297 1550 3463 1589 unum

1890 1612 1945 1658 et
1972 1601 2201 1656 alterum
2239 1601 2413 1657 locant
2446 1603 2826 1657 declarandum
2855 1601 3004 1658 duxi.
3180 1624 3183 1629 ·

1964 1671 2119 1743 Prior
2147 1682 2231 1727 est
2265 1674 2315 1727 in
2341 1674 2511 1742 prima
2534 1685 2683 1743 porta
2712 1673 2975 1737 Cornelia,
3005 1682 3059 1727 et
3082 1674 3163 1727 ria
3189 1671 3459 1730 Cornelia.

1892 1742 2046 1798 Viam
2075 1742 2370 1797 Corneliam
2394 1742 2732 1813 agnoscimus
2758 1759 2877 1797 cum
2906 1744 3165 1797 Panvinio
3185 1760 3250 1797 ex
3280 1743 3468 1797 Victo-

271 1849 299 1882 ι
352 1804 647 1886 Undecima
668 1838 844 1900 porta,
873 1838 928 1884 et
947 1829 1028 1883 via
1052 1827 1251 1883 dicitur
1272 1826 1552 1897 Appia.lbi
1579 1825 1788 1896 requic-
1817 1804 1862 1863 Β
1892 1830 1971 1900 re,
2001 1829 2160 1900 (ιινεξηξ
2184 1830 2248 1867 ex
2281 1804 2503 1900 remigiis
2524 1813 2966 1900 inscriptionibus
2996 1814 3271 1900 ατςιξίηιιιξ
3304 1816 3463 1900 sirint“

193 1931 401 1977 verunt
431 1932 653 1977 sanctus
672 1921 1045 1983 Sebastianus,
1075 1930 1131 1975 et
1155 1910 1436 1987 Quirinus,
1461 1931 1518 1975 et
1543 1920 1672 1974 olim
1700 1935 1786 1974 re-

192 2012 491 2081 quiescunt
533 2009 896 2080 apostolorum
962 2024 1211 2079 corpora.
1279 2010 1345 2063 Et
1378 2009 1538 2079 paulo
1565 2010 1785 2079 propius

194 2101 433 2155 Romam
465 2107 593 2161 sunt
619 2110 886 2170 martyres
910 2098 1220 2164 Januarius,
1266 2098 1537 2162 Urbanus,
1569 2098 1780 2164 Xenon,

192 2188 485 2256 Quirinus,
522 2189 819 2259 Agapetus,
865 2188 1251 2244 Felicissimus.
1296 2189 1365 2244 Et
1404 2189 1457 2243 in
1488 2188 1656 2242 altera
1693 2204 1783 2244 ec-

192 2280 366 2335 clesia
414 2278 695 2334 Tiburtius
718 2319 735 2343 ,
784 2279 1099 2336 Valerianus
1120 2321 1135 2344 ,
1168 2280 1464 2344 Maximus;
1497 2289 1553 2335 et
1576 2280 1648 2333 ibi
1697 2296 1784 2355 re_-

192 2372 406 2426 conditi
453 2381 579 2426 sunt
612 2369 919 2440 Stephanus
948 2413 963 2436 ,
1016 2371 1220 2434 Sixtus,
1251 2371 1570 2432 Zell'erinus,
1616 2371 1782 2424 Euse—

192 2466 344 2531 hius,
373 2464 722 2530 Melchiades,
752 2463 1455 2542 Marcellus,'Eutichianus,
1473 2462 1776 2532 Dionysius,
1800 2460 1805 2467 ’

190 2556 497 2620 Autheros,
524 2556 845 2621 Pontianus,
889 2554 1164 2609 Lueianus
1192 2568 1353 2623 papa,
1395 2552 1643 2620 Optatus,
1690 2550 1784 2606 Ju-

196 2645 401 2709 lianus,
429 2644 742 2708 Calocerns,
767 2645 1110 2708 Parthenius,
1140 2643 1472 2705 Tharskius,
1506 2642 1783 2697 Politanus

196 2734 324 2808 [al.,
378 2734 704 2807 Policamus]
736 2744 1022 2806 martyres.
1072 2732 1274 2786 Ibidem
1328 2730 1780 2799 ecclesia‘saucti

194 2828 466 2891 COI'IIClll,
494 2835 551 2881 et
578 2843 794 2896 corpus.
824 2826 890 2882 Et
919 2826 972 2881 in
1004 2826 1172 2881 altera
1201 2822 1431 2879 ecclesia
1460 2831 1646 2876 sancta
1677 2820 1780 2874 So-

196 2919 397 2982 thcris,
440 2927 497 2971 et
537 2933 642 2971 non
690 2918 846 2987 longe
885 2926 1116 2985 pausant
1145 2926 1413 2984 martyres
1442 2913 1781 2981 Hippolytus,

192 3011 497 3075 Adrianus,
527 3000 806 3071 Eusebius,
851 3009 1040 3074 Maria,
1086 3007 1317 3071 Martha,
1349 3005 1594 3067 Paulina,
1626 3005 1781 3058 Vale-

196 3099 305 3162 ria,
351 3098 654 3162 Marcellus,
683 3108 736 3153 et
777 3114 944 3169 prope
975 3115 1108 3166 papa
1140 3098 1356 3152 Marcus
1386 3097 1437 3150 in
1481 3111 1576 3149 sua
1608 3093 1782 3148 eccle-

197 3190 297 3243 sia.
334 3188 485 3242 Inter
510 3189 652 3242 viam
694 3188 945 3258 Appiam,
976 3198 1034 3243 et
1058 3190 1202 3243 viam
1244 3188 1547 3243 Ostiensem
1576 3194 1661 3239 est
1696 3186 1780 3238 via

194 3279 522 3343 Ar-Jeatina,
548 3279 637 3331 ubi
661 3287 785 3333 sunt
817 3279 1049 3340 Marcus,
1095 3287 1150 3333 et
1186 3276 1587 3340 Marcellianus,
1617 3286 1672 3331 et
1708 3276 1782 3330 ibi

187 3369 343 3439 jacet
371 3371 631 3425 Damasus
677 3378 812 3440 papa
860 3371 911 3423 in
941 3385 1036 3424 sua
1078 3369 1326 3425 ecclesia.
1370 3369 1437 3422 Et
1468 3383 1573 3422 non
1629 3366 1784 3436 longe

191 3471 391 3517 Sancta
442 3461 756 3523 Petronilla,
784 3471 837 3515 et
886 3461 1089 3516 Nereus
1128 3469 1185 3515 et
1230 3460 1547 3525 Achilleus,
1597 3467 1655 3515 et
1690 3458 1780 3512 alii

188 3554 404 3625 plures.

268 3666 288 3699 ι
350 3647 675 3701 Duodecima
703 3657 882 3717 porta,
908 3656 965 3702 et
986 3648 1067 3702 via
1095 3647 1319 3704 Ostcnsa
1349 3645 1468 3719 [al.,
1494 3645 1783 3720 Ostiensis]

191 3739 428 3800 dicitur,
462 3742 621 3792 modo
666 3749 818 3807 porta
849 3740 909 3792 ὃ.
946 3740 1097 3793 Pauli
1151 3751 1412 3806 vocatur,
1462 3741 1588 3815 quia
1625 3739 1785 3809 juxta

189 3845 319 3883 cam
376 3829 669 3896 requiescit
713 3830 764 3882 in
809 3829 1032 3883 ecclesia
1076 3846 1195 3883 sua.
1243 3829 1551 3900 Ibidemque
1601 3830 1786 3887 Timo-

193 3918 358 3973 tbcus
387 3927 596 3988 martyr
624 3937 636 3971 :
678 3927 733 3973 et
765 3904 1057 3989 nonlonge
1084 3921 1133 3974 in
1155 3920 1381 3976 ecclesia
1410 3930 1613 3976 sanctze
1640 3921 1784 3977 Theo

186 4011 293 4066 cla:
320 4020 454 4065 sunt
483 4022 751 4081 martyres
780 4010 946 4073 Felix,
976 4028 1031 4066 et
1066 4014 1364 4076 Adauctus,
1395 4020 1450 4065 et
1478 4010 1775 4067 Nemesius.

184 4099 249 4158 In
278 4116 429 4171 aqua
462 4100 643 4155 Salina
674 4114 759 4157 est
783 4112 945 4172 caput
970 4104 1242 4156 Anastasii
1270 4103 1541 4173 martyris.

267 4212 290 4245 ι
334 4192 755 4265 Tertiadccima
785 4202 936 4262 porta
966 4193 1284 4248 Portnensis
1326 4193 1528 4246 dicitur
1568 4199 1624 4246 et
1668 4191 1777 4245 via.

188 4282 268 4340 Ibi
294 4300 473 4355 prope
509 4285 560 4338 in
590 4285 816 4339 ecclesia
864 4294 988 4340 stmt
1020 4294 1285 4355 martyres
1320 4283 1495 4347 Felix,
1547 4283 1784 4337 Alexan-

188 4376 310 4442 der,
339 4376 563 4452 Abdon,
588 4386 643 4429 et
664 4376 892 4439 Senties,
918 4376 1174 4446 Symeon,
1200 4376 1542 4441 Anastasius,
1566 4374 1777 4441 Pelion,

188 4467 540 4530 Vincentius,
570 4467 750 4533 Miles,
781 4468 1020 4523 Candida
1048 4477 1100 4523 et
1126 4468 1449 4523 Innocentio.

265 4579 286 4610 ι
334 4559 756 4626 Quartadecima
784 4570 959 4631 porta,
990 4570 1046 4615 et
1090 4562 1174 4615 via
1201 4561 1437 4625 Aurelia,
1462 4576 1581 4631 quae
1607 4564 1769 4618 modo

68 4664 79 4674 '
118 4698 127 4707 .
187 4660 350 4720 porta
383 4650 558 4704 sancti
598 4650 867 4706 Pancratii
900 4652 1120 4714 dicitur,
1163 4652 1308 4719 quod
1338 4651 1492 4718 juxta
1526 4665 1649 4705 eam
1696 4666 1780 4705 re—

185 4738 427 4807 quiescit
470 4738 523 4792 in
552 4753 649 4791 sua
677 4738 926 4801 ecclesia,
965 4747 1021 4793 et
1062 4739 1151 4793 alii
1185 4748 1453 4812 martyres
1498 4739 1773 4805 Paulinus,

182 4831 540 4895 Artliemius,
589 4840 777 4885 sancta
824 4832 1099 4901 Sapientia
1148 4848 1270 4887 cum
1322 4832 1495 4887 tribus
1542 4831 1774 4898 ﬁliabus,

182 4921 343 4983 Fide.
376 4921 510 4991 Spe,
553 4921 851 4980 Charitate.
890 4924 944 4978 lu
974 4925 1144 4979 altera
1186 4926 1413 4982 ecclesia
1460 4925 1775 4991 Processus,

184 5023 241 5068 et
275 5012 665 5071 Martiuianus.
694 5023 751 5068 et
778 5014 832 5068 in
859 5016 1038 5080 tertia,
1067 5015 1275 5070 Felices
1295 5017 1424 5079 duo,
1445 5017 1564 5070 etin
1578 5024 1774 5085 quarta

180 5102 455 5169 Calixtus,
506 5112 563 5157 et
609 5098 950 5173 Calcpodius,
984 5114 1035 5160 et
1074 5106 1126 5159 in
1152 5106 1336 5174 quinta
1366 5116 1587 5160 sanctus
1625 5105 1787 5159 Basi-‘

181 5196 343 5251 Iides.
389 5196 719 5252 Duodecimn
760 5198 902 5252 intra
949 5197 1133 5252 urbem
1182 5194 1434 5252 milliario
1482 5197 1536 5252 in
1592 5186 1793 5253 monte.

177 5286 358 5341 Caelio
406 5296 535 5341 sunt
564 5299 835 5358 martyres
867 5288 1127 5354 Joannes,
1177 5287 1413 5345 Joannes
1450 5298 1508 5344 et
1550 5290 1770 5353 Paulus,

177 5388 234 5433 et
267 5380 323 5433 in
365 5394 461 5434 sua
502 5381 684 5444 donis,
716 5395 835 5449 qua:
887 5380 1024 5435 facta
1063 5390 1146 5434 est
1173 5381 1402 5437 ecclesia
1435 5390 1557 5451 post
1583 5394 1787 5434 eorum-

178 5469 528 5540 martyrium,
562 5480 617 5522 et
651 5470 964 5538 Crespinus,
996 5478 1051 5524 et
1078 5471 1485 5540 Crespinianus,
1510 5480 1562 5526 et
1589 5479 1773 5525 sancta

178 5560 498 5617 Benedicta.
526 5560 582 5614 In
612 5562 804 5615 eodem
835 5571 1019 5618 monte
1045 5572 1134 5618 est
1158 5564 1389 5618 ecclesia
1429 5563 1602 5618 sancti
1646 5562 1784 5619 Ste-.

176 5651 353 5720 phani
382 5653 815 5723 protomartyris,
844 5663 898 5707 et
942 5653 1013 5708 ibi
1043 5656 1302 5710 reconditi
1344 5664 1470 5709 sunt
1500 5663 1770 5726 martyres

176 5742 425 5802 Primus.
454 5751 507 5799 et
546 5743 878 5808 Felicianus,
912 5745 967 5802 in
1008 5756 1189 5803 monte
1227 5746 1497 5804 Aventino
1547 5757 1771 5801 saueius

1803 4500 1855 4558 D

1891 1881 2054 1937 fuisse
2086 1886 2226 1937 inter
2247 1884 2382 1954 riunt
2408 1881 2816 1954 triumphalem,
2843 1892 2896 1943 et
2926 1881 3323 1954 duas—Aurelia}
3347 1881 3467 1954 [ve-

1888 1964 2058 2025 terem
2082 1952 2401 2025 ctnovam].
2431 1951 2741 2025 Panvinius,
2766 1969 2885 2025 pag.
2914 1954 3015 2007 118
3041 1971 3054 2005 :
3090 1951 3467 2025 vomicam:

1886 2024 2036 2085 (iant,
2066 2024 2220 2093 cujus
2252 2022 2498 2078 non'nisi
2522 2024 2575 2076 in
2606 2024 2912 2076 marmoreis
2935 2022 3378 2093 inscriptionibus,
3412 2029 3462 2073 et

1883 2095 2023 2163 apud
2056 2091 2137 2147 Ρ(
2172 2093 2435 2163 Victorem
2456 2095 2765 2146 mentionem
2802 2101 3006 2146 exstare
3053 2093 3160 2147 vidi
3181 2091 3465 2163 ,rmediam

1883 2162 2020 2234 inter
2041 2163 2383 2234 Aurelianet
2415 2162 2800 2231 Triumphalem
2825 2165 2924 2217 huc
2959 2164 3163 2234 regione
3196 2162 3357 2232 fuisse
3397 2175 3465 2215 ea:

1881 2233 1962 2287 his
1988 2233 2409 2303 inscriptionibus
2442 2234 2685 2302 conjicio.

2332 2367 2514 2421 Roma:
2541 2384 2596 2421 tn
2632 2385 2787 2422 nomo
2824 2369 3015 2425 Cresia.

2232 2496 2289 2535 0.-
2321 2496 2508 2536 SALLIO
2534 2496 2900 2537 ARISTAENETO
2932 2498 2983 2537 ϐ.
3015 2498 3069 2536 ν.

2233 2566 2438 2605 SEPTEM
2475 2567 2620 2607 VIBO.
2658 2567 2931 2607 BPVLONVI

2230 2637 2437 2676 SODALI.
2478 2636 2794 2676 AV'GVSTALI.
2825 2638 2990 2677 IVIIIDI

2230 2707 2315 2746 CO.
2343 2706 2462 2744 PI-le.
2493 2707 2739 2746 PICENVI.
2765 2709 2834 2747 ΕΤ
2866 2708 3095 2746 APVLIAI

2228 2778 2490 2816 CVRATURI
2502 2801 2513 2814 .
2548 2777 2770 2816 ΥΙΑΗΥΜ.
2812 2778 2998 2816 AVBELI

2232 2849 2323 2894 ΑΕ,
2350 2848 2665 2887 οοιιΝειιΑε.
2700 2847 3053 2887 τηινιιῐιιιλιιε
3076 2842 3181 2886 etc.

2097 2922 2228 2975 Item
2272 2921 2461 2975 Tibure
2491 2923 2543 2975 in
2581 2924 2780 2991 pariete
2816 2924 2945 2976 (edis
2974 2920 3032 2976 S.
3069 2921 3246 2976 Pauli.

2234 3027 2285 3067 C.
2325 3028 2585 3067 POPILIJO.
2631 3026 2681 3066 (ἔξ
2714 3029 2761 3066 Ρ.
2796 3029 2939 3077 QVIR.
2979 3030 3115 3068 (ΞΑΠο

2240 3098 2449 3137 ΡῐίΠΟΧΙ.
2468 3098 2581 3136 COS.
2608 3099 2699 3137 Vll.
2721 3100 2842 3139 \‘llIO
2878 3100 3103 3138 El‘\'l.UN.

2238 3168 2444 3206 SilllALl.
2498 3169 2837 3207 IIADIIIAN.\LI.
2902 3169 3109 3208 LEGATU

2246 3239 2353 3276 IMP.
2384 3239 2653 3277 CAESARIS.
2686 3240 2951 3278 ΛΝΤΟΝΙΧΙ.
2984 3240 3103 3279 AVG.

2064 3355 2075 3361 -
2104 3311 2191 3347 Pll.
2246 3309 2432 3347 PIIOPR.
2476 3308 2799 3347 GERMANIAE.
2844 3312 3027 3348 bVI’ER.
3068 3311 3137 3349 ΕΤ
3180 3311 3248 3350 EX

2104 3379 2345 3417 I-LRCI'NS.
2398 3380 2467 3417 IN.
2499 3381 2585 3417 EA.
2626 3379 2939 3418 TENDENTIS.
2982 3380 3248 3421 CVRATOR.

2095 3452 2250 3505 Oili“.
2286 3450 2337 3486 P\
2353 3449 2559 3487 BLICOR.
2592 3450 2777 3488 PIIAEF.
2809 3451 2996 3489 AERAR.
3046 3449 3240 3490 SATVR.

2097 3521 2385 3558 CVRATORI.
2418 3520 2561 3557 VIA“.
2597 3521 2876 3559 AV'IIELIAE.
2904 3521 3148 3560 \‘ETERIS.
3182 3523 3250 3561 ΕΤ

2103 3590 2292 3629 NOVAE.
2316 3589 2628 3630 CORNELIAE.
2647 3591 2735 3630 ΕΤ.
2765 3591 3118 3632 TBIUMPHALIS
3138 3587 3243 3631 CIC.

1955 3706 2201 3787 Eas‘tlem.
2217 3705 2611 3787 inscriptiones
2656 3704 2931 3787 (irritet-tis.
2978 3720 3191 3787 quoque
3209 3776 3239 3787 η
3255 3706 3458 3787 retulit,

1885 3778 2025 3831 hanc
2050 3776 2139 3829 fol.
2178 3776 2303 3841 457,
2332 3793 2383 3829 u.
2428 3778 2480 3838 6,
2510 3776 2656 3829 illam
2688 3777 2777 3828 l'ol.
2824 3776 2951 3839 465,
2996 3776 3048 3830 in
3097 3776 3291 3844 duplici
3344 3778 3457 3831 basi

1885 3847 2170 3915 sculplam,
2199 3846 2587 3900 Asculanorum
2618 3863 2801 3909 unam,
2834 3847 3290 3900 Anconitanormn
3324 3847 3459 3901 alte-

1886 3933 2021 3977 ram,
2056 3918 2294 3970 numeris
2318 3918 2351 3970 5
2375 3926 2429 3969 et
2455 3920 2488 3970 ti
2517 3915 2860 3983 «ἠδιᾱηριίιιιη
2904 3926 2959 3971 et
2997 3918 3047 3970 in
3090 3916 3313 3983 singulis
3344 3920 3458 3987 pari

1883 3987 2073 4043 Ordine
2105 3995 2456 4040 recensentur
2487 3987 2586 4039 vi:e
2626 3987 2863 4050 Aurelia,
2905 3987 3151 4041 Cornelia
3174 4027 3187 4050 ,
3238 3986 3457 4039 Trimu-

1883 4057 2074 4128 phalis.
2104 4057 2176 4128 De
2206 4067 2355 4128 porta
2385 4066 2563 4128 autem
2592 4055 2836 4128 Cornelia
2862 4073 2981 4110 cum
3009 4057 3079 4128 sit
3105 4056 3268 4108 altum
3296 4057 3458 4128 silen-

1885 4123 2015 4182 tium
2041 4126 2178 4197 apud
2209 4123 2497 4197 Victorem,
2520 4123 2841 4197 ein-liquos
2870 4137 2995 4197 ante
3030 4127 3199 4196 ipsum
3231 4127 3457 4197 scripto-

1884 4215 1990 4261 res,
2023 4194 2121 4252 nec
2147 4198 2197 4249 in
2223 4196 2486 4266 lapidibus
2515 4196 2690 4249 adhuc
2719 4194 2944 4266 repertis
2974 4194 3310 4266 nominetur;
3342 4195 3459 4266 cols

1881 4270 2047 4339 ligare
2072 4264 2377 4339 possumus,
2406 4266 2659 4319 viciniam
2690 4264 2787 4339 viai
2826 4266 3168 4339 transtulisse
3192 4264 3364 4339 serius
3400 4264 3456 4318 id

1882 4334 2114 4393 nominis
2138 4338 2299 4390 etiam
2325 4337 2376 4390 in
2410 4347 2642 4406 portam,
2669 4337 2733 4389 ad
2758 4353 2877 4391 eam
2903 4351 2965 4389 ex
2991 4334 3136 4390 Urbe
3158 4336 3457 4406 perducen-

1881 4420 2030 4463 tem:
2077 4407 2370 4479 prtesertim
2402 4405 2444 4459 si
2479 4409 2561 4459 via
2613 4407 2858 4479 Cornelia
2902 4422 3021 4461 eam
3063 4405 3457 4479 denom_inatio-_-

1884 4496 2005 4534 nem
2032 4474 2236 4532 tantum
2269 4479 2479 4545 accepit
2510 4492 2571 4529 ex
2602 4477 2771 4531 altero
2801 4478 2868 4531 ab
2898 4479 3028 4531 urbe
3054 4475 3323 4538 milliario,
3363 4474 3454 4527 ub‘i

1882 4551 2095 4603 Aurelia
2149 4562 2282 4602 nova
2324 4544 2569 4601 bifariam
2612 4547 2987 4611 dividebatur,
3030 4548 3106 4600 uti
3135 4563 3199 4603 ex
3234 4544 3453 4600 Tabulis

1883 4620 2244 4674 Fabretlianis
2287 4619 2447 4687 paulo
2487 4618 2622 4671 infra
2658 4619 3011 4685 spectantur.
3046 4616 3281 4687 ltubimn
3304 4615 3456 4669 exei-

1885 4694 2102 4743 t"abatur
2122 4691 2188 4742 ab
2219 4683 2445 4742 eruditis
2472 4683 2824 4758 scriptoribus
2854 4683 3459 4758 antiquitatumRoma-

1884 4777 2071 4815 ttarum
2096 4763 2161 4813 de
2190 4761 2268 4811 via
2291 4758 2562 4814 Cornelia.
2583 4755 2714 4811 num
2744 4770 2884 4811 esset
2912 4756 3280 4810 constituenda
3310 4755 3455 4807 inter

1880 4831 2151 4885 Aureliam
2188 4840 2241 4882 ct
2283 4829 2672 4892 Portuensem;
2712 4844 2777 4881 an
2810 4827 2984 4895 potius
3011 4828 3150 4879 inter
3176 4824 3453 4879 Aureliam

1882 4918 1945 4954 ac
1975 4900 2398 4968 'I‘ritnnphalem.
2440 4897 2703 4968 Malebant
2740 4892 2977 4968 nonnulli
3006 4897 3107 4949 hoc
3135 4895 3459 4960 secundum,

1880 4980 1934 5025 et
1964 4966 2285 5040 colligebant
2313 4986 2379 5023 ex
2409 4969 2598 5023 ordine
2640 4967 2739 5019 viis
2765 4966 2982 5040 _eisdem
3019 4972 3331 5040 constanter
3362 4970 3454 5040 at:

1882 5031 2208 5109 tributo'per
2236 5039 2614 5109 inscriptiones
2657 5034 2815 5105 paulo
2843 5046 2965 5089 ante
3002 5038 3310 5109 productas.
3348 5031 3454 5109 Alii

1881 5104 2240 5180 pneferebant
2286 5104 2530 5180 primum
2548 5104 2675 5180 illini
2708 5115 2992 5180 assertum,
3022 5107 3190 5180 sectili
3218 5104 3459 5159 auctori-

1880 5175 2043 5233 tatem
2076 5182 2214 5233 Bosii
2251 5175 2306 5234 et
2346 5176 2589 5248 Ariugltii
2624 5176 2806 5248 Roma:
2834 5175 3071 5248 subtet‘t‘.
3104 5175 3197 5231 lib.
3231 5191 3302 5248 tt,»
3325 5189 3448 5248 cap.

1883 5252 1970 5317 ii,
2003 5268 2055 5303 n.
2092 5254 2143 5307 8.
2173 5251 2367 5319 quibus
2407 5246 2578 5301 visum
2610 5247 2730 5319 fuit,
2778 5247 2827 5300 id
2853 5247 3123 5319 cohaerere
3152 5246 3455 5319 proximius

1838 5336 1843 5340 '
1878 5337 1998 5375 eum
2024 5322 2171 5374 Actis
2190 5315 2306 5373 'SS.
2336 5327 2666 5388 martyrum;
2692 5317 2822 5371 Acta
2847 5317 2913 5371 ab
2942 5316 3025 5372 his
3061 5315 3371 5388 auc—toribus
3398 5315 3453 5367 iu

1888 5391 2120 5443 medium
2155 5386 2505 5460 prolataiesse
2528 5386 2771 5460 arbitror
2798 5388 2904 5460 illa,
2930 5402 3049 5457 qua:
3074 5388 3174 5460 ipsi
3197 5386 3456 5441 exhibent

1883 5461 2059 5529 capite
2085 5471 2238 5513 sexto
2262 5459 2470 5525 decimo
2491 5459 2728 5529 ejusdem
2753 5459 2895 5523 libri,
2927 5459 3117 5529 nempe
3142 5465 3449 5514 sanctamm

1882 5526 2147 5600 virginum
2181 5539 2236 5584 et
2267 5526 2563 5600 martyrum
2590 5528 2812 5600 Rutilia},
2839 5544 2902 5583 ac
2929 5526 3209 5600 Sectiinlge,
3240 5538 3451 5600 necnon
3534 5526 3541 5533 ‘

1879 5592 2107 5656 aliorum
2132 5592 2425 5671 martyrum
2453 5599 2627 5663 Marii,
2650 5599 2894 5664 Marthae,
2915 5598 3212 5671 Audii'acis,
3235 5605 3287 5649 et
3308 5592 3454 5647 Aba-

1878 5672 1999 5724 rum
2026 5689 2040 5726 ε
2066 5686 2199 5739 quos
2211 5669 2395 5723 eadem
2410 5671 2541 5725 Acta
2561 5679 2871 5723 asseverant
2890 5682 2987 5737 pro
3006 5669 3220 5739 Christo
3235 5673 3455 5739 necatos

1876 5742 2044 5798 fuisse
2069 5733 2153 5797 via
2182 5741 2430 5797 Cornelia
2453 5740 2704 5795 milliaria
2740 5733 2949 5793 decimo
2969 5739 3162 5804 tertio,
3211 5736 3262 5789 in
3286 5733 3455 5787 funda
