3976 6312
210 347 319 404 381

1154 341 1243 398 DE
1263 337 1714 400 C(EMETERIIS
1748 335 1850 395 SS.
1881 336 2005 393 MM.
2044 338 2269 400 PROPE
2310 345 2566 403 URBEM.

3375 352 3483 406 δεῆ

116 474 119 475 ⁷
215 459 889 533 ϐνὶηιαιόιβίᾰεξὺαέίιὶοιεᾲ
909 458 1146 528 ρνίεῙαιω
1172 459 1469 533 canonicis,
1495 467 1603 533 etc.
1630 456 1799 512 Nemo
1826 458 1877 520 Α
1902 466 2036 513 sect.
2076 459 2234 533 528].
2281 438 2639 518 Lateranensi.
2685 446 3019 533 Pati-iarchia
3072 461 3129 516 in
3174 462 3478 518 alimoniam

217 538 442 606 ignorat
472 532 560 586 ubi
585 531 668 606 _sit
697 530 921 606 liucceia
944 536 1180 596 castrum
1205 568 1219 592 ,
1246 537 1301 584 et
1330 528 1525 606 fundus
1553 528 1665 606 late
1701 544 1800 598 pa-

215 598 346 659 téns
378 605 519 656 inter
546 601 663 655 vias
705 598 976 654 Aureliam
1015 613 1210 653 novam
1263 609 1317 653 et
1358 598 1754 669 Triumphalem
1783 640 1800 665 ,

214 689 437 729 necnon
486 673 627 724 inter
658 672 764 725 duo
792 669 906 723 loca
945 677 1176 738 quatuor
1221 668 1542 738 milliaribus
1566 685 1596 723 a
1625 684 1683 724 se
1714 670 1800 738 in-

211 744 400 799 vicem
430 741 645 803 dissita,
671 738 730 793 S.
769 736 977 807 Ruﬁna
993 737 1216 803 scilicet,
1247 748 1303 793 et
1328 736 1539 803 Galera,
1572 754 1665 793 seu
1698 737 1801 794 Ca-

214 815 375 877 reiw,
420 820 481 864 ut
500 810 798 880 antiquitus
821 808 1188 880 appellabatur
1215 827 1226 860 :
1251 809 1331 880 ita
1362 818 1421 862 ut
1452 807 1645 862 fundus
1665 808 1805 880 Buc-

221 886 348 939 ceia
374 878 666 949 utrumque
702 880 876 934 locum
907 878 1077 933 ferme
1116 879 1413 949 contingat,
1452 878 1806 949 quemadmo-

214 954 352 1007 dum
371 952 511 1005 Latii
542 948 720 1004 tabula
750 948 1170 1015 chorographica
1200 949 1553 1003 demonstrat.
1584 948 1682 1003 llic
1704 965 1801 1004 au-

214 1033 336 1077 tem
364 1022 689 1092 quareudas
732 1018 1171 1092 esse_Nympltas
1194 1028 1311 1072 cata
1347 1018 1501 1072 Bassi
1546 1019 1801 1092 colligere

214 1088 734 1161 etiam—possumus
754 1104 818 1144 ex
851 1088 1133 1161 Frontino,
1166 1099 1438 1161 asserente
1465 1089 1603 1161 apud
1639 1088 1804 1161 Care-

216 1162 309 1217 ias
338 1158 512 1231 Aqua:
539 1159 843 1231 Alseatiu:e_
875 1159 1092 1231 modum
1149 1158 1332 1231 augeri
1358 1158 1802 1231 acquisitionibus

214 1246 289 1286 ex
326 1227 575 1302 proximo
601 1227 1034 1302 lacu__Sabatino,
1055 1244 1158 1302 seu
1187 1228 1604 1302 Braeciauensi:
1635 1229 1797 1283 Alsie.

215 1298 380 1366 time,
414 1302 593 1371 inquit
629 1317 686 1353 η.
716 1298 805 1364 56,
836 1298 1181 1371 canceptiqnis
1209 1299 1394 1352 modus
1425 1316 1516 1371 nec
1554 1299 1609 1351 in
1662 1316 1804 1353 cam-

212 1368 507 1426 mentariis
538 1371 795 1439 ascriptus
820 1378 917 1433 est,
950 1385 1041 1423 nec
1073 1368 1127 1439 in
1152 1384 1230 1439 ire?
1252 1369 1493 1435 prtesenti
1520 1380 1691 1423 certus
1719 1371 1802 1423 in-

212 1443 388 1496 veniri
411 1441 581 1511 potuit
599 1436 767 1511 ,cum
794 1455 857 1492 ea:
892 1438 1010 1491 lacu
1048 1436 1337 1511 Alsietina,
1376 1449 1421 1491 et
1445 1438 1633 1492 deinde
1659 1441 1801 1493 circa

214 1509 427 1566 Cat-eas
451 1527 516 1564 ex
545 1509 818 1573 Sabatina,
848 1517 1099 1577 quantum
1126 1509 1333 1577 aquarii
1357 1517 1798 1577 temperaverunt,

214 1582 375 1635 habet
402 1598 508 1634 non
532 1581 649 1649 plus
674 1578 935 1649 quinariis
952 1577 1153 1649 duabus
1180 1578 1431 1631 millibus.
1459 1577 1802 1649 Respondent

214 1666 350 1707 vero
380 1647 540 1705 Actis
562 1647 860 1720 martyrum
911 1647 1183 1720 distantia:
1235 1649 1458 1720 istorum
1511 1648 1750 1703 locorum
1782 1689 1798 1715 ,

215 1737 422 1791 nempe
464 1720 523 1775 S.
562 1717 778 1791 Ruﬁth
798 1718 861 1771 ad
885 1717 1192 1791 milliarium
1228 1718 1493 1791 decimum
1524 1720 1662 1773 inter
1688 1721 1803 1791 Att-

1898 532 2208 601 pauperum,
2238 548 2399 601 quam
2438 533 2724 589 ecclesiam
2756 532 2814 588 S.
2847 532 3056 587 Rullum
3099 548 3222 586 cum
3264 535 3480 601 praedizs

1902 547 2207 599 pauperum,
2238 548 2399 601 quam
2438 547 2724 589 eceteSIam
2756 547 2814 588 δ.
2848 547 3056 587 nonnae
3099 548 3222 586 cum
3303 547 3445 586 neut:

1902 600 2178 673 attributis
2218 603 2494 673 hodieque
2545 604 2783 673 possidet
2832 602 3208 657 Nosocomium
3258 547 3452 657 tatem

1900 684 2068 740 nense
2108 672 2174 725 ad
2208 672 2406 728 Sancta
2441 672 2753 729 sanetorum
2788 673 2855 727 ad
2890 674 3129 728 levamen
3157 687 3485 740 pauperum.

1899 739 2412 821 Bromiscuejgi’utr
2449 755 2710 821 usurpata
2749 744 2853 798 fuit
2893 739 3181 813 appellatio
3226 742 3350 821 talis
3391 756 3488 795 ec-

1901 810 2077 864 clesiae
2119 813 2177 866 ὃ.
2221 810 2453 878 Rufinus,
2482 824 2539 869 et
2584 810 2890 873 fundorum,
2930 810 2995 869 ac
3040 812 3480 868 cmmeteriorum

1902 881 1968 960 _a_d
1999 881 2264 937 decimum
2302 884 2535 960 lapidem
2575 895 2685 960 tum
2705 885 2818 960 via:
2850 883 3129 947 Cornelia).
3162 892 3273 937 tum
3302 882 3478 935 Aure-

1902 949 1988 1031 lia;
2042 966 2193 1031 nova:
2217 949 2446 1031 _quibu_s
2490 954 2903 1031 includebantur
2943 973 2956 1009 :
2985 962 3046 1031 _et
3068 960 3477 1031 consequenter

1902 1022 2073 1103 etiam
2104 1026 2170 1078 ad
2200 1022 2855 1103 qundecimum__la_pidem,
2883 1034 2938 1080 et
2967 1025 3231 1103 decimum
3262 1022 3479 1102 tertium

1903 1092 2002 1172 vim
2034 1090 2296 1172 Corneliae
2343 1095 2400 1148 S.
2444 1090 2693 1172 Basilidis
2739 1097 3108 1172 caemeterium
3163 1094 3286 1163 jure
3323 1092 3455 1147 resti

1904 1166 2075 1234 tuitur
2100 1180 2165 1218 ex
2198 1166 2628 1234 iuterpunctione
2656 1174 2835 1221 textus
2863 1167 2932 1219 ita
2961 1174 3228 1234 reparata.

1972 1232 2058 1290 Ne
2082 1232 2355 1304 quidpiam
2388 1237 2632 1290 omittam
2681 1232 3077 1291 inobservatum
3117 1236 3221 1289 hoc
3256 1234 3307 1287 in
3344 1248 3474 1303 opu-

1902 1308 2085 1369 sculo,
2124 1305 2266 1374 quod
2316 1306 2587 1361 illustrare
2624 1308 2795 1376 possit
2840 1306 3117 1360 historiam
3156 1313 3480 1373 martyrum,

1903 1395 1967 1434 ac
2000 1376 2405 1445 topographiam
2440 1375 2711 1439 Urbis,’et
2749 1378 2863 1446 agri
2903 1376 3230 1446 Suburbani,
3264 1383 3462 1446 .postre

1904 1465 2026 1504 mus
2052 1443 2446 1502 etiam’versns
2478 1446 2623 1500 allati
2659 1443 2837 1501 textus
2871 1457 2955 1501 est
2990 1445 3382 1513 dilucidandus.
3412 1443 3478 1496 In

1904 1518 2084 1573 Mante
2116 1516 2277 1579 Nola,
2311 1517 2503 1585 inquit,
2537 1516 2734 1571 Sancta
2766 1516 2989 1571 Tatiana
3024 1525 3232 1584 pausat.
3261 1513 3478 1567 Gratias

1903 1589 2160 1643 haberem
2205 1587 2468 1641 maximas
2504 1586 2776 1641 Willelmo
2816 1586 3069 1641 iudicanti
3109 1600 3319 1639 sacrum
3357 1599 3474 1638 cor-

1902 1675 2005 1729 pus
2037 1667 2092 1714 et
2112 1657 2525 1729 Acondiitorium_
2548 1658 2800 1729 virginis,
2840 1665 2892 1711 et
2937 1656 3193 1729 martyris
3224 1654 3477 1729 Romam?

1905 1724 2041 1805 adeo
2091 1727 2456 1805 illustris_sub
2495 1724 2697 1781 Severo
2740 1724 3479 1805 Alefandro,’cuj_us.agoni§

218 1786 633 1869 ralia-mhovam
667 1786 1509 1869 etGorneiiamzusedproximius
1534 1790 1800 1869 acceden-
1830 1810 1878 1869 Β
1905 1799 2159 1853 virtutem
2208 1797 2483 1852 celebrant
2528 1813 2591 1851 ex
2641 1812 2795 1866 aequo
2834 1796 3028 1857 Graeci,
3055 1786 3125 1849 ac
3160 1786 3354 1848 Latini
3377 1793 3475 1865 [uti

218 1865 291 1917 tis
311 1865 383 1916 ad
410 1861 680 1915 Aureliam
705 1876 720 1924 ;
762 1866 814 1911 et
838 1857 1099 1911 latifundii
1123 1857 1252 1911 Cata
1276 1858 1448 1922 Bassi,
1481 1874 1573 1914 seu
1598 1858 1801 1914 Buccea

214 1948 316 2002 per
335 1933 449 2002 duo
470 1939 565 1984 aut
587 1928 963 2002 tria‘milliaria
994 1927 1342 2002 divergeutis,
1374 1930 1805 2002 etcomplecteu-

216 1997 290 2056 iis
322 2001 632 2057 Corneliam
665 1998 803 2052 viam
834 2013 1002 2067 usque
1021 1997 1089 2052 ad
1115 1998 1424 2052 milliarium
1452 2000 1519 2053 ab
1548 1997 1691 2056 Urbe
1711 2002 1804 2055 de-

214 2073 426 2127 cimum
460 2072 677 2126 tertium
699 2084 807 2137 quo
852 2068 970 2122 loco
995 2068 1157 2138 etiam
1190 2067 1447 2138 Nymphw
1475 2080 1752 2124 accurrunt
1785 2111 1800 2133 ,

215 2159 313 2197 seu
346 2144 724 2202 accessiones,
756 2150 809 2194 et
851 2137 1197 2207 conceptelm,
1225 2137 1509 2194 influentes
1533 2141 1587 2194 in
1614 2141 1805 2196 Alsea-

213 2215 397 2337 gnam
428 2212 639 2267 Annam
678 2225 746 2264 ex
791 2208 1047 2295 Sabatina
1077 2207 1194 2263 lacu
1228 2210 1365 2277 apud
1398 2207 1613 2265 Careias
1642 2211 1804 2266 hodie

264 2302 299 2337 α
324 2301 440 2337 ενα.

264 2301 440 2338 atera.

288 2354 494 2423 Liquet
529 2348 845 2423 igitursatis
871 2348 935 2403 de
972 2348 1321 2423 dispositione
1346 2348 1616 2423 latifundii
1666 2350 1801 2407 Cala

215 2420 397 2477 Bassi
413 2425 479 2477 ad
512 2420 805 2490 Nymphas,
836 2428 1003 2491 totum
1032 2420 1205 2491 ferme
1228 2420 1460 2491 spatium
1488 2424 1805 2491 occupantis

216 2495 393 2548 trium
413 2489 633 2548 circiter
653 2490 960 2548 milliarium
988 2503 1054 2542 ex
1077 2489 1160 2542 via
1183 2489 1395 2544 Aurelia
1421 2506 1555 2546 nova
1571 2489 1637 2545 ad
1660 2494 1803 2547 viam

214 2565 569 2625 Corneliam,
604 2563 657 2616 iu
704 2577 811 2630 quo
850 2559 907 2613 S.
964 2556 1169 2630 Bullina
1212 2560 1278 2613 ad
1309 2560 1575 2616 decimum
1607 2562 1804 2616 millia-

223 2636 398 2696 rium,
430 2635 637 2688 Buccea
671 2629 737 2685 ad
778 2629 1152 2683 duodecimum
1184 2630 1323 2683 inter
1348 2630 1546 2687 Careas
1574 2673 1587 2697 ,
1621 2642 1675 2686 et
1701 2632 1807 2686 Lo-

218 2720 342 2757 rum
375 2705 613 2758 dirutum
642 2708 963 2764 occurrunt,
992 2708 1043 2753 et
1078 2699 1237 2769 Sylva
1282 2698 1545 2767 Candida,
1588 2718 1648 2757 ac
1693 2717 1807 2757 cm-

219 2775 517 2829 tueterium
548 2775 606 2827 S.
649 2770 929 2842 Basilidis,
968 2770 1112 2842 passi
1164 2770 1265 2842 sub
1289 2770 1613 2842 Aureliano,
1661 2773 1805 2842 quod

219 2846 447 2914 propius
474 2844 713 2898 adhaeret
739 2856 768 2894 a
799 2840 1049 2914 milliaria
1080 2840 1392 2914 duodecimo
1426 2842 1492 2914 ad
1537 2840 1803 2914 decimum

221 2908 487 2978 tertium,
537 2927 743 2969 necnon
775 2910 1143 2965 cmmeterium
1191 2908 1289 2964 SS.
1323 2909 1509 2975 Marii,
1542 2913 1762 2967 Martha:
1787 2953 1802 2976 ,

218 2997 275 3038 et
306 2986 583 3038 sociorum
611 2982 752 3051 quod
776 2980 1072 3049 proximius
1093 2995 1213 3034 cum
1240 2980 1310 3051 sit
1330 2981 1428 3034 vite
1452 2981 1713 3037 Cornelize
1738 2983 1804 3036 ad

222 3056 498 3109 decimum
547 3048 763 3107 tertium
782 3048 1044 3120 lapidem,
1084 3064 1245 3118 quam
1273 3048 1502 3105 Aurelia:
1529 3092 1543 3117 ,
1575 3053 1806 3107 refertur

220 3126 424 3179 merito
451 3125 517 3177 ad
547 3126 691 3177 viam
728 3121 1033 3177 Corneliam
1070 3130 1181 3174 tum
1211 3136 1239 3172 a
1272 3120 1437 3186 Beda,
1466 3131 1520 3175 et
1548 3125 1751 3177 ‘Adoue
1782 3164 1797 3185 ,

166 3234 171 3237 ι
223 3205 341 3248 tum
386 3211 416 3247 a
444 3194 718 3247 Willelmo
758 3190 1236 3245 Malmesmuriensi
1263 3230 1278 3254 ,
1318 3200 1426 3244 tum
1477 3208 1506 3245 a
1543 3194 1803 3247 tabulario

222 3264 469 3319 basilica}
494 3263 805 3329 Vaticame,
837 3260 1057 3329 ejusque
1087 3262 1153 3314 ab
1179 3260 1480 3329 inspectore
1502 3264 1799 3331 Grimaldo,

220 3345 277 3388 et
307 3344 560 3405 conteste
581 3333 879 3405 Martineilo
899 3371 913 3394 ,
947 3340 1119 3405 tuma
1158 3332 1507 3405 peritioribus
1553 3342 1805 3405 topogra-

219 3406 352 3473 phis
374 3406 489 3473 agri
519 3404 765 3457 lloruaui.
795 3402 962 3474 Tanta
992 3402 1135 3474 enim
1162 3401 1358 3474 vicinia
1388 3401 1666 3474 utriusque
1686 3401 1803 3460 'via:

220 3470 511 3539 Corneliae,
562 3483 618 3528 et
644 3472 869 3526 Aurelia:
897 3486 963 3526 ex
994 3471 1163 3525 altero
1210 3470 1279 3525 ab
1319 3473 1461 3528 Urbe
1500 3470 1674 3543 lapide
1710 3476 1800 3529 ubi

222 3546 645 3611 dividebantur,
698 3545 913 3597 easdem
943 3542 1259 3598 admovebat
1298 3544 1461 3598 etiam
1491 3542 1633 3599 circa
1656 3545 1803 3599 deci-

219 3630 377 3668 mum
407 3616 669 3684 lapidem,
700 3623 758 3684 ut
791 3616 980 3684 eadem
1011 3613 1235 3684 ecclesia
1261 3614 1319 3668 S.
1345 3614 1548 3669 Rufina:
1574 3616 1647 3670 ibi
1671 3631 1803 3671 con-

219 3694 434 3739 structa
459 3681 714 3752 quaudoa
729 3681 868 3737 Julia
889 3698 1024 3753 papa
1047 3683 1417 3748 iucboabatur,
1441 3696 1496 3739 et
1515 3703 1543 3740 a
1570 3686 1801 3741 Damaso

220 3769 545 3809 successore
584 3756 964 3822 perficiebatur
994 3754 1213 3823 dicatur
1242 3755 1411 3823 posita
1451 3757 1531 3809 via
1554 3756 1800 3811 Cornelia

222 3824 485 3878 milliaria
539 3825 748 3879 decimo
781 3842 794 3876 :
829 3822 1042 3892 quando
1093 3833 1274 3877 autem
1323 3842 1353 3877 a
1400 3824 1459 3878 S.
1515 3827 1799 3881 Adriano!

219 3895 419 3948 eadem
450 3894 677 3948 ecclesia
704 3910 805 3948 una
836 3910 958 3948 cum
988 3894 1201 3963 praediis
1226 3894 1595 3962 adiacentibus
1634 3898 1800 3951 dona-

219 3965 385 4018 batur
404 3963 754 4018 Laterauensi
785 3965 1111 4033 patriarcbiu
1148 3965 1357 4017 dicantur
1382 3967 1597 4035 quidem
1624 3968 1798 4035 posita

222 4035 482 4089 milliaria
512 4035 733 4088 circiter
758 4035 987 4095 decimo,
1036 4034 1129 4087 sed
1162 4035 1229 4087 ad
1253 4035 1387 4087 riam
1410 4034 1678 4089 Aureliam
1714 4052 1800 4090 re-

222 4106 436 4158 feratur
464 4123 477 4158 :
506 4121 607 4158 non
636 4120 793 4159 secus
811 4144 827 4169 ,
856 4120 918 4157 ac
942 4105 1138 4171 praedia
1161 4103 1598 4159 Coluumeusium
1624 4105 1690 4158 ad
1719 4107 1799 4159 la-

220 4175 406 4244 pidem
437 4175 776 4228 undecimum
805 4174 904 4229 sita
932 4184 1082 4227 extra
1108 4173 1306 4227 Urbem
1350 4175 1489 4229 inter
1516 4176 1629 4229 vias
1650 4174 1800 4229 Lati-

223 4260 349 4298 nam
393 4254 451 4298 et
485 4246 731 4314 Appiam,
759 4259 895 4314 quas
917 4244 1041 4297 hinc
1064 4244 1186 4315 inde
1207 4244 1551 4313 contingunt,
1575 4246 1798 4315 perinde

222 4324 451 4383 possent
486 4317 783 4383 nuncupari
814 4315 985 4383 posita
1013 4315 1097 4367 via
1126 4314 1317 4368 Latina
1349 4314 1601 4369 milliaria
1626 4318 1799 4370 nude—

222 4385 404 4447 cimo,
432 4395 487 4437 et
534 4385 783 4439 tuilliario
811 4384 1091 4439 undecimo
1130 4385 1219 4455 δίει
1253 4385 1440 4455 Appia.
1484 4385 1795 4441 Promiscua

224 4467 355 4507 vero
386 4454 663 4508 attributio
692 4456 1011 4523 praediorum
1042 4456 1101 4509 ὃ.
1128 4453 1354 4519 Rufin-(ta,
1380 4465 1435 4510 et
1462 4455 1704 4509 ecclesiae
1728 4455 1795 4508 ad

225 4524 500 4578 decimum
540 4524 610 4578 ab
632 4524 776 4579 Urbe
819 4524 1046 4591 lapidem
1082 4533 1191 4577 tum
1221 4526 1320 4577 vite
1342 4525 1603 4579 Corneliae
1625 4564 1644 4590 ,
1682 4534 1793 4579 tum
1823 4528 1874 4588 D
1899 4524 2280 4585 monasterium
2353 4528 2496 4583 Cella

224 4594 467 4648 Aurelia:
495 4595 568 4648 ita
598 4596 1020 4649 demonstratur.
1044 4594 1123 4647 Ex
1145 4595 1295 4647 Actis
1324 4596 1562 4649 recitatis
1586 4595 1679 4649 lib.
1711 4610 1749 4649 n
1776 4635 1795 4661 ,

224 4680 345 4735 cap.
370 4666 458 4727 l6,
484 4681 541 4717 ιι.
566 4665 617 4735 5,
650 4666 833 4719 Romae
849 4665 1215 4719 subterranea:
1243 4664 1436 4735 probat
1462 4666 1650 4719 Bosius
1670 4681 1706 4719 a
1734 4666 1796 4721 Β.

227 4734 465 4787 Damaso
494 4734 786 4789 perfectam
826 4734 991 4789 fuisse
1014 4734 1289 4787 basilicam
1336 4734 1659 4789 Sanctarum
1685 4735 1799 4789 lin-

227 4806 347 4857 tium
370 4846 384 4866 ,
416 4814 470 4859 et
496 4803 788 4870 Secundaa,
830 4820 989 4874 quam
1024 4803 1199 4859 Julius
1224 4803 1387 4859 Marci
1431 4820 1713 4860 successor
1741 4806 1795 4860 iu

226 4875 510 4946 territorio
555 4877 730 4945 Sylva:
778 4876 1031 4929 Candida:
1074 4876 1421 4946 inchoaverat
1468 4876 1557 4930 ubi
1588 4875 1792 4946 sepulta

225 4944 440 4997 fuerant
464 4944 689 5013 corpora
718 4956 1026 5001 sanctorum
1055 4944 1346 4999 Marcellini
1393 4956 1451 5000 et
1475 4944 1665 5001 Petri.‘
1688 4947 1795 4999 Du-

225 5024 325 5069 cite
346 5024 530 5067 autem
557 5026 704 5079 sunt,
725 5032 788 5071 ae
809 5016 1089 5070 decoltatm
1116 5016 1216 5070 SS.
1259 5015 1451 5070 Rulina
1477 5025 1531 5071 et
1559 5014 1798 5071 Candida

224 5086 305 5138 via
353 5082 599 5137 Cornelia
659 5086 905 5139 milliaria
956 5087 1153 5139 decimo
1194 5088 1249 5139 in
1292 5084 1457 5153 funda
1501 5086 1678 5151 Buxa,
1724 5086 1801 5140 vel

224 5154 432 5207 Βατειο
466 5156 520 5206 in
549 5157 813 5209 territoria
837 5155 1007 5224 Sylva:
1034 5154 1307 5209 Candidw.
1359 5158 1544 5211 Sancti
1586 5171 1799 5225 quoque

224 5235 499 5294 martyres
542 5225 734 5280 Petrus
765 5235 819 5281 et
842 5225 1180 5281 Marcellinus
1209 5228 1384 5295 capite
1418 5227 1560 5296 plexi
1582 5236 1708 5281 sunt
1743 5230 1798 5283 iu

224 5297 412 5352 eadem
454 5300 611 5371 Sylva
645 5298 903 5359 Candida,
945 5308 1000 5351 et
1020 5298 1244 5371 subinde
1274 5297 1470 5371 sepulti
1508 5298 1598 5351 ubi
1620 5300 1797 5371 paulo

222 5377 344 5434 post
392 5367 732 5425 excitabatur:
783 5374 1086 5437 memorata.
1133 5368 1356 5422 ecclesia
1411 5383 1570 5437 supra
1620 5367 1794 5423 locum

224 5441 470 5509 martyrii
518 5440 618 5494 SS.
668 5437 875 5492 Rufina:
924 5435 1289 5509 etsecunda:
1330 5435 1488 5506 jussu
1522 5436 1673 5500 [Julii
1730 5453 1794 5495 ac

225 5504 440 5580 Datiiasi
482 5507 1013 5580 pontificumaAtqui
1042 5507 1107 5580 ad
1138 5504 1366 5580 lapidem
1407 5509 1797 5580 decimumyex-

224 5584 302 5649 ira
336 5577 533 5635 Urbem
571 5580 655 5634 via
683 5577 906 5649 Aurelia
927 5587 1031 5630 tam
1057 5577 1239 5649 damus
1273 5578 1411 5649 culta
1440 5578 1651 5633 Galeria
1680 5578 1794 5649 [seu

222 5645 446 5719 careia,
497 5651 656 5704 hodie
694 5646 909 5719 Galerul
955 5648 1133 5719 posita,
1165 5649 1247 5701 via
1287 5648 1503 5702 Aurelia
1548 5645 1796 5703 milliaria

222 5716 336 5780 plus
365 5723 539 5773 minus
576 5721 776 5773 decima
810 5716 997 5771 eadem
1022 5718 1252 5789 ecclesia
1286 5719 1346 5773 S.
1377 5720 1593 5789 Ruﬁna:
1630 5721 1795 5772 dona—

224 5798 307 5840 tur
352 5793 418 5844 ab
463 5790 701 5844 Adriano
746 5789 964 5855 lliuxta
1004 5788 1347 5844 Auastasium
1394 5788 1605 5851 ineius
1642 5789 1796 5847 Vita.

1906 1870 2168 1923 Barouius
2195 1869 2444 1922 observat
2476 1877 2589 1920 tum
2635 1862 2863 1935 injnotis
2893 1868 2957 1919 ad
2988 1865 3261 1935 Martyrol.
3290 1862 3483 1935 dicit?

1904 1939 2149 2000 Januar.,
2174 1946 2285 1991 tum
2311 1937 2592 1990 Annalium
2617 1927 2761 1991 temo
2782 1937 2823 1991 ll
2847 1938 2914 1991 ad
2936 1951 3062 1989 ann.
3086 1925 3283 1997 ἥλω.
3300 1934 3463 1989 Gallo

1904 2011 2027 2065 nius
2058 2010 2107 2063 in
2133 2008 2273 2061 Vitis
2294 2006 2392 2061 SS.
2416 2007 2680 2076 virginum
2702 2007 3092 2067 Romanarum,
3117 2006 3324 2076 aliique
3345 2004 3465 2076 scri-

1903 2078 2107 2163 ptores]
2131 2074 2567 2163 nisi‘benelicium
2584 2076 2839 2160 Willelmi
2860 2075 3293 2163 concideret:'v'el
3316 2074 3480 2143 ipsius

1904 2144 2130 2208 incuria,
2162 2148 2245 2201 vel
2265 2148 2417 2217 culpa
2451 2147 3125 2217 amanuensium.Mantem
3153 2144 3480 2217 Noluiquem

1903 2220 2068 2275 editio
2096 2215 2573 2273 Francofurdensis
2609 2218 2796 2283 habet,
2831 2220 2966 2272 intra
3003 2216 3196 2272 Urbem
3225 2215 3306 2267 vel
3335 2215 3477 2267 circa

1904 2289 2104 2345 Urbem
2130 2289 2580 2360 prorsusignoro.
2606 2287 2869 2360 Loquitur
2884 2297 3060 2360 autem
3088 2287 3155 2340 ibi
3183 2285 3480 2338 Willelmus

1903 2360 1971 2415 de
1997 2356 2309 2413 sanctuarii:
2346 2356 2597 2411 Romanis
2626 2356 2766 2412 intra
2804 2356 3023 2421 Urbem,
3054 2366 3336 2426 postquam
3366 2368 3478 2409 cae-

1904 2430 2128 2484 meteria
2165 2430 2473 2484 suburbana
2512 2427 2667 2496 juxta
2712 2436 2987 2497 portarum
3042 2436 3098 2479 et
3133 2428 3339 2479 viarum
3380 2440 3478 2477 or-

1905 2500 2083 2554 dinem
2114 2506 2516 2569 percensuerat.
2549 2497 2691 2551 intra
2721 2498 2909 2569 urbem
2935 2506 3172 2569 cmperat
3199 2511 3264 2550 ex
3298 2504 3478 2569 monte

1906 2568 2077 2625 leio
2110 2563 2131 2622 Ξ
2162 2569 2587 2639 prosequebatur
2617 2583 2714 2637 per
2740 2563 3111 2639 Aventimtm,
3136 2569 3186 2619 in
3221 2579 3345 2639 quo
3365 2563 3478 2639 ise:

1906 2632 2504 2711 nifacium'martyrem,
2553 2632 2802 2711 in—titulo
2822 2637 2921 2692 SS.
2944 2636 3112 2711 Alexii
3141 2647 3196 2711 et
3220 2632 3479 2711 Bonifacii

1904 2711 2066 2764 etiam
2108 2709 2267 2764 hodie
2308 2703 2664 2771 asservatum,
2697 2709 3043 2763 iudicaverat.
3073 2706 3218 2761 Ordo
3247 2703 3479 2760 instituti

1905 2782 1973 2861 ab
1994 2780 2414 2861 eoipostulabat,
2440 2788 2500 2861 ut
2526 2780 2570 2833 si
2606 2779 2877 2861 quidpiam
2920 2777 2971 2861 in
3010 2775 3246 2861 ejusdem
3281 2777 3479 2861 tuentis

1904 2846 2155 2904 Aventini
2186 2849 2506 2905 sanctuariis
2539 2865 2567 2903 a
2608 2846 2667 2903 se
2700 2846 3042 2902 observatum
3072 2846 3266 2900 addere
3298 2846 3479 2907 vellet,

1908 2922 1994 2974 hic
2026 2920 2375 2975 describeret.
2408 2919 2513 2973 Sed
2540 2935 2686 2971 mons
2722 2916 2863 2971 Nola
2899 2933 3071 2986 neque
3111 2916 3162 2969 iu
3191 2917 3477 2986 Aventino,

1906 3005 2081 3059 neque
2125 2991 2178 3044 in
2212 2990 2318 3044 ullo
2352 2990 2491 3043 intra
2518 3029 2533 3052 ,
2590 2988 2675 3042 vel
2718 2989 2869 3059 eirea
2925 2985 3125 3042 Urbem
3168 2986 3284 3059 loco
3314 2985 3477 3059 [quod

1907 3055 2097 3133 sciam]
2125 3061 2385 3115 hactenus
2406 3060 2660 3133 occurrit.
2680 3058 2887 3133 pperze
2910 3066 3090 3133 autem
3125 3057 3357 3133 pretium
3400 3055 3480 3109 fa-

1908 3141 2055 3186 ceret
2079 3127 2355 3201 interpres
2391 3130 2586 3198 aliquis
2622 3127 2850 3201 felicior,
2882 3129 2973 3201 qui
3014 3127 3094 3180 vel
3134 3127 3232 3179 loci
3282 3140 3477 3180 nomen

1907 3202 2223 3277 hodiernum
2269 3201 2537 3277 redderet,
2570 3200 2651 3277 vel
2682 3200 2918 3277 corrupti
2952 3208 3129 3277 texuis
3158 3210 3476 3277 germanam

1903 3272 2217 3336 lectionem;
2254 3286 2375 3325 cum
2420 3269 2698 3324 Gallonius
2740 3270 3008 3323 desudans
3048 3268 3099 3321 iu
3132 3267 3357 3337 virginis
3415 3281 3484 3319 ac

1902 3344 2157 3413 martyris
2182 3343 2317 3413 adeo
2347 3340 2635 3395 celebrata:
2676 3340 2785 3413 vita
2827 3338 3122 3413 colligenda
3152 3351 3219 3389 ex
3249 3336 3476 3413 Graecis,

1901 3428 1965 3468 ac
1986 3408 2213 3475 Latinis,
2235 3410 2413 3465 doleat
2448 3426 2507 3464 se
2545 3410 2781 3479 reperire
2807 3424 2911 3462 non
2938 3408 3198 3476 potuisse,
3229 3408 3322 3479 ubi
3348 3421 3473 3459 nam

1900 3498 2113 3537 sacrum
2142 3481 2379 3551 ejusdem
2407 3476 2622 3551 corpus}
2646 3490 2739 3534 aut
2769 3481 3012 3547 corporis
3042 3486 3223 3598 partes
3253 3476 3479 3529 fuissent

1902 3554 2174 3598 dmvnsim-
2229 3552 2478 3598 Altamen
2539 3551 2822 3598 Bollandns
2881 3557 3033 3598 urotu
3063 3550 3101 3598 il.
3150 3562 3213 3598 ex
3274 3545 3479 3598 Graecis

1902 3545 2184 3623 depositae:
2229 3545 2822 3623 Attatuett'_Bollatidtts
2868 3545 3101 3623 protulit
3150 3562 3213 3601 ex
3274 3545 3483 3601 Graecis

1899 3620 2173 3679 codicibus
2240 3631 2447 3690 partem
2506 3621 2794 3690 Actorum,
2850 3620 3050 3672 diserte
3110 3625 3481 3690 asserentem,

1898 3694 2135 3762 ejusdem
2166 3685 2422 3759 reliquias
2446 3692 2689 3745 conditas
2716 3689 2883 3744 fuisse
2911 3691 3117 3762 regione
3145 3685 3474 3739 duodecima.

1902 3759 2053 3819 Unde
2106 3762 2429 3817 confirmare
2486 3776 2765 3830 possumus
2820 3759 3271 3830 emendationem,
3309 3772 3471 3830 quam

1899 3833 2237 3916 suspicamur
2287 3847 2407 3886 esse
2456 3826 2815 3886 adhibendam
2863 3828 3031 3882 textui
3072 3826 3321 3881 Willelmi
3372 3828 3475 3881 hoc

1898 3920 1952 3958 Ill
1984 3919 2166 3956 νει-δυ.

1968 3973 2126 4027 Certe
2172 3972 2214 4026 si
2258 3972 2410 4025 locus
2453 3970 2610 4025 detur
2656 3968 3000 4037 conjecturae,
3033 3966 3263 4020 libenter
3299 3966 3476 4020 credi-

1898 4044 2089 4106 derim,
2127 4060 2155 4094 a
2182 4042 2488 4102 Willelmo,
2531 4041 2643 4094 sive
2685 4040 2752 4092 ab
2803 4039 3115 4091 amanuensi
3150 4038 3312 4106 fuisse
3341 4038 3478 4090 scri-

1896 4123 2046 4182 ptum
2078 4105 2128 4165 in
2161 4113 2494 4233 autographa
2528 4108 2941 4179 compendiariis
2970 4107 3192 4177 syllabis
3229 4105 3295 4157 In
3324 4122 3467 4158 utan.

1897 4200 1972 4233 ce.
2003 4182 2135 4233 noba
2166 4193 2348 4233 sancta
2412 4180 2603 4233 'atiana
2667 4188 2885 4233 pausat:
2941 4190 3006 4230 ex
3058 4176 3253 4233 utribus
3305 4175 3467 4233 nupe-

1897 4175 1972 4236 ἷξε.
2003 4182 2135 4236 noba
2166 4175 2348 4235 saucia
2381 4175 2603 4233 Tatiana
2650 4175 2885 4248 "pausat;
2941 4175 3013 4230 exi
3058 4176 3253 4248 quibus
3305 4175 3483 4248 impe-

1896 4252 2034 4307 ritus
2063 4253 2360 4319 descriptor
2385 4246 2679 4305 reddiderit
2702 4246 2769 4301 In
2809 4256 2980 4319 mante
3008 4246 3129 4319 uola
3158 4255 3338 4319 sancta
3372 4246 3483 4295 Ta—

1896 4323 2041 4376 tiaua
2070 4313 2291 4390 pausai;
2332 4336 2454 4375 cum
2496 4319 2734 4373 auctoris
2764 4331 2914 4390 meus
2952 4315 3142 4390 fuisset
3169 4313 3476 4390 exprimere

1898 4390 1965 4445 In
1995 4384 2306 4445 monasterio
2338 4390 2467 4443 cella
2509 4406 2638 4442 nava
2676 4390 2789 4457 (seu
2820 4387 2949 4440 cella
2984 4388 3139 4457 noba,
3171 4386 3214 4439 si
3246 4384 3484 4438 barbare

3295 4463 3470 4507 ααδαι.

1896 4463 2234 4531 exprimebat
2284 4477 2312 4513 υ
2365 4459 2690 4527 consonam)
2744 4467 2929 4512 sancta
2986 4456 3209 4509 Tatiana
3262 4470 3402 4577 gnua

1900 4531 2280 4577 Mmmsturinm
2353 4528 2496 4577 Cella
2576 4528 2725 4577 Nova
2804 4536 3158 4577 memoratum
3229 4539 3257 4577 a
3370 4524 3402 4577 h

3406 4539 3495 4577 00‘

2576 4528 2623 4581 Ν
2630 4544 2725 4581 ova
2804 4536 3158 4580 memoratum
3229 4539 3257 4577 a

1900 4601 2039 4655 libro
2090 4599 2390 4655 Pontificali
2460 4600 2511 4652 in
2568 4599 2690 4653 Vita
2754 4596 3015 4666 Stephani
3076 4595 3265 4662 Quarti
3334 4602 3475 4666 seei.

1897 4671 2003 4725 272
2051 4681 2105 4726 et
2165 4670 2268 4723 275
2328 4669 2561 4739 pertinet
2623 4669 2707 4739 ad
2747 4663 2956 4739 partem
3028 4667 3263 4739 regionis
3327 4663 3482 4717 deci-

1899 4756 2001 4795 mae
2046 4741 2216 4795 tertiae
2265 4736 2626 4793 adhaerentem
2673 4736 3025 4799 duodecimw,
3073 4737 3123 4789 in
3183 4748 3474 4802 quatiar-

1899 4820 2023 4865 rant
2059 4813 2190 4866 Acta
2233 4810 2468 4864 iudicata
2503 4809 2644 4878 apud
2675 4806 2983 4878 Boilaudum
3013 4801 3284 4878 sepultam
3306 4801 3473 4878 fuisse

1896 4880 1963 4936 Β.
2000 4881 2309 4936 Tatianam.
2354 4880 2485 4932 Erat
2530 4870 2673 4932 enim
2724 4875 2869 4930 Cella
2915 4890 3045 4927 nova
3076 4870 3375 4926 'aratarium
3409 4870 3469 4925 S.

1903 4950 2076 5006 Silvia:
2119 4950 2309 5005 matris
2336 4948 2396 5002 Β.
2433 4947 2677 5017 Gregorii
2725 4943 2931 5017 Magni,
2979 4944 3343 5017 situm__prope
3386 4958 3481 5017 eg:-

1902 5021 2112 5075 clesiam
2150 5019 2209 5074 S.
2244 5018 2420 5083 Sabw,
2452 5012 2835 5072 uti'descrihit'
2857 5013 3095 5083 Joannes
3121 5012 3377 5083 diaconus
3416 5012 3469 5065 iu

1902 5091 2023 5146 Vita
2061 5090 2299 5158 ejusdem
2341 5081 2607 5158 pontificis
2635 5086 2726 5141 lib.
2762 5097 2948 5158 1,5332.
2977 5085 3033 5158 _9.
3061 5081 3280 5158 Celebre
3324 5090 3475 5151 post-

1900 5150 2114 5216 modum
2140 5161 2237 5214 luit
2269 5150 2370 5212 hoc
2398 5158 2781 5211 monasterium
2811 5154 2868 5208 S.
2894 5150 3144 5215 Sabae,et
3164 5150 3308 5204 Cella
3338 5167 3473 5204 nam

1900 5231 2244 5301 appellatum,
2274 5228 2435 5281 etiam
2466 5226 2680 5301 smeulis
2705 5223 3167 5301 consequentibus
3188 5222 3309 5301 :_i_t:_t
3348 5231 3469 5301 ultla

1899 5291 2159 5354 P'a'nvinio
2196 5291 2261 5354 de
2304 5306 2506 5364 septem
2552 5295 2712 5351 Urbis
2758 5291 3022 5356 ecclesiis,
3053 5292 3330 5364 pag._M§,_
3365 5291 3479 5364 ᾼὸτ

1900 5371 1991 5423 bas
2027 5368 2089 5424 S.
2118 5369 2270 5423 Saba:
2296 5359 2455 5421 Cella:
2487 5364 2652 5420 Nova:
2676 5365 2943 5419 referatur
2970 5359 3110 5417 inter
3129 5359 3255 5416 illos
3283 5359 3477 5429 viginti

1894 5441 2215 5511 praecipuos,
2245 5438 2357 5511 qui
2379 5437 2625 5492 Romano
2654 5435 2891 5505 pontifici
2926 5433 3150 5511 solemni
3182 5434 3283 5511 rit_u
3313 5445 3475 5485 sacra

1896 5501 2508 5570 facien'tiassi'stebant,
2547 5501 2682 5570 quos
2735 5511 2982 5561 recenset
3028 5504 3189 5557 etiam
3235 5501 3481 5570 Joannes.

1897 5581 2152 5635 diaconus
2181 5580 2355 5632 editus
2393 5592 2423 5631 a
2458 5569 2523 5629 R.
2556 5569 2614 5630 Ρ.
2646 5575 2951 5631 Mabillouio
2982 5574 3033 5626 in
3065 5573 3371 5643 Appendice
3400 5569 3477 5624 ad.

1895 5653 2137 5705 ordinem
2168 5649 2469 5703 Romanum
2502 5664 2550 5717 p.
2583 5647 2686 5701 574
2715 5646 2897 5700 ιηιιδωί
2928 5642 3112 5717 Italici.

1971 5722 2048 5774 Ad
2088 5721 2358 5788 regionem
2391 5713 2655 5772 decimam
2707 5718 2922 5788 iertiam
2977 5713 3163 5767 referri
3199 5717 3477 5788 monastef

1900 5794 2035 5847 rium
2072 5780 2331 5847 SfSabaa
2379 5804 2469 5843 seu
2498 5788 2641 5843 Cella
2693 5786 2866 5844 Nova.
2907 5797 3012 5845 qua
3060 5792 3216 5843 parte
3255 5780 3477 5840 attinuit
