3976 6312
534 326 659 405 δεξί’

537 456 812 528 regionem
838 457 1213 512 duodecimam
1242 459 1439 513 dictam
1471 456 1688 512 Piscina
1730 457 1957 528 publica,
1982 474 2115 512 (τοιι⁴

535 538 643 581 stat
672 543 735 582 ex
769 529 929 599 Urbis
954 529 1329 599 topographia.
1382 528 1564 599 Victor
1594 531 1733 583 inter
1762 530 1862 582 alia
1888 530 2112 584 aedilicia

536 599 773 665 regionis
817 594 1147 653 duodeeinne
1184 594 1487 653 enumerat
1526 598 1789 653 Thermas
1815 600 2071 653 Antonini
2098 612 2135 653 :‘

534 670 731 737 quibus
773 668 844 721 ita
897 671 1135 723 adhaeret
1182 668 1607 739 crepidoic0llis,
1638 679 1691 723 ct
1741 670 1976 724 ambitus
2003 685 2116 722 mo-

537 739 780 801 nasterii,
814 748 974 807 atque
1000 740 1243 794 ecclesia:
1280 738 1344 794 Β.
1397 738 1573 801 Salue,
1623 749 1681 791 ut
1728 740 1795 794 ab
1847 739 2117 807 aliquibus

538 807 698 890 Urbis
731 810 1074 890 topogmpliis
1101 810 1380 890 proximus
1403 809 1587 890 titulus
1613 808 1669 865 S.
1710 808 1967 890 Balbinum,
1993 809 2137 865 licet

536 878 588 930 in
631 877 881 951 Aventini
926 877 1433 951 celle'constitytus
1478 882 1664 951 eadem
1717 878 1905 951 acclivi
1963 890 2115 951 parte

535 963 657 1001 cum
687 948 743 1001 S.
771 950 933 1014 Saba,
962 948 1173 1004 dicatur
1202 951 1254 1003 in
1289 948 1522 1001 Thermis
1548 950 1820 1002 Antonini.
1844 948 2114 1003 Praeterea

535 1032 703 1089 prope
748 1019 1013 1079 Thermas
1052 1022 1267 1073 easdem
1299 1029 1507 1089 reperta
1539 1027 1664 1073 sunt
1690 1019 1934 1087 sepulcra
1963 1037 2113 1089 com-

535 1087 709 1160 plura.
738 1098 793 1143 et
820 1091 1037 1158 quidem
1074 1086 1481 1160 magniﬁcenter
1501 1086 1833 1160 constructa,
1851 1086 2115 1159 prmciptte

537 1160 590 1209 itt
636 1158 789 1213 Vinea
846 1161 1101 1213 nolulium
1154 1158 1527 1213 marchionttm
1557 1161 1624 1212 de
1661 1158 1957 1214 Cavaleriis
2000 1158 2025 1215 :f
2055 1168 2115 1213 ut.

536 1227 694 1296 plane
724 1229 1028 1300 colligatur,
1055 1241 1181 1283 ante
1219 1245 1414 1283 novam
1445 1228 1923 1299 amplilicationem
1949 1229 2113 1284 Urbis

535 1378 1566 1403 Μ*

1257 349 1347 402 AD
1383 322 1823 403 ANASTASlUM
1864 346 2368 405 rnousconnns
2408 316 2583 406 sorr.
2623 350 3043 407 ROM.-VATIC.

3651 354 3736 410 384

2144 466 2191 522 Α
2220 461 2319 535 sub
2343 454 2633 535 Aureliano
2653 461 2896 532 principe
2939 463 2993 516 in
3023 477 3143 535 eam
3174 470 3378 535 partem
3424 460 3571 530 hujus
3597 467 3740 535 regio-

2220 531 2304 584 nis
2331 531 2662 585 duodecima:
2711 543 2893 601 utpote
2924 534 3184 601 pauoerio
3225 534 3458 583 nomlum
3500 531 3738 600 inclusam,

2221 602 2459 670 potuisse
2480 602 2669 655 inferri
2691 606 2952 655 cadavera
2980 620 2992 654 :
3019 613 3179 669 atque
3218 601 3351 670 adeo
3377 616 3560 669 corpus
3578 601 3630 653 Β.
3654 601 3739 656 Ta-

2226 672 2381 724 tiana:
2400 673 2497 725 sub
2524 670 2725 726 Severo
2746 672 3049 726 Alexandro
3078 669 3291 725 recondi
3309 672 3539 740 potuisse
3562 674 3740 741 regiam:

2223 742 2535 795 duodecima
2568 742 2643 793 uti
2692 742 2825 795 Acta
2873 750 3193 805 memorant,
3230 750 3287 794 et
3336 741 3458 796 inde
3502 741 3739 798 transferri

2222 812 2289 863 ad
2345 812 2646 879 proximum
2701 814 3082 869 monasterium
3136 811 3295 865 Cella:
3355 826 3520 875 novae,
3570 826 3651 865 seu
3690 812 3738 867 S.

2222 880 2397 960 sabze,
2448 881 2535 935 ubi
2589 889 2772 935 nostra
2816 883 3121 936 emendatio
3160 890 3340 936 textus
3362 879 3601 936 Willcltni
3636 896 3738 936 con-

2218 960 2415 1005 sttttnt.

2291 1020 2567 1073 Fidentius
2591 1021 2703 1073 hcce
2726 1020 2984 1083 dicerem,
3010 1020 3053 1074 si
3079 1021 3260 1074 datmn
3303 1019 3487 1075 fuisset
3520 1019 3740 1090 inspicere

2218 1100 2427 1143 vetusta
2450 1091 2778 1159 exemplaria
2808 1107 2908 1145 ms.
2955 1092 3215 1144 librorum
3256 1090 3737 1145 Malmesburiensis:

2219 1173 2337 1227 quae
2360 1160 2403 1215 si
2433 1160 2629 1231 alicubi
2654 1161 2776 1229 quis
2800 1163 3050 1231 reperiat,
3087 1162 3176 1216 ille
3198 1160 3265 1215 de
3296 1161 3495 1216 nostris
3514 1159 3741 1228 conjecta-

2219 1231 2294 1283 ris
2317 1230 2858 1299 securiusjudtcabit.

1384 1512 1540 1590 οε·
1568 1510 2297 1590 εΗιιΟΝοωςιΑ
2330 1455 2954 1607 ,ΡοΝΤιὰτιειΑ
2992 1567 3028 1602 ,.

1642 1692 2030 1755 CESAREA
2072 1694 2174 1753 ET
2217 1690 2685 1753 CONSULARI.
2874 1748 2883 1755 .

609 1947 927 2004 Exhibenda
949 1961 1093 2002 nunc
1118 1953 1200 2001 est
1221 1944 1509 2010 brevisilla
1541 1943 1886 2015 chronoIOgia
1914 1959 2115 2000 consu-

536 2042 668 2096 laris
696 2047 751 2095 et
790 2038 1085 2109 pontilicia,
1110 2052 1273 2105 quam
1303 2035 1526 2106 promisi
1555 2044 1967 2090 consecuturam
2018 2052 2113 2105 per

534 2141 766 2202 quatuor
789 2131 968 2200 priora
995 2143 1117 2182 arra;
1165 2128 1484 2182 Christianm
1511 2126 1732 2191 szeenla,
1759 2127 1825 2180 ad
1851 2141 1970 2195 qua:
1995 2140 2113 2197 per-

539 2223 912 2294 tinguutVitzc
954 2220 1268 2290 pontificum
1313 2218 1479 2288 priori
1529 2219 1630 2271 hoc
1674 2227 1816 2272 tomo
1864 2228 2112 2271 notarum

536 2313 775 2377 inclusa},
802 2327 830 2365 a
862 2320 1048 2367 sancto
1077 2309 1237 2365 Petro
1260 2311 1325 2363 ad
1355 2308 1412 2362 S.
1447 2307 1765 2363 Silvestrqu
1799 2305 1915 2375 ejus
1936 2307 2112 2361 nomi-

536 2404 620 2456 nis
646 2403 877 2471 primnm
910 2419 921 2454 ε
951 2410 1109 2473 prout
1166 2409 1426 2469 sequente
1476 2409 1621 2454 tomo
1669 2398 1938 2453 dabuntur
1990 2398 2116 2452 reli-

533 2507 655 2561 qua:
685 2491 759 2562 (η)
792 2508 821 2545 a
854 2491 913 2545 S.
958 2490 1219 2545 Silvestro
1251 2488 1678 2567 adSlephamun
1709 2487 1797 2552 Vl,
1828 2503 1950 2542 cum
1972 2487 2114 2541 serie

534 2594 834 2652 temporum
868 2582 1241 2650 respondente.
1277 2578 1412 2634 Huic
1436 2587 1611 2632 tamen
1636 2594 1859 2647 somnne
1880 2585 2115 2647 quatuor

537 2672 1114 2741 priorumswculorum
1144 2686 1265 2726 ana:
1309 2671 1629 2724 Christiana:
1654 2685 1753 2724 cur
1779 2670 2114 2739 praemitten-

534 2764 631 2815 dos
682 2763 925 2815 duxerim
990 2775 1158 2814 annos
1212 2761 1600 2830 quinquaginta
1654 2760 1897 2813 eamdem
1948 2774 2112 2811 :eram

534 2849 734 2904 Christi
757 2865 1000 2917 u'cxune
1029 2850 1412 2919 pra-cedentes,
1444 2866 1511 2903 ne
1554 2860 1808 2920 gravetur
1834 2849 2003 2903 lector
2025 2865 2117 2902 ac-

535 2940 716 3007 cipere
750 2955 814 2993 ex
840 2940 933 2993 lus.
972 2956 1092 3008 qua:
1126 2942 1502 3009 pt‘zetnonenda
1554 2955 1674 2993 esse
1702 2942 1858 3002 duco,
1890 2939 1957 2991 ad
1986 2956 2117 2992 cou-

538 3029 642 3082 silii
681 3031 846 3083 nostri
906 3030 1168 3084 rationem
1230 3029 1450 3083 nitidius
1504 3029 1914 3094 declarandam;
1974 3031 2115 3083 unde

536 3118 813 3188 perspicua
861 3119 950 3171 liat
1003 3118 1307 3181 utcthodus,
1343 3126 1398 3172 et
1444 3132 1573 3171 usus
1610 3116 1847 3185 ejusdem
1876 3118 2112 3172 chrono-

537 3210 690 3280 l0giae
736 3224 1093 3279 cognoscatur
1132 3208 1422 3278 dispositus
1450 3207 1515 3261 ad
1555 3208 1848 3287 pleniorem
1888 3208 2033 3265 Libri
2060 3218 2116 3264 et

537 3299 786 3356 Historia:
815 3301 1140 3357 Pontilicalis
1169 3302 1600 3357 illustrationem.

657 3392 903 3446 idebatur
926 3393 1235 3447 deducenda
1260 3392 1427 3446 series
1475 3393 1634 3463 hujus
1662 3392 2024 3464 chronologim
2048 3393 2115 3449 ad

540 3485 688 3540 Vitas
707 3485 1018 3553 pontiﬁcum
1038 3486 1400 3540 Romanorum
1420 3487 1834 3539 accouuuodatzc
1854 3502 1919 3539 ex
1943 3486 2114 3555 prima

539 3577 847 3630 laudatione
875 3574 1132 3628 Romana:
1155 3575 1323 3640 sedis,
1346 3585 1440 3629 aut
1469 3585 1616 3629 certe
1641 3577 1708 3627 ab
1736 3576 1956 3629 exordio
1983 3574 2115 3629 Vita:

536 3663 681 3719 Petri
724 3665 949 3734 apostoli
992 3664 1149 3733 primi
1192 3663 1431 3732 ejusdem
1462 3665 1718 3733 episcopi,
1754 3666 1899 3733 paria
1948 3664 2115 3718 ferme

536 3754 767 3810 faciente
792 3771 915 3809 cum
944 3756 1097 3809 initio
1123 3771 1245 3809 arra:
1275 3755 1610 3809 Christianm.
1655 3754 1943 3824 Superiora
1969 3756 2111 3808 enim

539 3840 780 3916 tempora
808 3845 928 3898 libri
959 3854 1329 3915 argumentum
1363 3862 1467 3897 non
1497 3846 1729 3915 attingit.
1766 3847 1956 3900 Verum
1986 3862 2109 3914 pcr-

540 3952 709 4009 penso
755 3938 1003 3992 instituto
1046 3947 1234 3992 nostro
1284 3939 1334 3991 in
1384 3939 2116 4000 nolis,etobservationibus

539 4040 651 4083 ttun
685 4030 1098 4100 chronologicis,
1142 4039 1251 4081 tum
1303 4029 1577 4084 historicis
1614 4030 1679 4082 ad
1729 4030 1888 4083 hasce
1940 4029 2112 4094 Vitas,

536 4137 645 4190 quo
672 4112 1048 4176 constituimus
1072 4128 1333 4189 tempora,
1366 4128 1419 4172 et
1446 4129 1591 4189 gesta
1626 4119 1958 4190 singulorum
1982 4136 2117 4188 pou-

538 4213 741 4266 tilieum
791 4213 1093 4277 elucidare;
1148 4228 1252 4266 non
1310 4214 1469 4277 modo
1509 4227 1574 4265 ex
1627 4213 1923 4267 assertione
1973 4213 2115 4268 illius

538 4301 949 4364 bildiotheearii,
983 4318 1010 4354 a
1042 4316 1149 4371 quo
1184 4303 1290 4356 vita
1329 4301 1697 4373 colligebatur,
1754 4303 1847 4356 sed
1904 4304 2114 4357 ueteris

536 4392 698 4444 etiam
724 4392 1081 4461 doettntentis,
1101 4408 1162 4445 ac
1182 4388 1585 4462 prolmtiomluts
1610 4393 1881 4463 genuinis,
1898 4392 2131 4447 lirman-'

538 4482 702 4546 tibus,
728 4492 780 4537 et
798 4484 1194 4538 declarantibus
1217 4494 1513 4553 temporum
1537 4486 1896 4545 characteres,
1917 4486 2111 4539 ibidem
2134 4466 2137 4473 Ρ

541 4559 855 4637 recensitos,
911 4580 966 4626 et
1017 4573 1255 4626 historia:
1304 4573 1497 4625 indicia
1553 4572 1741 4626 leviter
1795 4576 2119 4643 perstricta;

538 4662 881 4733 perspicuum
926 4664 1017 4717 lict
1053 4663 1301 4718 debuisse
1325 4678 1419 4732 per
1449 4680 1546 4717 nos
1567 4665 1734 4732 repeti
1759 4666 1925 4718 solida
1953 4664 2135 4719 docu-'

538 4765 722 4807 tucnta
779 4761 1099 4822 temporum,
1154 4770 1218 4807 ac
1274 4762 1546 4822 gestorum
1601 4770 1665 4807 ex
1722 4748 2132 4823 quinquaginla’

538 4843 730 4897 saltem
795 4845 951 4897 annis
1008 4858 1172 4899 aetatm
1226 4842 1428 4897 Christi
1481 4859 1819 4897 conuuuuem
1869 4843 2113 4911 proxime

538 4934 961 5003 praecedentibus
985 4948 1002 4987 :
1025 4950 1145 5003 qua
1176 4950 1370 4987 nexum
1416 4935 1611 4987 habent
1635 4934 1956 5003 peculiarem
1988 4950 2109 4988 cmn

540 5016 883 5092 chronologia
906 5036 962 5079 et
986 5025 1210 5081 historia
1240 5026 1588 5095 pontiﬁcatus
1612 5026 1826 5079 maximi
1862 5025 2113 5081 Ecclesia:

537 5115 760 5177 Christi,
782 5125 837 5168 et
861 5132 982 5169 cum
1006 5120 1171 5185 gestis
1191 5124 1352 5185 atque
1380 5116 1786 5171 characterihus
1809 5126 2131 5184 temporum.

538 5208 681 5264 intra
710 5209 1132 5279 quadringentos
1159 5210 1375 5263 eosdem
1414 5224 1584 5264 annos
1628 5224 1658 5263 a
1706 5210 1949 5265 Vitarum
1980 5210 2110 5264 ista-

541 5316 657 5357 rum
691 5299 1044 5368 scriptoribus
1062 5299 1373 5352 enuntiatis.

607 5389 1023 5459 Chronologiam
1077 5391 1222 5444 enim
1286 5390 1428 5458 quod
1493 5390 1704 5452 attinet,
1769 5388 1945 5459 palam
2006 5399 2114 5454 est,

536 5481 771 5550 cpochas
798 5480 1129 5551 singulorum
1163 5480 1475 5549 pontilicutn
1527 5488 1633 5533 tam
1687 5481 1740 5533 in
1772 5472 1941 5533 textui
1971 5480 2117 5532 Aua-

536 5572 721 5637 stasii,
774 5586 934 5641 quam
987 5572 1039 5625 in
1090 5569 1350 5642 catalogis
1391 5570 1677 5624 Anastasio
1727 5570 2116 5624 vetustioribus

574 5766 579 5779 ·
614 5747 695 5816 (a)
716 5745 1081 5804 l’osterioreut
1107 5722 1244 5799 hanc
1266 5741 1688 5812 ι’ὺιυοιιοιυεὶειηι,
1706 5740 1907 5811 priori,
1929 5739 2172 5796 Lectoris
2194 5724 2388 5810 gratia,
2418 5744 2738 5812 appositam,
2760 5742 3098 5801 exhibemus.
3138 5737 3292 5793 Eutr.

2143 1951 2191 2011 Β
2219 1936 2527 2012 consignari
2547 1954 2639 2009 per
2659 1935 2989 1998 consulatus,
3035 1942 3090 1990 et
3118 1951 3213 2005 per
3245 1935 3469 2007 imperia
3492 1937 3745 2010 principum

2218 2030 2609 2086 Romanorum.
2638 2027 2732 2082 His
2771 2039 2950 2082 autem
2974 2043 3082 2082 suo
3108 2027 3226 2082 loco
3254 2044 3359 2103 non
3390 2031 3583 2097 positis,
3608 2041 3654 2085 et
3673 2032 3740 2085 illa

2216 2123 2468 2176 excidere
2507 2135 2729 2175 necesse
2779 2118 2944 2183 foret,
2976 2135 3097 2188 quae
3136 2119 3502 2173 consulatibus
3531 2130 3582 2175 et
3617 2122 3741 2175 armis

2216 2210 2487 2269 Ctesarum
2536 2213 2843 2283 alligantur.
2895 2211 3015 2267 Jam
3046 2226 3176 2266 vero
3214 2214 3292 2266 rei
3325 2213 3739 2283 antiquaria-con-

2215 2303 2370 2359 sultis
2395 2304 2795 2357 tlecernendum
2821 2302 3088 2371 relinquo,
3143 2319 3274 2356 num
3326 2305 3458 2359 satis
3486 2306 3621 2358 lirtna
3642 2320 3739 2359 cen-

2216 2395 2321 2447 seri
2362 2394 2534 2463 possit
2559 2394 2879 2458 consularis,
2915 2404 2971 2446 et
2996 2392 3250 2448 Caesarea
3279 2393 3624 2465 cbronologia,
3649 2408 3739 2463 qua

2217 2502 2321 2539 non
2348 2487 2671 2556 respondeat
2698 2485 3051 2550 connuensui,
3080 2495 3135 2540 et
3179 2488 3735 2555 numerationibuscpo-

2215 2566 2438 2647 charum
2467 2577 2677 2647 publice
2723 2577 3006 2643 institutis,
3046 2588 3101 2632 et
3128 2577 3323 2648 emptis
3364 2580 3418 2633 in
3463 2578 3733 2638 civitatibus,

2217 2685 2281 2724 ac
2321 2669 2612 2737 provinciis
2651 2668 2908 2722 Romana:
2938 2668 3158 2722 ditionis
3189 2670 3245 2722 in
3275 2670 3427 2734 Asia,
3454 2670 3635 2732 Africa,
3658 2668 3737 2721 Ett-

2219 2777 2345 2830 ropa
2389 2776 2483 2830 per
2511 2774 2681 2813 annos
2712 2759 2831 2813 illos
2878 2761 3277 2832 quinquaginta
3314 2777 3380 2815 ex
3424 2774 3532 2815 ευγο
3557 2760 3736 2814 Caesaris

2216 2853 2493 2908 dictatoris
2513 2853 2579 2907 ad
2600 2854 2879 2907 exordium
2909 2871 3033 2907 tera:
3072 2854 3415 2909 Christiana.
3446 2851 3732 2912 Antiocheni,

2223 2955 2277 3000 et
2312 2945 2594 2998 Laodiccni
2653 2945 2705 2997 in
2746 2944 2902 3014 Syria
2931 2959 3094 2998 ieram
3137 2945 3368 3000 Cmsaris
3410 2944 3656 2998 dictatoris
3674 2940 3736 2993 iu-

2215 3036 2413 3090 cltoant
2441 3044 2565 3088 ante
2607 3033 2872 3089 Julianam
2917 3032 3156 3101 ejusdem
3202 3035 3599 3099 ordinationem.
3629 3033 3741 3096 Quot

2216 3124 2269 3178 in
2294 3123 2481 3177 eadem
2521 3123 2794 3191 provincia
2829 3124 3019 3194 Syrize,
3053 3132 3181 3192 quot
3205 3123 3257 3177 in
3291 3123 3416 3177 Asia
3441 3121 3616 3176 minori
3632 3131 3674 3172 et
3696 3118 3737 3170 in

2215 3214 2410 3276 Ponto,
2439 3222 2571 3281 quot
2598 3214 2650 3265 in
2679 3210 2885 3275 Africa,
2916 3222 2970 3267 et
3014 3213 3065 3265 in
3119 3212 3339 3281 Europa
3386 3212 3622 3266 instituta:
3643 3215 3741 3263 sunt

2142 3328 2185 3389 ρ
2220 3290 2440 3372 epocha:
2494 3317 2558 3356 ex
2604 3301 2823 3355 Actiaca
2868 3301 3092 3355 victoria
3158 3302 3412 3371 Augusti,
3462 3309 3515 3354 et
3553 3296 3739 3353 nummis

2219 3393 2520 3462 insculpta},
2549 3401 2605 3446 et
2652 3388 2976 3445 continuata:
3016 3390 3117 3443 sub
3164 3391 3570 3459 imperatoribus
3591 3402 3741 3444 conse-

2217 3485 2387 3555 cutis?
2438 3484 2828 3547 Alexandrina,
2869 3492 2925 3537 et
2978 3482 3197 3552 Coptica
3240 3482 3601 3554 {Egyptiorum
3637 3495 3736 3541 acra,

2218 3577 2490 3647 liispanici
2515 3579 2878 3646 Augustorum
2908 3576 3057 3639 anni,
3089 3574 3322 3630 Romani
3371 3560 3739 3644 quinquennales

2218 3666 2347 3729 ludi,
2391 3676 2589 3735 praeter
2636 3666 2831 3719 seriem
2878 3663 3278 3735 Olympiadum,
3331 3673 3385 3718 et
3438 3675 3666 3717 annorum
3687 3657 3738 3710 ab

2221 3756 2365 3811 Urbe
2393 3750 2629 3818 condita,
2670 3754 2941 3824 pertinent
2972 3756 3038 3807 ad
3081 3754 3478 3821 ﬁrmamentum
3507 3746 3740 3806 chronolo-

2222 3851 2322 3919 gia:
2347 3849 2650 3903 consularis
2670 3858 2725 3902 et
2749 3848 3029 3913 Caesarea),
3062 3849 3146 3901 cui
3192 3849 3466 3916 poutilicia
3517 3845 3744 3912 alligatur.

2216 3940 2296 3993 Ad
2326 3940 2538 3993 illarum
2589 3938 2751 4009 igitur
2810 3938 3071 4008 originem
3120 3939 3415 3991 ascendere
3443 3937 3738 3989 necesseesl.

2215 4029 2301 4083 his
2350 4030 2739 4100 quinquaginta
2794 4028 2950 4082 annis
3006 4025 3289 4091 inclusam,
3347 4037 3403 4081 ut
3452 4026 3737 4078 character-5

2220 4108 2517 4192 tetuporum
2563 4122 2846 4192 exigantur
2873 4121 2938 4173 ad
2984 4121 3144 4173 tidem
3191 4111 3738 4178 documentorum,sive

2218 4212 2270 4266 in
2324 4211 2714 4275 consulatibus,
2768 4220 2823 4265 et
2868 4211 3132 4279 imperiis,
3181 4211 3299 4265 sive
3352 4211 3404 4264 in
3453 4207 3600 4279 gestis
3638 4215 3739 4270 pon-

2220 4303 2424 4358 tiﬁcum
2478 4301 2895 4357 sint'enuntiati
2947 4316 2962 4354 :
3007 4316 3115 4370 quo
3156 4302 3273 4366 ﬁat,
3328 4310 3385 4354 ut
3440 4300 3737 4359 maternaque

2218 4394 2427 4447 tb'tnata
2465 4402 2707 4460 tempora
2741 4391 2911 4445 basim
2952 4391 3194 4447 historiae
3231 4393 3565 4446 substernunt
3589 4385 3738 4437 inton-

2215 4500 2427 4538 CllSSﬂlll
2436 4522 2449 4535 .

2248 4573 2401 4643 .lpsa
2465 4588 2596 4627 vero
2653 4572 2877 4626 historia
2920 4586 3253 4626 summorum
3291 4569 3585 4642 pontiﬁcum
3630 4556 3743 4615 Novi

2141 4677 2190 4737 ι)
2217 4664 2549 4719 Tcstamcnti
2598 4678 2857 4733 quantum
2912 4663 3132 4719 lmninis
3165 4673 3435 4718 mutuetur
3457 4678 3482 4713 a
3515 4651 3737 4726 Supt’t'mis

2214 4740 2321 4812 illis
2357 4758 2640 4811 annalibus
2690 4756 3034 4811 sacerdotum
3094 4756 3293 4811 veteris
3346 4754 3495 4825 legis,
3545 4748 3622 4819 qui
3660 4756 3733 4814 1³81⁵

2213 4845 2494 4900 dimidium
2523 4845 2776 4899 sarculum
2809 4847 3118 4914 praecedunt
3145 4846 3401 4915 epocham
3434 4838 3633 4899 Clu-isti,
3666 4845 3730 4885 τε·

2212 4940 2404 5004 putare
2431 4932 2801 5001 unusquisque
2841 4940 3036 5002 potest,
3074 4932 3399 5002 comparatis
3428 4923 3651 5000 Hyrcani,
3683 4930 3730 4971 ac

2214 5018 2587 5078 successorum
2638 5024 2803 5093 gestis
2845 5038 2874 5075 a
2922 5022 3155 5092 Josepho
3198 5023 3406 5078 traditis
3446 5020 3537 5075 sub
3561 5016 3731 5071 diverso

2214 5115 2485 5169 variorum
2509 5114 2813 5183 principum
2838 5113 3140 5179 dominatu,
3170 5114 3261 5183 qui
3302 5125 3525 5183 peream
3561 5110 3736 5159 aetatem

2212 5205 2475 5269 Iudaeam,
2517 5215 2572 5259 et
2619 5206 2875 5260 ﬁnitimos
2920 5213 3128 5260 tractus
3174 5207 3469 5268 obtinuere,
3515 5212 3620 5254 cum
3662 5192 3730 5251 iis.

2217 5317 2334 5370 qua:
2354 5301 2598 5371 proxime
2621 5300 2965 5370 contigerunt
2987 5299 3239 5352 maximis
3255 5290 3593 5352 sacerdotibus
3611 5280 3730 5338 Chri-

2216 5392 2404 5461 stianze
2436 5390 2710 5453 Ecclesiae,
2737 5389 2975 5460 legitima
2997 5389 3339 5445 successione
3359 5390 3407 5441 in
3431 5384 3641 5438 Romam
3659 5384 3729 5468 ea:

2218 5457 2407 5535 thedra
2436 5481 2579 5536 Petri
2611 5457 2812 5544 locum,
2842 5489 2899 5535 et
2926 5481 3285 5549 apostolatmn
3315 5475 3527 5546 adeptis.
3549 5457 3725 5523 Attendi

2218 5572 2398 5637 velim,
2453 5572 2505 5625 in
2565 5571 2652 5625 illa
2711 5571 2900 5626 umbra
2960 5569 3181 5625 Leritici
3229 5561 3519 5627 sacerdotii,
3561 5561 3731 5611 tantall

3736 5733 3769 5766 ιι
