3976 6312
192 360 201 367 ’
229 388 349 445 sua

1086 380 1175 432 DE.
1207 374 1548 432 CllllU'NUL.
1576 368 1873 430 PONTlF.,
1910 364 2183 422 CESAR.
2225 363 2314 420 ET
2352 360 2644 419 CONSUL.

3384 351 3492 421 589.

230 505 480 560 emicare
502 499 835 568 majestatcm
856 493 1133 567 dignitatis
1158 491 1317 560 regia:
1345 504 1516 558 usque
1542 489 1610 541 ad
1630 495 1809 538 extre-
1836 490 1886 544 Α
1915 482 2083 535 tudini
2110 481 2236 550 praei
2247 493 2303 533 re
2323 477 2651 533 attendimus
2672 487 2874 528 morem
2906 485 3027 568 non.
3040 466 3357 568 dissimilem

206 612 331 651 ‘ma
380 607 652 662 tempora.
681 600 1053 643 successorum
1107 582 1357 643 Aaronis,
1407 580 1546 639 intra
1597 577 1811 632 eosdem

231 699 421 741 annos
448 680 836 751 quinquaginta
868 690 1148 746 supremos
1175 671 1376 728 Christi
1410 670 1690 724 veritatem
1718 681 1815 721 sua

234 775 418 843 ﬁgura
444 770 819 831 enuntiantes,
850 774 909 820 ut
950 773 1163 819 constet
1192 761 1503 830 Hyrcanum
1545 770 1815 812 suunnum

232 863 582 933 pontiﬁcem,
628 860 752 915 licet
805 856 1074 927 captivum
1128 868 1159 907 a
1209 851 1424 906 Parthis
1457 849 1755 909 detentum,
1782 858 1815 897 a

230 952 448 1007 Judaﬁs
471 960 649 1004 tamen
690 947 743 1000 iu
779 946 967 1000 eadem
999 942 1313 1012 captivitate
1333 954 1452 995 cum
1484 937 1576 992 illo
1599 949 1819 990 versan-

230 1045 391 1100 tibus
434 1043 514 1097 cis
557 1049 614 1094 et
655 1039 796 1095 ultra
847 1036 1195 1105 Euphratem,
1229 1048 1334 1088 non
1380 1046 1536 1087 secus
1574 1029 1818 1084 habitum

234 1139 438 1201 luisse,
467 1150 629 1205 quam
654 1146 857 1203 regem,
889 1129 1191 1185 uthistoria
1233 1124 1450 1193 Joseplii
1473 1124 1673 1179 diserte
1708 1134 1819 1174 me-

233 1237 427 1283 morat
452 1227 591 1281 libro
622 1238 687 1277 xv
713 1220 1000 1289 Antiquit.,
1031 1233 1151 1288 cap.
1179 1218 1204 1270 l
1243 1224 1296 1269 et
1320 1215 1376 1280 2,
1401 1216 1452 1269 in
1500 1213 1601 1267 hac
1632 1220 1818 1266 nostra

231 1315 602 1385 Chmnologia
653 1312 891 1366 indicato
920 1309 987 1362 ad
1037 1320 1239 1361 annum
1277 1304 1476 1359 Christi
1505 1302 1593 1357 58.
1644 1300 1822 1356 Lucu-

166 1442 177 1445 ν
233 1405 450 1461 lentius
467 1413 643 1458 autem
667 1407 888 1471 apparet
907 1414 975 1452 ex
991 1397 1207 1468 juribus
1225 1409 1291 1449 ac
1319 1392 1490 1448 titulis
1508 1391 1821 1446 ethnarchae

235 1499 391 1553 inter
414 1511 566 1559 suos,
606 1502 661 1547 et
708 1491 948 1553 foederis,
993 1505 1057 1543 ac
1101 1485 1377 1551 societatis
1421 1499 1544 1539 eum
1576 1483 1820 1537 Romana

237 1589 525 1660 republica
550 1587 648 1657 ipsi
682 1584 953 1641 concessis
974 1592 1089 1635 tum
1115 1597 1145 1634 a
1171 1588 1381 1642 senatu,
1412 1586 1527 1632 tum
1550 1592 1580 1630 a
1610 1576 1820 1631 Ctesare

234 1685 536 1743 dictatore,
586 1676 767 1732 relatis
794 1675 862 1729 ad
905 1687 1105 1728 annum
1155 1680 1279 1725 ante
1306 1684 1469 1723 teram
1494 1666 1695 1722 Christi
1726 1664 1818 1729 49,

216 1789 305 1827 rex
336 1772 533 1826 eodem
559 1768 793 1838 Josepho
818 1784 832 1819 :
859 1766 933 1819 ita
965 1774 1023 1818 ut
1047 1762 1290 1833 pontifex
1321 1760 1587 1814 maximus
1609 1757 1823 1812 Iudico-

1915 570 2095 625 clesia:
2122 568 2396 629 Jtulaicze,
2441 564 2723 620 collectum
2749 577 2816 616 ex
2857 557 3152 614 Annalibus
3193 572 3222 610 a
3257 555 3491 627 Josephq

1915 659 2152 730 ejusdem
2174 656 2470 719 sacerdote,
2499 666 2661 724 atque
2689 652 2949 708 historico
2977 650 3079 705 sub
3109 649 3224 717 ipsa
3251 655 3491 717 tempora

1916 742 2302 819 apostolorum'.
2352 747 2402 799 Is
2436 746 2581 815 enim
2623 743 2886 814 epocham
2935 738 3296 811 pontiﬁcalem
3336 735 3490 808 llyr-

1916 840 2039 896 cani
2068 839 2135 894 ad
2158 854 2243 902 ea,
2264 854 2383 906 quae
2401 837 2652 899 diximus,
2670 844 2909 904 tempora
2926 830 3247 901 pertinentis
3272 828 3345 881 ita
3364 842 3498 882 can-

1917 930 2095 1000 signat
2120 944 2215 999 per
2241 926 2553 982 consulatus
2576 924 2813 980 historia:
2834 936 2945 977 suae
2972 921 3065 975 lib.
3109 933 3253 991 ιιιιι,
3281 917 3441 987 cap.l
3474 931 3489 967 :

1919 1020 2050 1091 Cum
2071 1020 2230 1088 igitur
2250 1017 2604 1088 pontiﬁcatum
2627 1015 2904 1083 accepisset
2927 1010 3209 1081 Hyrcanus
3239 1022 3378 1062 anno
3394 1017 3495 1059 ter-

1918 1110 1991 1163 tio
2010 1108 2260 1177 septimm,
2282 1122 2344 1160 ac
2370 1106 2761 1174 septuagesima;
2775 1118 2933 1172 supra
2950 1100 3278 1154 centesimam
3313 1094 3495 1167 Olym-.

1917 1198 2110 1270 piadis,
2144 1197 2208 1262 ρ.
2240 1196 2543 1257 Hortensio,
2583 1194 2649 1259 ρ.
2699 1192 2905 1246 Metello
2945 1189 3148 1246 Cretico
3170 1186 3493 1270 consulibus,

1918 1266 2094 1346 statim
2123 1288 2309 1342 bellum
2336 1288 2409 1342 eis
2434 1286 2762 1339 Aristobulus
2784 1283 2976 1338 intulit.
3170 1266 3173 1273 ’

1988 1379 2180 1449 Nescio
2220 1396 2287 1433 an
2327 1380 2412 1433 his
2463 1378 2796 1432 attenderint
2850 1375 3183 1430 recentiores
3225 1359 3308 1427 illi
3362 1370 3497 1427 scri-

1920 1478 2126 1540 ptores,
2157 1471 2247 1539 qui
2273 1468 2548 1538 imagiuati
2587 1478 2711 1522 sunt
2746 1466 3024 1522 consulum
3062 1466 3279 1520 nomina
3318 1473 3496 1532 postc-

1921 1559 2155 1614 rioribus
2199 1558 2343 1613 curis
2392 1557 2602 1627 adjecta
2656 1556 2822 1611 fuisse
2867 1555 3126 1624 catalogis
3176 1552 3492 1623 pontiﬁcum

1922 1650 2332 1704 Romanorum:
2383 1649 2580 1717 quibus
2626 1647 2855 1715 iudicavi
2906 1646 2959 1699 in
3004 1643 3317 1715 pratfatione
3364 1640 3531 1697 tomi.

1920 1738 2097 1807 primi,
2131 1754 2225 1807 per
2254 1746 2483 1807 quatuor
2524 1738 2702 1805 priora
2751 1735 2944 1789 smeula
2992 1749 3113 1788 mra:
3156 1718 3495 1795 Christianae,

238 1879 365 1917 rum
391 1866 660 1930 potestate
690 1857 958 1912 sociorum
984 1853 1161 1924 populi
1192 1850 1418 1905 Romani
1453 1864 1634 1919 regum
1662 1846 1820 1917 plane

1931 1829 2083 1881 etiam
2116 1828 2387 1881 llomanos
2413 1827 2733 1896 consignare
2752 1825 3096 1879 consuevisse
3136 1824 3370 1892 epochas
3411 1836 3499 1881 sa:

236 1953 497 2023 polleret,
527 1964 696 2020 usque
724 1948 790 2002 ad
832 1944 1099 2017 praeﬁnita
1130 1951 1369 2012 tempora
1390 1955 1486 2010 per
1510 1937 1818 2008 prophetas,

235 2045 467 2114 quando
493 2042 580 2108 ad,
614 2040 877 2095 Herodem
926 2035 1281 2105 alienigenam
1327 2028 1585 2085 translato
1633 2041 1821 2097 regno,

239 2137 349 2191 hoc
411 2135 585 2201 ipsum
636 2130 892 2186 iudicium
926 2126 1129 2191 Christi
1175 2121 1511 2179 advenientis
1556 2120 1821 2189 edendum

218 2236 389 2285 erat.
415 2224 679 2295 Perpendi
708 2222 864 2277 velim
893 2235 957 2275 ea
988 2218 1110 2288 jura
1133 2215 1461 2284 judiciorum
1488 2210 1668 2284 gentis
1691 2224 1821 2273 suae,

238 2322 608 2380 tributorum,
633 2314 985 2373 decimarum,
1016 2306 1382 2364 successionis
1407 2303 1478 2373 [ly
1491 2318 1653 2358 rcano
1673 2316 1822 2355 sum-

236 2426 337 2467 mo
391 2405 653 2479 pontiﬁci,
700 2419 763 2459 ac
810 2401 996 2456 liberis
1037 2399 1152 2468 ejus
1199 2400 1251 2452 in
1296 2394 1559 2466 Capitolio
1597 2402 1822 2455 asserta,

238 2501 525 2568 aureisque
555 2495 752 2551 tabulis
774 2504 889 2571 tum
921 2492 973 2545 in
1015 2490 1158 2546 Urhc
1182 2488 1420 2543 omnium
1447 2484 1682 2553 domina,
1713 2481 1823 2552 thm

240 2596 298 2650 in
360 2590 574 2646 duabus
618 2587 685 2641 ab
732 2587 836 2649 hac
890 2582 1148 2653 dignitate
1203 2576 1462 2647 proximis
1516 2571 1828 2645 civitatibus

241 2678 601 2753 (Alexandria
626 2677 677 2739 in
697 2674 951 2744 Egypto,
967 2668 1249 2724 Antiochia
1273 2667 1325 2720 iu
1350 2662 1592 2733 Oriente)
1618 2660 1827 2731 publice

240 2752 443 2845 positis
474 2776 671 2822 testata
699 2762 927 2821 inveniri
958 2779 971 2815 :
998 2769 1055 2816 et
1086 2773 1304 2831 causam
1348 2756 1465 2829 ejus
1490 2752 1828 2843 .honorificm

222 2838 620 2917 concessionis
667 2866 1002 2922 expressam,
1063 2846 1206 2918 quod
1258 2843 1529 2915 pontilicis
1588 2838 1828 2910 Hyrcani

245 2946 574 3008 auctoritati
622 2955 875 3016 parentes
929 2939 1099 2995 Judaei
1141 2947 1253 2991 tmn
1291 2935 1383 3006 qui
1424 2934 1477 2987 in
1523 2929 1825 2991 Palaestina,

246 3055 371 3100 tum
400 3041 492 3113 qui
520 3041 573 3094 iu
596 3036 829 3107 Egypto
852 3032 1138 3104 degebant,
1163 3026 1435 3111 suppetias
1456 3021 1656 3079 Ctesari
1681 3020 1833 3076 tulis-

242 3142 377 3192 sent
405 3135 458 3188 in
484 3126 846 3186 Alexandrina
865 3122 1165 3179 obsidione.

1921 1917 2273 1971 cerdotumin
2316 1932 2411 1969 sua
2462 1915 2683 1984 collegia
2715 1922 3120 1984 coeptatorum,
3166 1904 3384 1983 perinde
3436 1927 3503 1968 ac

1919 2005 2184 2078 Iosephus
2208 2009 2260 2061 in
2295 2007 2436 2063 Urbe
2457 2008 2700 2062 scribens
2722 2007 2875 2061 initia
2924 1988 3156 2077 llyrcaui
3210 2007 3455 2071 distinxit
3484 2022 3497 2057 :

1923 2100 2015 2169 qui
2068 2100 2195 2153 alibi
2221 2115 2433 2170 quoque
2490 2100 2797 2154 dinumerat
2850 2100 3222 2153 successiones
3272 2099 3495 2168 integra:

1924 2191 2084 2247 seriei
2112 2206 2445 2245 sunnnorum
2492 2192 2829 2260 pontiﬁcum,
2858 2200 2913 2244 ct
2951 2205 3122 2245 annos
3168 2189 3504 2259 singulorum

1924 2296 2095 2351 usque
2119 2283 2185 2334 ad
2212 2283 2478 2336 excidium
2511 2282 2715 2350 templi,
2743 2291 2798 2335 et
2838 2281 3228 2353 Hierosolyma:
3256 2280 3357 2357 sub
3405 2279 3503 2335 Ve-

1925 2373 2195 2441 spasiano.
2224 2371 2524 2427 Mirandum
2548 2373 2727 2443 potius
2751 2372 2910 2436 foret,
2940 2373 2986 2427 si
3018 2374 3118 2427 hoc
3153 2389 3259 2427 non
3288 2372 3505 2442 prmsti-

1928 2468 2118 2518 tisseut
2146 2464 2351 2533 priores
2376 2465 2448 2518 illi
2475 2466 2840 2534 apostolorum
2872 2466 3117 2535 discipuli
3141 2507 3155 2531 ,
3187 2467 3279 2536 qui
3333 2466 3500 2520 Petro

1926 2564 1980 2609 et
2017 2555 2184 2610 Paulo
2221 2558 2576 2612 convixerant
2627 2560 2840 2623 Romae,
2902 2568 2959 2614 et
3008 2561 3169 2614 ritum
3220 2576 3505 2615 sacrorum

1928 2646 2251 2715 scriptorum
2283 2648 2447 2716 probe
2478 2656 2740 2702 noverant
2764 2664 2934 2703 annos
2964 2630 3250 2720 diligenter
3278 2664 3501 2703 enume-

1931 2735 2104 2799 randi,
2130 2753 2159 2789 a
2184 2735 2382 2805 Moyse,
2410 2752 2473 2792 ac
2494 2738 2771 2806 prophetis
2794 2738 3141 2801 insinuatum,
3172 2754 3201 2791 a
3227 2736 3506 2808 Stephano

1930 2826 1984 2879 in
2015 2826 2360 2882 concionibus
2389 2828 2711 2892 adhibitum,
2739 2844 2767 2880 a
2798 2827 2964 2883 Paulo
2986 2829 3037 2882 iu
3060 2828 3302 2903 epistolis
3332 2838 3512 2903 reteny-

1932 2923 2068 2979 tmn,
2098 2934 2125 2968 a
2161 2914 2303 2968 Luca
2354 2916 2406 2969 in
2460 2916 2747 2987 livangelio
2801 2926 3096 2980 servatum,
3148 2900 3207 2971 et
3254 2917 3305 2971 in
3360 2900 3511 2983 Actis

1932 3003 2319 3072 apostolorum.
2354 3005 2621 3060 Videbunt
2674 3005 2726 3058 in
2772 3005 2916 3060 Urbe
2959 3005 3273 3076 JOsephum,
3323 3008 3512 3076 paucis

1933 3093 2089 3147 annis
2116 3110 2146 3148 a
2176 3095 2434 3165 martyrio
2466 3095 2723 3165 principis
2766 3096 3136 3164 apostolorum
3178 3097 3509 3179 scribentem

315 3186 511 3281 6.5;)"
545 3223 661 3276 hac
698 3228 848 3273 cene
882 3230 988 3269 ηοη
1032 3217 1282 3282 ροιθηιηι
1319 3206 1454 3262 εἰη-ει
1489 3202 1825 3274 dispendium
1855 3192 1900 3255 (ζ
1931 3186 2209 3239 historiam
2239 3187 2411 3256 gentis
2432 3201 2562 3249 suae,
2597 3188 2936 3241 sacerdotum
2974 3187 3334 3241 maximorum
3381 3198 3511 3241 aita-

244 3291 474 3369 luminis
502 3310 625 3364 inde
653 3303 935 3362 obventuri
972 3298 1211 3356 historiae
1252 3293 1545 3367 pontiﬁcali
1577 3291 1832 3346 Ecclesiae

245 3403 596 3460 Christianae.
640 3397 867 3465 Quando
908 3394 1053 3449 enim
1094 3393 1148 3451 in
1179 3391 1281 3444 ista
1325 3387 1553 3457 legimus
1592 3392 1829 3437 erectam

246 3495 423 3550 fuisse
475 3492 545 3547 ab
598 3487 964 3560 apostolorum
1006 3481 1250 3553 principe
1291 3478 1473 3533 sedem
1529 3475 1842 3529 Romanam'

246 3586 469 3641 caeteris
505 3589 906 3655 praestituram,
951 3587 1156 3642 suoque
1202 3569 1421 3625 nomine
1463 3567 1539 3621 ita
1580 3564 1833 3619 {ululatas

247 3654 695 3733 Alexandrinam,
723 3676 778 3722 et
806 3665 1197 3720 Antiochenam
1223 3699 1239 3724 ,
1285 3667 1342 3711 ut
1369 3655 1627 3728 proximae
1657 3654 1831 3724 digni-

246 3774 364 3823 tate
396 3744 727 3821 haberentur
752 3766 869 3829 post
896 3756 1214 3835 Romanam,
1242 3750 1296 3805 in
1330 3763 1437 3819 qua
1465 3761 1569 3799 una
1615 3758 1839 3799 succes-

250 3854 475 3912 soribus
495 3847 754 3914 contulit,
799 3854 860 3901 ut
902 3843 1198 3900 Ecclesium
1240 3846 1488 3908 regerent
1526 3838 1834 3894 universam

222 3922 426 4015 '(quod
465 3939 695 4011 legimus
741 3936 795 3990 in
835 3932 1177 4003 Clemente);
1232 3931 1415 3986 statim
1461 3930 1730 3994 occu'rrit,
1780 3929 1833 3983 in

255 4036 502 4093 maximo
534 4028 766 4102 Hyrcani
794 4024 1096 4082 sacerdOtio
1126 4023 1355 4093 spectari
1376 4037 1495 4075 eam
1544 4027 1838 4076 consuetu-

254 4129 463 4190 dinem,
495 4121 814 4199 ut_Colonize
841 4118 1080 4173 deductae
1101 4130 1166 4171 ex
1196 4114 1392 4186 populo
1416 4116 1483 4169 ad
1520 4129 1708 4170 verum
1742 4113 1835 4169 Dei
1918 4166 1921 4169 .

254 4218 467 4276 culttmt
517 4211 874 4270 exercendum
906 4207 1078 4265 electo
1106 4246 1123 4272 ,
1166 4205 1465 4261 hierarchte
1520 4219 1733 4259 summo
1780 4203 1835 4258 in

256 4292 509 4364 omnium
534 4284 808 4357 sacrorum
839 4298 1045 4368 legibus
1074 4296 1148 4351 ita
1171 4302 1442 4367 parerent.
1471 4293 1581 4348 Nec
1626 4293 1838 4364 species

259 4396 450 4465 dispar
477 4390 790 4446 imitationis
814 4378 1131 4442 obversatur
1178 4385 1359 4439 animo
1397 4382 1691 4438 attendenti
1727 4381 1839 4452 pri-

260 4501 415 4541 mum
453 4497 486 4537 e
529 4479 849 4536 Christianis
872 4475 1288 4547 imperatoribus
1324 4473 1736 4538 Constantinum
1780 4474 1835 4528 in

1936 3285 2041 3330 tem
2071 3278 2386 3347 singillatim
2418 3276 2619 3331 referre
2643 3279 2708 3331 ad
2735 3293 2907 3331 annos
2943 3278 3244 3348 principum
3268 3293 3512 3342 suorum,

1933 3381 1997 3419 ac
2029 3365 2411 3419 Romanorum.
2448 3364 2709 3420 Videbunt
2739 3382 2791 3419 ιιι
2825 3362 2967 3420 Urbe
2999 3367 3261 3435 quaelibet
3288 3366 3512 3436 collegia

1933 3456 2274 3512 sacerdotum
2306 3457 2568 3526 majorum
2593 3456 2807 3527 signare
2831 3457 3145 3511 consulibus
3165 3497 3179 3521 ,
3216 3465 3271 3510 et
3298 3458 3513 3527 epocha

1934 3546 2097 3604 Urbis
2144 3549 2374 3602 condita:
2423 3549 2794 3615 cqutationes
2839 3548 3204 3617 singulorum,
3256 3538 3516 3617 quemad-

1935 3640 2151 3693 modum
2180 3648 2432 3693 testatum
2463 3639 2616 3692 uobis
2645 3639 2846 3700 faciunt
2877 3648 2956 3692 tot
2986 3649 3195 3693 vetusta
3241 3655 3513 3705 marmora

1920 3745 2002 3803 ex
2033 3730 2123 3783 illa
2160 3720 2319 3784 aetate
2349 3730 2550 3785 nostris
2571 3730 2742 3784 oculis
2780 3738 3108 3798 praiservata
3145 3730 3198 3783 in
3231 3730 3386 3784 fastis
3412 3770 3427 3794 ,
3456 3732 3511 3785 in

1935 3820 2293 3883 Kalcndariis,
2320 3821 2373 3873 in
2403 3812 2551 3874 Actis
2580 3821 2925 3891 collegiormn
2947 3860 2961 3886 ,
2987 3821 3087 3875 hac
3132 3833 3316 3877 nostra
3356 3810 3514 3878 chro-

1935 3909 2147 3980 nologia
2178 3926 2317 3980 szepe
2355 3904 2710 3981 producendis
2742 3912 2808 3964 ad
2852 3902 3365 3966 demonstrationem
3414 3902 3509 3968 eo-

1937 4001 2182 4054 rumdem
2210 3999 2606 4063 consulatuum,
2633 4009 2689 4053 ct
2722 4001 2852 4053 certi
2886 4000 3121 4070 ipsorum
3170 4004 3426 4073 temporis
3449 3986 3515 4059 ac

1938 4092 2265 4148 documenti.
2324 4091 2535 4159 Stupidi
2593 4095 2979 4163 propemodum
3036 4095 3267 4151 fuissent
3318 4080 3514 4154 notarii

1938 4194 2143 4256 septem
2172 4184 2499 4238 aClemeute
2525 4184 2774 4249 instituti,
2817 4186 3056 4253 diaconi,
3094 4204 3159 4244 ac
3202 4170 3514 4245 subdiaconi

1940 4256 2217 4332 tntidema
2268 4272 2504 4329 Fabiano
2552 4284 2673 4343 post
2713 4280 2904 4332 Anteri
2948 4293 3132 4333 curam
3184 4280 3414 4353 delegati
3447 4270 3516 4337 ad

1938 4378 2087 4440 gesta
2117 4379 2415 4440 tnartyrum
2452 4367 2738 4423 scribenda
2776 4378 2832 4424 et
2856 4370 3159 4441 colligenda
3188 4373 3344 4442 (quos
3374 4372 3517 4427 inter

1939 4460 2178 4514 eminent
2207 4459 2469 4530 dignitate
2507 4469 2669 4529 atque
2707 4463 2953 4531 exemplo
2986 4463 3209 4518 Romani
3234 4465 3517 4535 pontiﬁces

260 4578 376 4633 vita
415 4574 662 4631 Silvestri
694 4572 854 4641 regiis
878 4569 1239 4642 patrimoniis,
1263 4579 1319 4623 et
1344 4569 1644 4640 insignibus
1669 4569 1843 4624 hone-

1942 4552 2059 4622 ejus
2088 4552 2262 4606 artatis
2296 4553 2406 4606 fere
2436 4566 2623 4606 onmes
2661 4554 2920 4624 martyrio
2960 4534 3266 4623 coronati),
3314 4555 3357 4609 si
3405 4567 3513 4608 tam:

262 4676 501 4727 stantem
524 4665 703 4737 regale
749 4663 1105 4720 sacerdotium
1150 4676 1301 4717 novre
1338 4660 1471 4730 legis
1507 4661 1561 4715 in
1603 4661 1840 4716 maximo

262 4761 509 4833 ejusdem
538 4757 792 4828 pontillce
810 4796 826 4820 ,
860 4770 926 4810 ac
953 4754 1194 4808 Romana
1225 4752 1354 4808 sedc
1382 4750 1542 4819 hujus
1577 4754 1793 4822 propria
1822 4769 1837 4818 ;

264 4868 392 4909 cum
419 4850 600 4906 videat
621 4848 689 4903 ab
715 4847 923 4915 imperii
953 4845 1179 4900 Romani
1225 4843 1624 4898 institutorihus
1649 4844 1841 4913 primis

263 4940 427 5003 Iulio,
441 4920 785 5008 'et‘Augusto,
800 4935 926 4989 licet
945 4934 1175 4989 ethnicis
1196 4933 1547 5002 principibus,
1564 4946 1840 4997 concessa,

267 5041 327 5089 et
349 5038 559 5086 asserta
575 5026 695 5096 jura
716 5027 1066 5097 judiciorum,
1100 5025 1449 5089 decimarum,
1479 5040 1543 5079 ac
1570 5025 1844 5095 principa-

268 5129 361 5176 tus
379 5119 432 5173 in
456 5108 678 5189 gentem
698 5130 851 5189 suam
879 5112 1182 5169 Judzeorum
1228 5114 1484 5168 Ecclesia:
1516 5113 1843 5167 moderatori

272 5188 518 5274 summo,
555 5214 612 5261 et
651 5188 831 5261 totius}
863 5203 1090 5263 Levitici
1129 5203 1335 5259 ordinis
1384 5202 1680 5258 hieran:st
1724 5219 1841 5257 ma-

272 5299 438 5354 ximo.
1030 5356 1033 5359 η

347 5387 647 5443 Observare
695 5396 909 5455 quoque
962 5380 1156 5452 juvat,
1212 5382 1266 5437 in
1321 5381 1578 5452 catalogis
1642 5381 1842 5435 nostris

273 5476 696 5551 pontificalibus,
721 5475 862 5529 unde
886 5475 1010 5529 vitae
1033 5474 1294 5542 originem
1326 5473 1583 5536 trahunt,
1626 5472 1848 5527 exordia

276 5566 588 5639 pontiﬁcum
619 5564 921 5636 consignari
960 5566 1055 5633 per
1086 5562 1411 5627 consulatus,
1446 5562 1725 5633 annosque
1752 5578 1849 5615 nu-

279 5657 476 5712 merari
503 5657 813 5711 eorumdem
837 5655 1149 5726 pontificum
1181 5655 1342 5708 etiam
1371 5670 1469 5724 per
1523 5655 1637 5708 hinc
1667 5655 1847 5723 priora

282 5756 514 5814 quatuor
545 5746 738 5802 saecula
761 5761 883 5801 term
909 5745 1253 5802 Christianae.
1287 5746 1421 5800 lluic
1448 5745 1591 5801 enim
1621 5761 1851 5801 consuc-

1941 4640 2171 4705 celehri,
2202 4650 2311 4694 tam
2362 4641 2654 4704 communi,
2697 4653 2806 4695 tam
2852 4636 3093 4712 probata:
3140 4642 3515 4698 couSuetudini

1943 4733 2042 4802 ipsi
2070 4733 2438 4786 tantummodo
2469 4730 2783 4787 defuissent.
2812 4728 3009 4788 Verum
3037 4749 3103 4787 nc
3131 4733 3432 4788 relabantur
3461 4736 3515 4788 in

1916 4825 2265 4878 ‘documenta
2331 4821 2691 4893 chronologiae
2749 4822 3037 4891 pontilicim
3089 4830 3167 4876 tot
3218 4823 3516 4879 rationibus

1937 4912 2050 4981 jam
2080 4924 2320 4978 assertte,
2343 4915 2712 4968 convertimur
2747 4914 2814 4966 ad
2860 4913 3100 4967 lliSlOl'lLB
3132 4915 3473 4983 probationes
3499 4960 3515 4985 ,

1945 5020 2011 5058 ex
2040 5007 2228 5060 iisdem
2260 5006 2414 5060 anuis
2443 5004 2832 5074 quinquaginta
2871 5004 2937 5057 de
2979 5002 3263 5060 indostriai
3293 5021 3390 5077 per
3418 5025 3518 5065 nos

1946 5095 2221 5151 collectas.
3482 5080 3489 5109 ⁵

2016 5186 2211 5257 Negari
2240 5200 2575 5255 nequaquam
2594 5193 2790 5255 potest,
2813 5185 2941 5254 quin
2966 5185 3051 5240 his
3071 5202 3209 5255 qum,
3230 5189 3294 5242 de
3320 5168 3518 5259 primo,

1945 5287 1998 5333 et
2025 5277 2195 5332 altero
2214 5277 2445 5330 adventu
2495 5275 2750 5345 principis
2803 5278 3169 5345 apostolorum
3215 5279 3267 5333 in
3322 5276 3518 5335 Urbem

1914 5376 1919 5385 ‘
1948 5382 1981 5422 e
2011 5368 2190 5438 Syria,
2218 5383 2281 5421 ac
2304 5367 2370 5421 de
2400 5366 2623 5421 consilio
2646 5367 2916 5422 cathedra:
2941 5369 3153 5422 summi
3179 5371 3523 5439 pontiﬁcatus

1916 5462 1925 5467 ’
1948 5461 2039 5516 hic
2068 5459 2366 5513 statuenda:
2395 5458 2467 5512 illi
2495 5458 2753 5514 divinitus
2781 5450 3062 5530 inspirata,
3089 5461 3381 5530 perfecisse
3408 5462 3521 5515 mi-

1950 5553 2095 5607 ditur
2123 5551 2363 5605 sectione
2411 5552 2602 5621 prima;
2651 5551 2792 5606 viam
2845 5554 3238 5622 quodammodo
3279 5552 3527 5606 sternant

1950 5659 2118 5721 gesta,
2146 5664 2266 5719 quac
2291 5650 2560 5718 pertinent
2578 5648 2645 5701 ad
2666 5663 2864 5701 annum
2887 5658 3010 5701 ante
3030 5647 3226 5702 Christi
3250 5664 3409 5702 turam
3432 5644 3521 5709 45,

1917 5752 1921 5757 ·
1952 5741 2170 5811 quando
2191 5739 2437 5795 consules
2456 5740 2740 5806 Antonius,
2770 5754 2831 5793 ac
2848 5739 3116 5793 Dola'.ella
3156 5750 3273 5794 oost
3298 5750 3524 5792 mortem
