3976 6312
477 359 582 418 587

1222 359 1315 414 Αἰ)
1333 389 1335 391 ι
1351 355 1792 414 ANASTASIUM
1835 352 2071 410 PROL‘El

2180 352 2347 410 dENA
2388 353 2566 411 EDIT.
2608 355 3032 415 ROH.-VATIC.

3644 359 3749 422 us

477 473 712 533 C:esaris
733 515 749 540 ,
781 482 1033 529 auctores
1079 471 1298 528 fuerunt
1351 473 1562 529 senatui
1603 470 1908 543 populoque
1952 469 2061 523 Ro-
2095 476 2141 532 Α
2169 470 2464 525 Chnstiani
2503 472 2679 528 cultus
2705 489 2866 543 super
2895 475 3170 545 depressa,
3211 483 3265 531 et
3297 475 3527 531 confusa
3560 491 3747 533 ruoera

478 581 640 622 mano
669 564 960 620 renovandi
978 561 1388 618 Iudaeis-eadem
1414 563 1692 633 privilegia
1714 560 2062 630 poscentibus

476 671 575 727 per
603 656 810 727 legatos
856 657 926 710 ab
971 654 1222 726 Hyrcano
1271 653 1511 725 ipsorum
1548 653 1802 723 pontiﬁce
1843 652 2059 716 missos,

477 763 599 818 quae
626 748 811 804 Caesar
837 758 995 802 antea
1017 747 1349 804 contulerat:
1378 747 1522 801 inter
1549 763 1670 817 quae
1692 746 1821 801 illud
1853 760 2061 802 memo-

480 847 635 892 ratur
656 854 688 894 a
731 837 989 908 Josepho,
1025 847 1077 891 ut
1097 837 1192 908 jus
1223 836 1348 908 ipsis
1388 835 1520 906 foret
1546 835 1798 890 sodalitia
1839 836 1894 889 in
1925 833 2063 889 Urbe

479 930 706 984 habendi
738 947 1012 985 sacrorum
1049 946 1298 996 suorum,
1337 929 1494 984 etiam
1519 929 1563 981 si
1601 927 1710 981 alia
1761 937 2063 982 exterarum

481 1023 754 1077 nationum
783 1033 1096 1078 vetarentur.
1132 1022 1244 1076 Hac
1289 1021 1623 1093 indulgentia
1664 1021 2060 1086 Romanorum,

480 1120 537 1167 et
563 1112 794 1167 Caesaris
832 1113 1155 1184 praesertim,
1183 1111 1382 1167 Judaeis
1407 1111 1693 1166 conciliata
1720 1126 1832 1180 pra:
1855 1111 2066 1167 caneris

480 1203 812 1268 nationibus,
853 1203 1108 1273 peculiari
1136 1203 1228 1258 Dei
1253 1202 1595 1271 providentia
1636 1201 2068 1270 disponebantur

480 1295 714 1353 Caesaris
739 1312 1080 1352 successores
1101 1295 1168 1350 ad
1194 1295 1367 1365 prima
1393 1295 1642 1350 sodalitia
1671 1303 1857 1348 nostra
1883 1292 2067 1348 Romae

479 1388 834 1455 confovenda,
859 1405 978 1460 qua:
1006 1389 1212 1444 scilicet
1251 1387 1304 1442 in
1331 1386 1506 1457 primo
1544 1397 1600 1441 et
1631 1386 1801 1440 altero
1830 1385 2065 1438 adventu

481 1479 627 1536 Petri
649 1482 714 1536 ad
737 1479 938 1536 Urbem
960 1479 1162 1535 ethnici
1187 1477 1519 1548 distinguere
1541 1474 1778 1529 nondum
1804 1480 2068 1528 noverant

480 1588 511 1627 a
544 1571 850 1627 Judzeorum
885 1571 1275 1634 conventibus;
1325 1567 1596 1638 praecipue
1649 1581 1775 1621 cum
1821 1565 2071 1619 viderent

480 1662 754 1732 apostolos
780 1660 1089 1717 Iudaeorum
1133 1657 1467 1715 contribules
1515 1657 1658 1712 inter
1692 1670 1786 1710 eos
1833 1655 2068 1726 primum

480 1755 642 1812 ﬁdem
657 1754 860 1810 Christi
882 1753 1255 1824 pronuntiare.
1269 1751 1393 1804 Pari
1417 1764 1630 1819 quoque
1656 1748 1868 1802 ratione
1888 1748 2072 1801 obser-

2163 559 2495 629 Judaaorum,
2540 579 2605 618 ac
2641 562 2918 628 Gentium,
2962 564 3117 618 ruina
3165 579 3263 621 sua
3311 581 3413 620 nos
3441 566 3748 636 opprimere

2162 653 2627 718 contendentium,
2657 662 2718 709 ut
2736 655 2945 724 plenius
2973 663 3249 722 noscatur,
3273 655 3506 726 petenda
3534 664 3623 711 est
3639 655 3746 724 ejus

2165 745 2409 812 historia,
2441 755 2497 802 et
2524 749 2831 804 observatio
2850 763 2916 802 ex
2945 747 3110 819 gestis
3141 748 3335 802 horum
3361 748 3749 818 quinquaginta

2165 852 2429 891 annorum
2462 837 2662 893 Christi
2701 838 2962 908 epoeham
2987 839 3405 909 praecedentium
3430 853 3446 892 :
3475 840 3531 893 in
3559 839 3749 909 quibus

2165 929 2400 982 maxima
2431 929 2532 994 vis,
2570 937 2627 982 et
2659 929 2957 999 amplitudo
2985 938 3212 999 apparet
3240 931 3525 1000 utriusque
3552 927 3746 998 populi,

2164 1029 2356 1076 contra
2386 1029 2600 1076 nostros
2631 1020 2912 1091 pontiﬁces
2935 1022 3214 1078 c‘onnisuri
3237 1039 3252 1076 :
3275 1022 3392 1077 sive
3407 1030 3628 1092 spectes
3648 1020 3750 1076 ele-

2163 1110 2436 1164 vationem
2461 1110 2776 1180 posterioris
2803 1110 3007 1180 templi,
3030 1111 3185 1182 cujus
3207 1110 3478 1165 excidium
3503 1109 3750 1180 praedixit

2167 1198 2445 1262 Dominus,
2478 1199 2607 1256 licet
2633 1201 2703 1255 ab
2737 1199 2950 1256 Herode
2977 1209 3126 1255 tanta
3167 1200 3574 1272 magniﬁcentia
3602 1199 3752 1254 resti-

2169 1299 2342 1345 tutum
2396 1300 2498 1355 est,
2563 1300 2622 1344 ut
2664 1289 2932 1360 imperitis
2978 1292 3252 1346 videretur
3297 1291 3524 1362 gloriam
3561 1291 3749 1360 prioris

2167 1391 2575 1453 superaturum;
2608 1382 2720 1437 sive
2749 1383 3120 1450 extensiqnem
3144 1383 3476 1447 consideres,
3505 1398 3571 1437 ac
3594 1383 3749 1437 robur

2168 1475 2382 1544 imperii
2414 1473 2667 1542 Romani,
2691 1483 2750 1530 et
2776 1476 2985 1547 copiam
3014 1476 3389 1531 universarum
3416 1477 3751 1547 superstitio-

2169 1585 2296 1623 num
2337 1569 2390 1622 in
2429 1583 2495 1623 eo
2522 1569 2838 1640 vigentium,
2867 1577 2924 1624 et
2957 1569 3010 1623 in
3041 1567 3365 1624 sacriﬁculis
3390 1569 3506 1622 suis
3536 1568 3748 1622 totidem

2170 1661 2355 1715 hostes
2377 1658 2491 1728 jam
2505 1661 2933 1730 comparantium
2962 1669 3154 1714 contra
3180 1659 3465 1728 episcopos
3491 1656 3745 1712 Romana:

2171 1753 2315 1808 sedis
2343 1770 2356 1806 :
2386 1752 2583 1822 quibus
2611 1751 2978 1822 apostolorum
3010 1751 3273 1821 principis
3305 1765 3459 1815 cura,
3487 1764 3604 1818 pra:
3647 1765 3746 1803 ae-

479 1847 595 1900 vari
612 1853 791 1921 potest
809 1845 894 1921 via
916 1841 1258 1913 complanata
1270 1841 1337 1895 ad
1351 1839 1672 1895 Christianae
1686 1837 1940 1894 Ecclesia:
1957 1836 2072 1906 epi-
2099 1839 2148 1901 Β
2176 1844 2327 1907 teris,
2358 1842 2745 1897 transmittitur
2775 1857 2898 1896 cum
2938 1841 3245 1896 sacerdotio
3274 1840 3326 1895 in
3352 1854 3548 1894 omnes
3573 1848 3752 1910 gentes

480 1946 733 2006 scopatus
754 1943 876 2006 post
930 1932 1233 1989 Romanum
1277 1933 1513 1987 maxime
1563 1929 1804 1986 celebres
1833 1929 2066 1984 fundan-

479 2029 580 2082 dos
611 2038 736 2081 ante
784 2025 1013 2081 Neronis
1042 2025 1473 2096 persecutionem
1503 2023 1802 2079 Antiochiae
1826 2031 1881 2078 et
1941 2022 2066 2077 Ale-

480 2115 744 2181 xandriae;
779 2131 901 2170 cum
956 2115 1242 2185 utrobique
1285 2115 1595 2170 obtinerent
1659 2112 1830 2168 Judaei
1875 2113 2065 2168 eadem

482 2208 756 2278 privilegia
789 2207 1125 2277 superiorum
1154 2221 1362 2278 regum,
1395 2223 1426 2260 a
1470 2205 1611 2260 Julio
1635 2204 1850 2260 Caesare
1873 2204 2070 2260 conﬁr-

481 2307 652 2361 mata,
681 2307 737 2351 et
761 2312 790 2351 a
819 2305 1009 2351 senatu
1042 2295 1343 2367 populoque
1392 2296 1659 2360 Romano,
1690 2305 1746 2350 ct
1775 2311 1806 2349 a
1831 2294 2064 2350 Caesaris

480 2388 856 2443 sucessoribus
910 2403 1007 2458 per
1054 2388 1152 2442 hos
1200 2387 1592 2458 quinquaginta
1637 2402 1828 2450 annos,
1876 2394 1931 2440 et
1971 2399 2066 2454 per

479 2491 804 2537 consecutos
826 2495 999 2551 usque
1027 2479 1095 2534 ad
1127 2479 1328 2544 Titum,
1362 2480 1452 2550 jus
1481 2480 1690 2534 scilicet
1717 2477 1974 2541 civitatis,
2012 2485 2069 2529 et

477 2571 566 2643 ius
589 2573 877 2628 exercendi
909 2573 1085 2643 patria
1109 2587 1268 2628 sacra
1310 2573 1416 2627 ritu
1449 2571 1734 2640 majorum.
1767 2571 1878 2624 Nec
1903 2567 2067 2623 dissi-

480 2665 595 2720 mili
636 2664 990 2719 beneﬁcentia
1025 2664 1145 2733 opis
1171 2663 1366 2719 divinae
1395 2670 1474 2717 tot
1495 2665 1652 2718 sedes
1683 2662 1912 2716 aliorum
1942 2663 2060 2730 epi-

481 2766 800 2826 scopatuum
840 2764 966 2811 ante
1007 2753 1234 2808 Neronis
1258 2753 1691 2824 persecutionem
1723 2759 1926 2820 paratze
1949 2749 2068 2807 fue-

481 2858 601 2903 rant
653 2847 841 2903 electis
895 2845 1118 2900 advenis
1171 2845 1523 2914 dispersionis
1577 2843 1758 2907 Ponti,
1821 2842 2064 2908 Galatiae,

481 2938 852 3008 Cappadociae,
882 2937 1046 3001 Asiaa,
1073 2944 1128 2991 et
1155 2935 1441 3006 Bytltiuizn,
1472 2943 1529 2988 et
1557 2933 1857 2988 insularum
1899 2933 2064 2998 Asize,

483 3041 647 3100 atque
693 3029 920 3098 Europae
961 3026 1342 3094 adjaceutium;
1375 3040 1498 3080 cum
1528 3025 1580 3078 in
1633 3025 1699 3078 iis
1739 3023 2069 3091 regionibus,

483 3119 708 3191 perinde
733 3133 798 3172 ac
827 3117 880 3172 in
929 3115 1159 3181 Graecia,
1207 3123 1265 3169 et
1303 3113 1639 3178 Macedonia,
1667 3127 1951 3182 synagoga:
1974 3111 2069 3165 Ju-

2164 1935 2472 2008 proferendi
2493 1933 2840 2004 Evangelium
2867 1933 3092 1988 Christi.
3139 1933 3446 2003 Apparatus
3466 1930 3572 1986 iste
3597 1931 3740 1985 orbis

2165 2035 2432 2082 terrarum
2459 2034 2651 2079 contra
2679 2023 2977 2079 Ecclesium
3010 2022 3201 2085 nisuri,
3230 2032 3287 2077 et
3309 2038 3408 2093 per
3448 2020 3746 2076 Ecclesia:-

2165 2117 2523 2172 saluberrime
2548 2115 2863 2185 superandi,
2907 2113 3266 2185 explicandus
3293 2123 3415 2168 erat
3440 2113 3494 2167 in
3540 2112 3752 2182 amplis-

2165 2212 2302 2267 sima
2333 2225 2526 2281 pompa
2563 2226 2659 2266 sua
2688 2227 2787 2280 per
2815 2225 2988 2265 annos
3023 2209 3414 2280 quinquaginta
3442 2219 3572 2263 ante
3592 2225 3749 2263 :ermn

2167 2302 2367 2359 Christi
2394 2313 2704 2371 conspecta,
2734 2311 2793 2355 ut
2817 2301 2994 2356 lucem
3025 2299 3334 2355 aﬁ‘underet,
3365 2301 3606 2355 historia:
3625 2315 3754 2370 pon-

2167 2395 2374 2452 tiﬁcali.
2410 2395 2544 2450 Nam
2566 2395 2797 2450 concisse
2823 2394 2926 2449 illae
2949 2395 3188 2465 priorum
3213 2393 3356 2449 Petri
3379 2408 3751 2448 successorum

2165 2487 2313 2551 vitat,
2349 2502 2469 2556 quae
2505 2502 2636 2551 uno,
2665 2495 2758 2540 aut
2781 2485 2956 2540 altero
3005 2499 3165 2540 versu
3196 2485 3421 2556 grandia
3449 2500 3641 2539 eorum
3667 2499 3759 2554 ge-

2168 2589 2252 2633 sta
2280 2577 2606 2632 concludunt
2645 2579 2768 2632 trita
2796 2577 2883 2632 illa
2909 2593 2973 2632 ac
3023 2577 3253 2646 simplici
3283 2576 3528 2632 clausula
3577 2593 3759 2632 sacrae

2169 2684 2288 2724 rum
2320 2667 2741 2732 ordiuatiouum,
2773 2669 2964 2721 creavit
3012 2668 3336 2737 presbyteros
3379 2664 3456 2732 Ν,
3496 2669 3756 2736 episcOpos

2169 2775 2265 2829 per
2289 2759 2493 2814 diversa
2521 2759 2637 2812 loca
2667 2757 2741 2812 Ν.
2774 2767 2907 2835 quot
2933 2758 3242 2828 ingentibus
3266 2757 3428 2813 factis
3452 2767 3753 2828 prmgnent,

2172 2850 2528 2920 acquisitione
2562 2849 2769 2904 scilicet
2804 2849 3204 2919 provinciarum
3232 2889 3248 2914 ,
3295 2849 3618 2904 fundatione
3675 2865 3756 2905 se-

2172 2941 2343 3006 dium,
2373 2943 2728 2997 conversione
2742 2943 3042 3012 regionum,
3064 2959 3170 2998 non
3191 2957 3380 3013 parum
3398 2943 3758 2998 declarabitur

2174 3033 2243 3086 ab
2278 3033 2490 3101 adjecta
2519 3033 2710 3087 notitia
2745 3031 3002 3097 Orientis,
3032 3042 3090 3087 et
3125 3033 3453 3098 Occidentis,
3490 3033 3632 3088 intra
3664 3035 3759 3089 hoc

2175 3125 2409 3192 spatium
2453 3124 2660 3178 dimidii
2703 3123 2882 3178 saeculi
2928 3139 3051 3179 mra:
3087 3122 3411 3179 Christianae
3451 3125 3754 3194 praemissi:

484 3213 722 3268 datorum
749 3206 1514 3281 apertaeoppignerassent(ut
1537 3205 1613 3260 ita
1643 3203 1842 3274 dicam)
1867 3199 2148 3261 aditumC
2183 3228 2292 3281 quo
2353 3215 2641 3269 exhibe"..-
2699 3223 2872 3269 εωιυε
2929 3215 3077 3270 orbis
3133 3216 3300 3270 ferme
3368 3217 3610 3271 universi
3668 3232 3760 3286 ρει-

482 3302 618 3357 viris
642 3300 975 3373 apostolicis,
1003 3315 1099 3370 per
1150 3298 1350 3370 Moysis
1401 3295 1808 3352 tabernaculum
1863 3295 1928 3349 ad
1984 3295 2071 3349 in-

485 3395 687 3450 teriora
719 3393 1001 3449 velaminis
1025 3391 1332 3463 perlaturis,
1355 3390 1480 3444 novi
1508 3387 1735 3442 fwderis
1763 3386 1992 3450 tabulas,
2017 3397 2072 3442 et

486 3502 670 3542 arcam
697 3485 829 3540 Novi
857 3493 913 3540 et
941 3486 1131 3539 aeterni
1179 3481 1537 3546 Testamenti,
1561 3480 1885 3535 observante
1913 3480 2072 3534 beato

486 3577 776 3632 Ambrosio
798 3575 916 3648 [lib.
944 3590 1040 3628 VIII
1082 3575 1134 3628 in
1171 3573 1370 3627 Lucam
1397 3585 1563 3642 prope
1588 3567 1772 3641 ﬁnem]
1795 3569 2072 3624 Christum

488 3666 778 3722 Dominum
802 3666 876 3718 ita
900 3664 1116 3727 venisse,
1135 3672 1190 3716 ut
1220 3679 1311 3731 per
1336 3659 1555 3714 Iudaeos
1581 3661 1826 3713 transiret
1857 3660 1925 3712 ad
1950 3675 2076 3729 geu-

489 3767 586 3812 tes.
614 3755 733 3826 Ipsa
759 3754 1046 3825 captivitas
1073 3752 1304 3824 Hyrcani
1330 3751 1472 3820 apud
1503 3750 1754 3813 Parthos,
1784 3758 1840 3805 et
1861 3748 2069 3804 Judaeu-

491 3865 612 3914 rum
639 3849 692 3903 in
719 3845 1104 3918 MesopOtamia
1137 3843 1444 3914 degentium
1472 3859 1596 3913 erga
1618 3858 1740 3898 eum
1771 3841 2075 3897 reverentia

490 3942 832 3998 monstrabat
856 3939 1126 4003 semitam,
1164 3937 1259 3992 Dei
1303 3944 1438 3991 nutu
1483 3946 1726 4006 apertam
1759 3937 1828 3990 ad
1881 3938 2076 4006 perdu-

493 4035 724 4090 cendum
772 4032 914 4087 ultra
967 4031 1102 4086 ﬁnes
1151 4029 1382 4084 Romani
1429 4029 1639 4099 imperii
1691 4027 1832 4082 ﬁlios
1884 4026 2068 4080 libera:

491 4125 695 4183 Christi
733 4140 965 4196 sponsre,
1005 4139 1128 4179 cum
1171 4138 1236 4178 co
1280 4130 1655 4193 penetrassent
1706 4119 1816 4175 nali
1867 4119 2076 4173 ancillae

495 4217 659 4283 illius,
691 4233 811 4288 quae
836 4224 1059 4287 generat
1079 4215 1131 4268 in
1162 4214 1500 4269 servitutem.
1557 4211 1708 4266 Licet
1736 4227 1867 4266 vero
1899 4211 2077 4266 ethni-

493 4323 682 4364 corum
713 4305 1136 4376 persecutiones,
1173 4320 1203 4358 a
1240 4302 1546 4358 Iudaeorum
1589 4303 1851 4373 exemplis
1895 4311 1949 4356 et
1991 4303 2074 4358 in-

493 4400 649 4455 sidiis
675 4397 926 4452 excitata:
957 4396 1215 4451 adversus
1241 4394 1516 4450 Christum
1545 4395 1778 4460 Domini,
1812 4406 1866 4449 ct
1888 4404 2079 4449 contra

495 4492 642 4548 illius
691 4491 986 4547 Ecclesium
1015 4493 1200 4546 statim
1250 4507 1314 4546 ac
1357 4507 1453 4562 per
1489 4490 1760 4560 apostolos
1811 4491 2081 4546 condeba-

2171 3304 2388 3359 eosdem
2425 3306 2681 3375 praesules
2728 3306 3055 3375 apostolicos
3082 3307 3153 3362 ad
3201 3305 3456 3362 Ecclesia:
3481 3307 3762 3363 catholica

2172 3395 2482 3450 societatem
2514 3395 2813 3463 redigendi.

2243 3487 2480 3552 Quarum
2529 3488 2780 3542 methodo
2811 3488 2863 3542 id
2891 3487 3256 3544 exhibendum
3303 3490 3610 3544 curaverint
3653 3491 3754 3546 hac

2173 3579 2227 3634 in
2263 3580 2647 3650 chronologia,
2679 3579 2804 3635 licet
2863 3591 3191 3650 conspectus
3231 3583 3346 3652 ipse
3388 3582 3525 3637 satis
3567 3584 3763 3638 docere

2172 3671 2374 3740 possit;
2409 3681 2647 3726 attamen
2675 3672 2863 3742 paucis
2885 3672 3166 3728 declarare
3196 3689 3300 3728 non
3331 3676 3502 3744 piget.

2246 3763 2455 3832 Duplex
2501 3763 2750 3818 colunma
2784 3764 3026 3835 singulas
3071 3765 3300 3836 paginas
3342 3766 3597 3821 bifariam
3628 3767 3766 3822 divi-

2175 3852 2274 3916 dit,
2305 3863 2363 3906 ut
2407 3853 2459 3907 in
2497 3870 2602 3908 una
2636 3853 2907 3910 referatur
2944 3856 3312 3927 chronologia,
3341 3869 3397 3911 et
3428 3858 3658 3914 historia
3685 3859 3767 3914 ci-

2176 3941 2299 3996 vilis
2338 3943 2704 4008 etlmicorum,
2738 3944 2790 3997 in
2829 3944 3003 3998 altera
3035 3946 3387 4002 sacerdotalis
3415 3948 3598 4017 populi
3631 3950 3767 4004 divi-

2177 4048 2307 4088 num
2348 4033 2551 4086 cultum
2594 4033 2695 4086 rite
2725 4036 3087 4090 exercendum
3113 4050 3143 4088 a
3183 4035 3294 4091 Deo
3320 4038 3498 4092 vocati
3527 4055 3540 4090 :
3573 4053 3769 4107 nempe

2175 4121 2482 4176 Judznorum
2549 4121 2805 4176 Ecclesiae
2866 4133 2993 4176 ante
3059 4125 3350 4178 adventum
3412 4125 3670 4190 Domini;
3711 4139 3767 4181 et

2177 4211 2517 4276 Christian-.e,
2559 4221 2681 4282 post
2719 4226 2841 4265 eum
2874 4212 3038 4267 terris
3068 4213 3253 4267 datum
3287 4214 3455 4268 Deum
3485 4224 3544 4270 et
3582 4214 3770 4271 Homi-

2179 4319 2324 4367 nem,
2371 4314 2426 4357 et
2477 4304 2709 4374 lapidem
2777 4305 3092 4375 angularem
3123 4347 3140 4372 ,
3188 4307 3281 4376 qui
3351 4307 3485 4364 facit
3540 4318 3770 4382 utraque

2179 4409 2367 4449 unum.

2253 4486 2309 4540 lu
2357 4486 2526 4556 priori
2559 4486 2808 4540 columna
2850 4488 3126 4556 assignata
3172 4486 3560 4560 chronologim,
3589 4499 3648 4545 et
3692 4491 3769 4547 hi-

495 4593 604 4651 tur,
625 4599 731 4640 non
758 4599 990 4640 secusac
1018 4583 1213 4638 ﬂuctus
1241 4585 1418 4655 abyssi
1450 4599 1658 4654 magna:
1686 4594 1872 4638 contra
1895 4600 2078 4639 arcam
2107 4556 2159 4616 D
2183 4579 2365 4634 Storia:
2399 4578 2661 4647 gentium,
2688 4594 2753 4633 ac
2788 4579 3087 4648 pnesertim
3138 4577 3395 4634 Romana:
3437 4581 3767 4649 reipublicae,

494 4676 732 4746 undique
763 4675 977 4745 impulsi
1001 4677 1244 4730 eamdem
1267 4675 1608 4744 impeterent,
1639 4677 1819 4730 statim
1851 4692 1914 4730 ac
1960 4691 2084 4745 pcr-

496 4766 638 4823 fecta
672 4764 791 4836 ejus
831 4765 1058 4833 fabrica,
1100 4766 1240 4820 inter
1292 4766 1435 4821 illam
1489 4765 1601 4822 Noe
1652 4775 2080 4837 congregaverat

495 4863 936 4936 prmservandum
971 4877 1002 4917 a
1029 4861 1301 4918 communi
1349 4859 1502 4916 clade
1548 4861 1843 4916 viventium
1889 4875 2078 4930 genus;

496 4964 741 5011 attamen
785 4953 1106 5010 elevationis
1150 4969 1264 5008 sua:
1289 4953 1487 5025 gradus
1517 4961 1741 5024 experta
1771 4960 1857 5008 cst
1890 4952 2080 5007 iisdem

499 5047 556 5104 in
608 5045 858 5102 ﬂuctibus
891 5045 1266 5102 mirabilitera
1319 5045 1432 5100 Deo
1488 5033 1792 5101 suhs'tratos
1844 5042 2082 5098 Ecclesia

499 5137 749 5195 Christi:
781 5138 872 5207 qui
921 5137 1148 5193 salutem
1200 5135 1446 5192 facturus
1470 5149 1538 5189 ex
1577 5133 1811 5190 inimicis
1857 5133 2082 5199 nostris,

499 5227 749 5285 consulto
775 5227 1018 5283 voluerat
1047 5228 1120 5284 ibi
1165 5237 1324 5284 antea
1377 5226 1589 5282 fundari
1643 5239 1964 5297 synagogas,
1991 5224 2085 5280 ubi

501 5336 790 5394 synagoga:
834 5319 929 5375 ﬁlii
967 5331 1156 5376 contra
1207 5321 1506 5377 Ecclesiam
1548 5329 1807 5391 urgerent
1849 5320 2086 5376 vortices

502 5414 767 5486 gentium,
795 5427 861 5467 ac
886 5427 1040 5477 suos,
1069 5420 1131 5466 ut
1153 5413 1222 5466 ad
1253 5413 1501 5467 eamdem
1532 5411 1654 5466 illisi
1690 5411 1905 5482 utrique
1955 5426 2086 5466 con-

503 5505 774 5585 ciderent1
800 5512 874 5570 et,
903 5504 1206 5575 aggregatis
1253 5501 1521 5570 ﬂuctibus,
1552 5519 1739 5560 arcam
1791 5503 2084 5558 salutarem

504 5594 571 5650 ad
601 5595 793 5650 altiora
819 5596 1198 5666 proveherent.

579 5689 705 5744 llaec
733 5689 896 5759 igitur
936 5689 1197 5760 projectio
1237 5686 1571 5743 fundamenti
1605 5687 1658 5741 in
1709 5685 1928 5743 Oriente
1948 5697 2002 5743 et
2031 5688 2083 5743 in

479 5769 820 5846 'Occidcntc,
879 5783 946 5837 ad
997 5779 1339 5837 excitandum
1402 5778 1513 5834 Deo
1565 5777 1820 5848 templum
1886 5780 2082 5846 vivum,

2183 4677 2239 4722 et
2269 4667 2477 4736 imperii
2517 4667 2837 4736 principum,
2879 4667 3076 4736 quibus
3104 4683 3227 4722 cum
3258 4668 3516 4724 Ecclesia:
3547 4671 3768 4726 historia

2183 4775 2356 4816 nexus
2381 4760 2668 4814 continuus
2693 4775 2802 4827 prie
2832 4761 3046 4816 caeteris
3072 4759 3377 4826 intercedit,
3405 4776 3494 4816 res
3521 4765 3768 4819 occident-

2184 4852 2306 4907 talis
2334 4861 2537 4906 tractus
2572 4852 2789 4923 digestas
2816 4862 2943 4907 sunt
2975 4863 3084 4908 tam
3116 4854 3169 4908 in
3206 4854 3558 4926 chronologia
3613 4871 3769 4927 quam

2183 4946 2237 5000 iu
2267 4945 2514 5000 historia.

2261 5021 2634 5105 Chronologizc
2664 5035 2918 5090 iudicatio
2945 5036 3232 5106 generalis,
3260 5037 3617 5108 complexura
3654 5041 3770 5094 cha-

2191 5137 2430 5181 racteres
2479 5142 2744 5180 annorum
2795 5127 3108 5197 singillatim
3157 5144 3224 5183 ex
3270 5130 3424 5199 cyclo
3462 5130 3772 5185 occidentao

2190 5215 2332 5270 libus
2365 5216 2706 5286 chronologis
2734 5216 2892 5272 hodie
2937 5226 3154 5288 recepto
3184 5219 3393 5290 (utpote
3435 5219 3770 5276 discernente

2193 5307 2330 5362 citra
2369 5307 2536 5361 ullum
2575 5306 2909 5363 confusionis
2939 5309 3236 5379 periculum
3274 5317 3662 5380 quemcunque
3687 5329 3771 5365 an-

2193 5416 2342 5466 num,
2370 5399 2594 5469 ejusque
2635 5415 2666 5455 a
2697 5401 2946 5471 prazsenti
2978 5401 3310 5472 distantiam)
3355 5404 3698 5472 conspicitur
3724 5403 3768 5455 ia

2193 5496 2477 5566 marginali
2509 5497 2670 5554 ductu
2696 5497 2978 5563 columnze,
3010 5498 3294 5569 primaque
3322 5499 3449 5553 sede
3491 5499 3766 5553 sinistror-

2194 5606 2312 5646 sum
2347 5605 2442 5658 per
2468 5591 2665 5647 seriem
2700 5591 3098 5646 descendente:
3131 5592 3233 5646 sub
3263 5607 3328 5646 eo
3359 5592 3518 5647 titulo
3547 5607 3770 5663 superne

2193 5687 2369 5756 posito
2395 5704 2408 5740 :
2451 5686 2587 5739 Anni
2617 5684 2820 5754 periodi
2847 5683 3082 5739 Iuliana:
3111 5685 3198 5740 ubi
3223 5685 3468 5757 periodus
3493 5685 3714 5742 Iuliana
3740 5700 3765 5736 a

2197 5778 2471 5849 Scaligero
2512 5777 2748 5839 inventa,
2789 5791 2960 5832 annos
3004 5776 3241 5848 singulos
3284 5778 3534 5844 ordinat,
3584 5775 3768 5833 additis
