3976 6312
193 327 314 401 $89

1058 328 1151 401 ne.
1180 341 1525 399 cuuouou
1565 340 1859 406 reuna,
1900 339 2165 397 cassae.
2206 344 2295 400 ετ
2332 344 2624 403 CONSUL.

3362 348 3471 406 590

194 454 617 514 characteribus
663 455 801 526 cycli
848 453 1012 520 solis,
1056 466 1112 510 et
1159 456 1328 519 lunae,
1373 470 1436 509 ac
1481 455 1781 510 litterarum
1810 457 1857 517 Α
1885 454 2261 512 eﬂ'ossionibus
2300 458 2580 524 ruderum,
2621 473 2744 529 quae
2776 458 2966 515 dietim
2996 458 3153 525 (lunt,
3178 460 3283 515 nisi
3312 462 3465 530 prius

194 546 641 602 Dominicalium.
670 546 854 601 Eidem
889 560 1031 599 anno
1063 546 1264 614 periodi
1295 544 1526 600 Julianae
1546 547 1789 615 assignat

195 639 531 694 secundaria
560 638 730 693 series
764 652 885 692 cum
913 652 978 690 ea
1017 637 1349 692 descendens
1395 651 1564 691 annos
1605 637 1789 692 civiles

197 729 484 783 Romanos
520 727 590 782 ab
634 726 779 783 Urbe
804 727 1041 782 condita.
1071 725 1203 781 Cum
1236 741 1365 781 vero
1403 742 1666 781 annorum
1699 742 1791 796 pe-

196 819 345 873 riodi
384 817 613 875 Iuliana:
656 818 917 886 Scaligeri
968 818 1042 872 sit
1083 818 1364 872 exordium
1411 817 1663 872 Kalendis
1701 816 1793 873 Ja-

196 908 411 974 nuarii,
440 925 537 965 seu
560 910 673 965 veri
701 918 822 980 post
849 908 1079 964 Caesaris
1105 909 1520 974 ordinationem,
1549 925 1642 965 seu
1669 926 1793 981 pro-

196 996 391 1068 leptici
419 1008 547 1054 ante
584 999 890 1053 ordinatum
920 1014 950 1053 a
984 996 1125 1053 Julio
1147 999 1360 1053 Caesare
1388 998 1788 1064 Kalendarum;

196 1104 474 1145 annorum
520 1105 653 1145 vero
696 1091 761 1146 ab
801 1090 943 1145 Urbe
982 1090 1196 1145 condita
1245 1088 1360 1145 dies
1402 1089 1654 1159 princeps
1691 1090 1791 1155 sit,

198 1196 329 1250 qua:
353 1180 481 1236 festi
519 1180 764 1236 Palilium
803 1178 976 1234 fuerat
1007 1179 1285 1244 Romanis,
1329 1194 1500 1249 eaque
1532 1180 1584 1234 in
1615 1178 1795 1235 calen-

198 1271 362 1325 dario
394 1270 626 1325 Cmsaris
664 1270 970 1338 assignetur
995 1284 1049 1321 χι
1079 1268 1197 1321 Kal.
1228 1267 1384 1331 Maii;
1418 1268 1791 1337 consequitur,

198 1373 265 1417 ut
300 1377 433 1432 pars
477 1362 604 1415 anni
648 1360 853 1431 periodi
896 1360 1124 1414 Iuliana:
1167 1374 1232 1412 ex
1268 1361 1292 1413 1
1332 1357 1577 1413 Januarii
1623 1360 1688 1413 ad
1724 1360 1787 1413 21

196 1448 431 1525 Aprilis,
480 1460 685 1522 spectet
736 1453 803 1505 ad
854 1450 1230 1521 complendum
1282 1465 1484 1505 annum
1536 1452 1605 1505 ab
1652 1450 1796 1507 Urbe

200 1546 451 1609 condita,
496 1553 551 1599 et
593 1558 660 1597 ex
688 1544 754 1597 21
785 1542 983 1612 Aprilis
1028 1542 1269 1610 ejusdem
1297 1538 1521 1611 periodi'
1547 1541 1793 1609 Julianze,

200 1646 554 1707 computetur
592 1651 761 1691 novus
803 1649 998 1698 annus,
1045 1633 1195 1688 illum
1233 1633 1560 1702 completum
1606 1649 1801 1689 conse-

1888 562 2107 603 accessu
2152 564 2341 604 eorum
2383 566 2519 619 quos
2558 551 2673 620 ipse
2702 550 2990 623 delegisset
3034 551 3103 606 ad
3152 551 3341 606 eadem
3388 568 3477 607 re-

1890 640 2280 709 cognoscenda,
2305 649 2362 697 et
2388 641 2459 695 ad
2492 641 2730 696 historia:
2758 642 3066 712 prmsidium
3092 642 3471 706 describenda,

1892 728 1945 782 in
2004 737 2116 783 tuto
2161 730 2523 785 collocaretur
2589 730 2849 801 quidquid
2915 730 3125 786 erudita
3180 732 3477 801 antiquitas

1891 818 2047 873 nobis
2093 820 2231 874 seris
2266 820 2497 889 posteris
2536 821 2610 875 ita
2656 822 2972 875 reservavit.
3012 821 3223 877 Placuit
3264 820 3471 877 beneﬁ-

1892 908 2202 963 centissimo
2229 909 2375 963 Patri
2407 909 2459 963 id
2498 909 2738 964 muneris
2766 910 3014 965 tenuitati
3043 926 3176 967 mea:
3202 910 3476 976 conferre,

1894 1000 2174 1070 proposito
2204 1015 2302 1070 per
2348 1000 2685 1055 eminentiss.
2718 1001 2864 1056 card.
2910 1000 3187 1072 Spiuulam
3231 1016 3479 1057 camera-

1892 1089 2034 1145 rium
2079 1090 2256 1145 edicto
2295 1091 2642 1160 providenter
2683 1090 3060 1156 confirmante,
3093 1101 3275 1148 vetera
3321 1091 3473 1161 iussa

1892 1179 2205 1249 pontificum
2229 1180 2570 1236 decessorum
2604 1181 2690 1235 die
2719 1182 2789 1235 50
2818 1180 3123 1250 Septembr.
3157 1183 3283 1238 anni
3313 1182 3476 1248 1704,

1893 1271 2238 1339 pontiﬁcatus
2279 1271 2361 1325 sui
2389 1279 2603 1339 quarto.
2637 1271 2741 1325 Per
2768 1272 2867 1326 bos
2890 1272 3078 1341 viginti
3121 1287 3294 1328 annos
3333 1272 3480 1328 dele-

1894 1371 2033 1431 gata:
2072 1362 2204 1415 mihi
2232 1377 2377 1416 cune
2420 1372 2528 1415 tum
2557 1348 2814 1417 naturalis
2842 1363 3137 1418 sollicitudo
3183 1364 3264 1435 (ut
3301 1365 3476 1420 Fron-

1899 1450 2040 1504 tinus
2067 1450 2445 1519 experiebatur
2470 1452 2521 1505 in
2551 1452 2841 1508 commisso
2867 1452 2968 1507 sibi
2997 1469 3222 1509 munere
3247 1470 3277 1508 a
3302 1455 3475 1510 Nerva

1894 1542 2159 1611 principe,
2185 1558 2345 1612 quem
2383 1542 2606 1614 ambigit
2641 1560 2769 1597 num
2800 1544 3031 1613 appellet
3071 1545 3476 1615 diligentiorem,

1895 1651 1966 1688 an
1998 1636 2341 1688 amantiorem
2378 1634 2697 1706 reipublicte)
2737 1644 2848 1689 tum
2876 1636 3007 1703 ﬁdes
3052 1636 3235 1690 sedula
3269 1653 3373 1691 non
3400 1637 3471 1691 ad

202 1746 384 1799 quens
412 1730 466 1783 in
494 1728 635 1782 serie
668 1728 923 1798 temporis
960 1726 1028 1780 ab
1060 1726 1205 1781 Urbe
1250 1727 1486 1782 condita.
1530 1726 1795 1794 Quocirca
1842 1712 1843 1717 “
1897 1723 2221 1794 diligentiam
2260 1725 2438 1788 modo,
2485 1742 2663 1779 verum
2699 1725 2768 1779 ad
2809 1742 3040 1780 amorem
3088 1742 3290 1796 quoque
3338 1742 3481 1781 com-

203 1820 405 1889 duplex
442 1835 700 1874 numerus
742 1834 916 1874 annos
959 1817 1198 1889 singulos
1246 1816 1410 1873 allicit
1453 1819 1554 1873 hac
1600 1818 1654 1873 in
1704 1833 1797 1873 co~
1829 1801 1876 1860 Β
1902 1814 2076 1868 misul:
2116 1814 2190 1867 rei
2219 1830 2301 1868 me
2337 1815 2455 1867 cum
2501 1814 2896 1884 instigaverint;
2938 1824 3203 1884 quotquot
3239 1823 3481 1871 vetustos

204 1910 421 1975 lumna,
446 1926 586 1963 unus
620 1909 895 1977 pertinens
934 1907 1003 1961 ad
1043 1922 1243 1962 annum
1274 1907 1651 1976 complendum
1679 1917 1800 1961 ante

206 1999 433 2063 Palilia,
463 1999 602 2055 alter
627 2000 695 2053 ad
725 2014 922 2053 novum
948 1998 1406 2052 denominandum
1434 2008 1550 2068 post
1576 1995 1798 2062 Palilia,

203 2093 285 2145 uti
322 2090 397 2145 ad
443 2089 683 2161 singulas
727 2089 953 2159 paginas
1003 2087 1243 2143 ostendit
1292 2087 1483 2143 titulus
1528 2087 1584 2143 in
1623 2087 1801 2143 fronte

202 2182 491 2253 praeﬁxus.

278 2274 432 2328 Intra
480 2273 643 2327 hasce
690 2271 865 2328 series
913 2271 1238 2341 epocharum
1284 2271 1539 2342 utrinque
1576 2271 1803 2326 descen-

205 2365 461 2420 dentium
506 2364 751 2434 procedit
791 2363 989 2420 ductus
1030 2362 1295 2417 columnae
1328 2363 1624 2432 amplioris,
1658 2363 1799 2418 indi-

205 2471 347 2510 cans
374 2455 696 2509 documenta
735 2453 1005 2524 praecipua
1042 2452 1297 2522 temporis
1337 2454 1405 2508 ad
1429 2454 1679 2508 eumdem
1709 2470 1804 2508 an—

206 2563 344 2602 num
371 2546 720 2615 pertinentis,
757 2562 827 2600 ex
868 2545 1276 2615 magistratibus
1303 2544 1669 2600 Romanorum
1711 2560 1805 2614 pu-

209 2638 362 2692 blica
388 2637 711 2692 auctoritate
735 2651 935 2690 annum
966 2636 1324 2707 signantibus,
1353 2634 1649 2702 cuiusmodi
1678 2644 1804 2689 sunt

209 2727 494 2792 consules,
538 2735 595 2781 et
632 2727 1009 2797 imperatores.
1061 2726 1353 2781 Consulum
1400 2727 1800 2781 ordinariorum

209 2835 552 2890 praenomen,
582 2834 799 2885 nomen,
830 2828 884 2873 et
912 2828 1327 2889 cognomentum
1361 2817 1587 2872 reddere
1620 2818 1800 2872 conati

212 2923 348 2968 sunt
380 2914 583 2984 plures,
611 2913 705 2984 qui
735 2912 791 2966 in
836 2911 1013 2966 Fastis
1041 2918 1284 2966 correcte
1323 2908 1644 2963 exhibendis
1673 2924 1803 2979 ope-

214 3019 338 3058 ram
388 3002 752 3058 contulerunt.
785 3000 885 3068 Qui
917 3000 1328 3070 Cuspinianum,
1356 3000 1657 3069 Sigonium,
1689 2998 1801 3052 Ma-

213 3095 454 3159 nutium,
485 3093 826 3157 Panvinium,
859 3092 1133 3161 Pigliium,
1167 3091 1480 3153 Gruterum,
1503 3089 1800 3154 Coltzium,

1899 1905 2108 1975 lapides
2152 1904 2312 1961 ell‘odi
2362 1906 2592 1976 contigit
2636 1905 2823 1976 (fuere
2872 1917 3052 1960 autem
3092 1906 3339 1978 plurimi)
3387 1916 3481 1961 aut

1900 2010 2167 2059 nummos,
2221 1995 2582 2066 chronologire
2626 1996 2926 2051 consularis
2970 2003 3025 2051 et
3088 1998 3347 2052 Caesarea:
3393 2011 3483 2050 ra-

1901 2085 2076 2140 tiones
2126 2086 2564 2155 comprobantes,
2612 2095 2706 2140 aut
2756 2086 3107 2157 corrigentes,
3162 2085 3287 2140 huic
3330 2084 3482 2156 operi

1902 2178 2195 2233 reservavi.
2225 2178 2280 2232 lu
2316 2180 2415 2233 hac
2448 2179 2610 2249 igitur
2640 2179 2913 2243 columna,
2943 2180 3033 2235 ubi
3070 2180 3351 2235 consulum
3384 2193 3485 2233 no—

1901 2270 2047 2323 mina
2092 2284 2215 2323 cum
2283 2270 2703 2339 praanominibus
2747 2279 2803 2323 et
2856 2271 3226 2341 cognomentis
3275 2270 3493 2338 integre-

1903 2362 2251 2425 exhibeutur,
2280 2360 2494 2429 quando
2520 2369 2670 2415 certo
2698 2360 2849 2416 nosci
2878 2370 3187 2430 potuerunt,
3217 2361 3479 2416 asterisco

1902 2452 2136 2506 indicata
2166 2451 2403 2520 reperies
2436 2451 2503 2505 ad
2532 2466 2705 2506 annos
2731 2451 2974 2521 singulos
3004 2451 3143 2515 loca,
3193 2452 3245 2505 in
3287 2451 3483 2520 quibus

1903 2541 2089 2597 eadem
2116 2541 2341 2611 collegia
2371 2540 2674 2605 consulum,
2706 2541 2790 2595 vel
2836 2542 2888 2595 in
2934 2541 3284 2610 praenomine,
3313 2541 3397 2595 vel
3429 2541 3483 2595 in

1903 2633 2141 2697 nomine,
2172 2642 2263 2686 aut
2293 2642 2651 2701 cognomento
2677 2633 2969 2697 reddendo,
3000 2648 3068 2687 ex
3104 2642 3266 2687 certae
3292 2641 3481 2688 aucto-

1903 2723 2081 2777 ritatis
2129 2723 2496 2777 monumentis
2561 2722 2907 2792 corriguntur
2957 2733 3219 2790 quantum
3269 2723 3482 2792 assequi

1902 2813 2049 2882 potui
2079 2813 2181 2866 hoc
2206 2811 2476 2875 viceuuio,
2500 2825 2565 2864 ex
2606 2826 2712 2879 quo
2734 2811 3055 2866 demandata
3084 2811 3217 2865 mihi
3244 2811 3345 2865 fuit
3370 2813 3485 2866 lucc

1902 2905 2177 2974 provincia
2221 2904 2640 2974 recognoscendi
2689 2912 2745 2959 et
2792 2904 3161 2973 praeservandi
3210 2905 3278 2958 ad
3327 2920 3481 2958 usum

1903 3010 2071 3051 sacra:
2100 3005 2156 3049 et
2188 2996 2429 3066 profana:
2457 2995 2696 3050 historia:
2723 2995 2965 3064 pretiosa
2996 2996 3112 3049 hmo
3138 2995 3482 3049 documenta.

1906 3087 1966 3141 In
1997 3087 2220 3157 singulis
2245 3087 2485 3157 collegiis
2514 3087 2795 3141 consulum
2823 3096 2917 3140 aut
2945 3086 3222 3141 laterculis
3247 3087 3486 3141 indicare

215 3187 463 3255 aliosque
496 3184 790 3256 superioris
830 3183 1011 3239 saeculi
1052 3191 1301 3237 auctores
1348 3190 1635 3243 noverunt,
1678 3196 1798 3236 mo—
1832 3148 1877 3210 Ο
1908 3180 2110 3250 placuit
2134 3180 2511 3235 auctoritatem
2539 3178 2849 3233 documenti
2874 3178 3017 3233 unde
3041 3177 3482 3246 comprobantur.

212 3276 382 3332 nendi
429 3290 534 3330 non
582 3284 736 3339 sunt,
775 3281 1036 3342 quantum
1068 3280 1373 3340 superesset
1417 3270 1484 3323 ad
1515 3269 1797 3339 perlicien-

211 3366 367 3429 dum,
409 3373 532 3433 post
574 3364 865 3418 exhaustos
909 3369 987 3417 tot
1021 3362 1260 3415 virorum
1300 3359 1673 3429 prrestantium
1718 3359 1799 3413 la-

210 3452 397 3508 bores.
427 3452 696 3520 Quantum
742 3453 1111 3522 promoverint
1148 3449 1550 3518 chronologiam
1593 3464 1797 3504 consu-

213 3547 387 3601 larem
428 3546 531 3600 viri
560 3547 735 3601 aetatis
778 3554 976 3600 nostra:
1005 3543 1325 3609 doctissimi,
1355 3542 1674 3598 ministratis
1700 3544 1796 3598 do-

215 3639 491 3694 cumentis
521 3636 775 3707 lapidum,
817 3644 873 3692 et
906 3650 1246 3691 nummorum
1278 3634 1510 3689 feliciter
1550 3634 1796 3699 detectis,

215 3729 284 3783 ab
340 3728 517 3797 iisque
565 3728 851 3797 diligenter
893 3727 1139 3792 collatis,
1188 3736 1244 3783 et
1284 3729 1601 3798 explicatis,
1642 3730 1800 3785 unica

212 3819 448 3891 epistola
480 3819 779 3873 consularis
809 3818 1006 3873 Norisii
1037 3820 1205 3874 nostri
1250 3820 1317 3874 ad
1347 3820 1615 3876 celebrem
1642 3822 1803 3877 chro-

216 3911 475 3982 nologum
518 3909 738 3980 Pagium
779 3908 1078 3963 luculenter
1103 3911 1298 3965 docere
1337 3921 1554 3980 potest:
1580 3913 1667 3968 cui
1709 3912 1803 3966 Al-

215 4001 556 4057 melovenius
580 4010 634 4055 et
657 3998 928 4055 Relandus
952 4000 1209 4069 praeclara
1234 4002 1595 4057 additamenta
1628 4020 1801 4072 nuper

216 4089 507 4161 impressis
553 4088 839 4144 Fastorum
886 4104 1105 4144 suorum
1150 4090 1515 4145 voluminibus
1562 4092 1806 4147 contule-

218 4194 366 4238 runt.
392 4182 451 4236 In
479 4181 724 4238 Caesarea
752 4196 882 4237 vero
903 4181 1248 4251 chronologia
1281 4185 1647 4252 componenda
1681 4201 1801 4240 cum

220 4272 531 4338 consulari,
577 4280 836 4341 quantum
883 4280 1005 4342 post
1042 4271 1309 4328 Occonem
1358 4274 1701 4329 desudaverit
1740 4274 1799 4330 C.

220 4363 623 4426 Mediaburbus,
653 4370 882 4417 testatur
914 4377 1049 4432 opus
1086 4364 1363 4433 egregium
1406 4361 1801 4419 Numismatum

224 4455 291 4509 ab
321 4468 393 4507 eo
424 4453 758 4521 praemissum
788 4451 1008 4506 editioni
1046 4451 1353 4515 Fastorum,
1385 4467 1546 4521 quam
1572 4454 1802 4509 medita-

222 4546 407 4601 batur.
431 4543 511 4598 Ne
548 4552 725 4598 autem
753 4544 994 4599 eamdem
1032 4544 1335 4613 perliceret,
1362 4545 1620 4600 obstitere
1646 4546 1806 4601 dubia

224 4636 525 4706 complura,
568 4637 621 4690 in
662 4635 967 4689 nominibus
995 4634 1273 4688 consulum
1322 4635 1618 4703 praesertim
1669 4652 1804 4691 nou-

226 4729 353 4783 dum
384 4727 574 4789 soluta,
605 4727 815 4782 defectu
849 4727 1314 4791 documentorum,
1347 4740 1465 4795 quae
1492 4737 1643 4781 certa
1686 4728 1806 4783 red-

226 4819 420 4873 derent
447 4818 749 4872 testimonia
775 4818 1037 4873 veritatis.

296 4911 441 4967 Huic
480 4921 675 4981 spartae
713 4912 1036 4967 adornanda;
1074 4911 1303 4982 apellam
1345 4920 1399 4966 ct
1444 4928 1544 4967 nos
1574 4912 1806 4967 contuli-

228 5018 351 5058 mus
407 5004 511 5057 bac
573 5004 626 5057 in
680 5004 946 5058 columna.
1002 5003 1138 5060 Cum
1189 5003 1332 5057 enim
1386 5002 1674 5059 Clementis
1737 5003 1807 5059 XI

227 5102 445 5147 aeternae
472 5093 744 5147 memoria!
772 5093 1042 5162 pontiﬁcis
1067 5093 1301 5147 studium
1330 5108 1391 5147 ac
1420 5092 1570 5147 favor
1602 5094 1652 5148 in
1683 5108 1809 5162 pro-

230 5182 511 5237 movendis
543 5182 860 5251 disciplinis,
891 5183 1080 5252 bisque
1106 5183 1430 5252 praesertim,
1461 5198 1580 5251 quae
1615 5198 1682 5237 cx
1714 5198 1811 5253 ge-

228 5274 395 5327 nuina
421 5272 743 5341 antiquitate
768 5272 1005 5328 subsidia
1040 5272 1325 5327 conferunt
1356 5280 1502 5326 certa
1529 5273 1594 5327 ad
1637 5272 1808 5329 histo-

230 5367 366 5420 riam
409 5366 663 5422 Ecclesize
707 5366 1134 5431 dilucidandam,
1178 5375 1518 5436 perspectum
1558 5367 1799 5433 haberet,

230 5470 261 5508 e
305 5455 563 5510 Romanis
603 5458 964 5511 monumentis
1011 5458 1160 5511 ferax
1206 5457 1259 5510 in
1304 5457 1419 5511 dies
1461 5472 1805 5515 succrescere

232 5546 565 5618 spicilegium
590 5548 657 5601 ad
684 5555 922 5602 veterum
960 5560 1185 5609 messem
1212 5562 1317 5600 non
1350 5548 1665 5615 spernendis
1692 5564 1806 5603 ma-

235 5637 431 5707 nipulis
456 5638 857 5699 cumulandam,
889 5640 1032 5693 cavit
1064 5655 1131 5693 ne
1166 5638 1333 5693 incisa
1371 5638 1562 5693 litteris
1597 5648 1804 5695 vetusta

236 5740 505 5782 marmora
533 5728 689 5794 intra,
716 5728 798 5783 vel
826 5737 976 5782 extra
1010 5728 1205 5784 Urbem
1238 5728 1354 5783 loco
1379 5739 1723 5784 moverentur
1753 5731 1806 5784 in

1834 4498 1884 4557 D

1900 3269 2055 3325 Licet
2103 3279 2285 3324 autem
2345 3269 2745 3324 Almelovenius
2793 3276 2848 3323 et
2895 3268 3169 3325 Relaudus
3218 3270 3323 3325 hoc
3367 3272 3486 3340 ipso

1898 3370 2144 3431 tempore
2188 3362 2440 3432 pleraque
2466 3378 2533 3415 ex
2571 3360 2660 3416 his
2694 3363 3060 3417 monumentis
3102 3371 3352 3417 recenter
3394 3364 3486 3416 de-

1902 3458 2060 3511 tectis
2092 3456 2420 3526 acceperint,
2444 3465 2500 3509 et
2524 3456 2737 3526 publico
2764 3455 3065 3510 litterarum
3094 3455 3213 3509 usui
3247 3456 3481 3525 plurima

1902 3560 2025 3601 cum
2071 3546 2227 3600 laude
2267 3547 2621 3616 protulerint,
2666 3554 2903 3600 attamen
2950 3546 3020 3600 ab
3061 3546 3299 3615 incmpto
3345 3546 3487 3601 desi-

1904 3637 2151 3691 stendum
2185 3637 2314 3691 mihi
2362 3652 2467 3692 non
2501 3653 2622 3692 esse
2659 3635 2901 3705 iudicavi
2928 3654 2941 3690 :
2970 3637 3055 3691 cui
3092 3638 3143 3691 in
3178 3637 3352 3692 Fastis
3396 3653 3484 3691 se-

1902 3728 2136 3796 paratim
2164 3728 2389 3782 edendis
2423 3727 2490 3798 (si
2520 3729 2691 3781 otium
2722 3734 2776 3781 et
2816 3725 3125 3781 facultatem
3168 3726 3311 3781 Deus
3351 3742 3484 3781 cou-

1905 3821 2150 3889 cesserit)
2178 3820 2454 3890 complura
2498 3829 2778 3891 congesta,
2810 3834 2877 3874 ex
2908 3818 3141 3873 nummis
3187 3819 3484 3889 prmsertim

1904 3918 1959 3965 et
1997 3910 2263 3979 lapidibus
2286 3912 2518 3979 epocltas
2543 3910 2974 3979 prtefereutibus,
3003 3920 3058 3965 et
3088 3927 3152 3965 ex
3176 3914 3487 3968 caelestibus

1906 4000 2210 4055 observatis
2244 4008 2567 4070 suppetunt,
2598 4017 2816 4055 usuram
2857 4002 3112 4071 plenioris
3153 4004 3288 4058 lucis
3334 4021 3486 4074 repa-

1882 4094 2102 4148 rationi
2131 4102 2429 4162 temporum
2458 4093 2791 4161 pnestitura.

1977 4185 2145 4256 Hujus
2196 4183 2436 4254 lapidarii
2487 4183 2831 4239 additamenti
2877 4184 3047 4238 nostri
3093 4185 3159 4238 ad
3203 4183 3484 4239 Fastorum

1907 4277 2294 4347 castigatorqu
2360 4274 2733 4330 auctoritatem
2810 4275 3082 4346 specimen
3127 4276 3342 4331 unicum
3390 4292 3486 4332 ex-

1907 4368 2096 4423 hibere
2117 4374 2404 4422 contentus
2426 4381 2521 4421 ero
2547 4384 2560 4420 :
2582 4381 2775 4437 nempe
2800 4367 3055 4421 ineditam
3081 4366 3482 4438 inscriptionem

1911 4475 2227 4515 marmorem
2258 4459 2472 4525 tabulae,
2506 4458 2559 4513 in
2588 4460 2791 4514 Antiati
2822 4460 3005 4515 littore
3034 4476 3156 4515 cum
3185 4460 3303 4515 aliis
3332 4462 3484 4514 nobi-

1913 4551 2053 4605 libus
2082 4549 2365 4604 ruderibus
2398 4558 2617 4619 egestte,
2648 4565 2776 4604 cura
2804 4558 2858 4603 et
2884 4550 3139 4619 impensis
3163 4551 3485 4604 eminentis-

1913 4642 2035 4695 simi
2065 4640 2321 4710 principis
2356 4639 2641 4693 Alexandri
2686 4639 2973 4693 cardinalis
3024 4639 3236 4704 Albani,
3264 4640 3354 4709 qui
3391 4640 3485 4693 do-

1913 4729 2136 4785 ctissimi
2177 4730 2350 4797 patrui
2397 4728 2687 4782 Clementis
2711 4727 2779 4781 XI
2808 4729 3187 4783 adhortatione
3214 4737 3267 4781 et
3301 4742 3485 4782 exem-

1911 4821 2017 4890 plo,
2052 4820 2267 4874 tutelam
2292 4819 2515 4874 erudita:
2542 4819 2879 4887 antiquitatis
2904 4826 2957 4873 et
2985 4818 3338 4885 patrocinium
3355 4832 3477 4873 sus-

1912 4910 2074 4980 cepit.
2116 4911 2170 4963 ln
2210 4909 2296 4963 illa
2340 4923 2643 4963 marmorea
2683 4907 2863 4962 tabula
2902 4906 3135 4960 incisum
3161 4906 3356 4975 legitur
3376 4904 3485 4962 fra-

1910 5011 2183 5073 gmentum
2214 5001 2519 5057 Kalendarii
2549 4999 2767 5063 Juliani,
2794 4996 3133 5066 complexum
3160 5006 3480 5055 semestrem

1908 5094 2260 5162 posteriorem
2307 5092 2432 5145 anni
2473 5106 2505 5144 a
2560 5089 2814 5145 Kalendis
2860 5087 3006 5152 Julii,
3060 5104 3165 5143 non
3222 5088 3485 5144 dissimile

1908 5185 2244 5239 Farnesiano
2274 5185 2325 5237 in
2357 5184 2552 5237 litteris
2582 5182 2716 5252 cycli
2749 5182 2974 5246 lunaris,
3022 5182 3247 5252 singulis
3290 5183 3482 5239 diebus

1908 5275 2216 5345 assignatis,
2248 5283 2301 5328 et
2331 5273 2384 5327 in
2407 5273 2526 5327 aliis
2554 5273 2760 5327 dierum
2784 5272 3073 5343 adjunctis,
3105 5273 3237 5328 satis
3266 5276 3486 5344 exposi-

1913 5365 1982 5419 tis
2004 5366 2055 5419 in
2073 5375 2254 5419 nostra
2281 5364 2660 5419 dissertatione
2671 5364 2737 5418 de
2761 5363 2924 5436 Cyclo
2945 5376 2999 5419 et
3027 5364 3346 5421 Kalcndario
3369 5365 3487 5422 Cae-

1912 5460 2051 5512 saris
2076 5475 2087 5509 :
2112 5466 2325 5510 auctum
2351 5470 2478 5510 vero
2494 5456 2546 5510 in
2569 5457 2672 5511 hoc
2693 5472 2963 5512 marmore
2978 5456 3217 5527 pluribus
3239 5458 3482 5526 epochis,

1912 5546 2201 5601 illustriora
2230 5554 2379 5613 gesta
2405 5546 2641 5616 ejusdem
2663 5546 2893 5601 Caesaris
2920 5555 2973 5601 et
3004 5547 3245 5616 Augusti,
3271 5561 3483 5600 coruin-

1913 5654 2018 5707 que
2052 5639 2351 5708 principum
2385 5638 2616 5703 l'atnilim,
2645 5639 2710 5692 ad
2739 5648 2917 5694 certos
2950 5638 3064 5691 dies
3102 5635 3477 5703 referentibus,

1917 5732 1969 5784 in
1999 5730 2191 5800 quibus
2219 5738 2270 5783 et
2298 5731 2436 5784 diem
2478 5732 2712 5785 victorite
2762 5730 3105 5795 Pharsalica},
3140 5745 3167 5783 ν
3199 5730 3319 5783 llus
3367 5730 3479 5781 Au-~
