3918 6316
550 321 651 380 594

1286 326 1838 381 ΑυΑΜδίΑδιυΜ
1877 322 2384 381 ιιιιοιιῐςοοΜΕΝΑ
2425 322 2599 383 ΕΒΙΤ.
2642 326 3063 389 Ἀθη-νῆις.

550 432 693 505 gusti
712 432 972 489 hactenus
998 431 1294 503 ignoratam
1323 447 1339 488 :
1370 443 1444 499 et,
1473 436 1713 504 qnodad
1742 450 1852 489 rem
1884 445 2121 490 nostram
2153 443 2198 499 Α
2227 438 2348 493 dent
2385 439 2540 495 linea:
2563 443 2687 496 anni
2721 442 2948 498 Romani
2977 440 3150 503 civilis
3180 448 3464 503 terminum
3495 450 3748 512 indicantes

550 525 991 596 chronologicam
1024 513 1318 596 iustosque
1350 528 1683 583 consulares
1711 537 1823 583 tum
1880 543 2126 597 compro-

551 615 784 680 bandos,
817 625 929 669 tum
973 616 1344 686 castigatiores
1385 618 1719 673 exhibendas
1744 614 1977 680 confert,
1999 633 2126 672 ron-

553 708 735 765 tinens
764 717 971 777 septem
998 708 1221 780 collegia
1272 709 1554 765 consulum
1582 709 1685 765 sub
1710 709 2127 778 imperatoribus

556 796 801 861 Tiberio,
839 799 919 853 C..
957 799 1194 870 Caligula
1220 812 1275 856 et
1320 801 1560 855 Claudio.
1624 800 1772 856 Dabo
1804 800 1961 870 hujus
1989 814 2130 870 pras-

554 888 874 943 stantissimi
902 889 1185 960 fragmenti
1216 890 1424 945 ﬁdelem
1452 901 1635 962 typum
1656 890 1710 944 in
1753 889 1858 945 ﬁne
1899 890 2127 946 istorum

555 976 1084 1050 Prolegomenorum;
1132 989 1184 1036 et
1214 982 1501 1036 reservabo
1526 982 2045 1051 interpretationem,
2073 990 2128 1036 et

554 1077 734 1133 notas,
757 1084 891 1139 quas
931 1070 1135 1124 attexui
1165 1071 1232 1123 ad
1280 1070 1601 1124 uberiorem
1624 1071 1742 1138 ejus
1793 1073 2125 1127 monumenti

542 1158 992 1224 .illustrationem,
1020 1160 1103 1213 vel
1134 1160 1352 1214 editioni
1382 1159 1689 1225 Fastorum,
1713 1160 1797 1216 vel
1843 1161 2119 1219 AnaleCtis

556 1252 907 1321 Antiquitatis
935 1251 1164 1306 inedita}.

544 1372 549 1375 μ
627 1343 849 1397 Cicteris
874 1357 1086 1412 quoque
1120 1342 1535 1398 indicationibus
1581 1344 1977 1408 astronomicis,
2008 1359 2126 1398 cer-

556 1441 670 1486 tant
702 1433 829 1486 anni
857 1433 1037 1487 sedem
1065 1432 1315 1502 diemque
1342 1449 1446 1487 non
1471 1434 1648 1487 minus
1667 1435 1944 1488 evidenter
1967 1450 2125 1504 quam

557 1522 991 1576 hocce.marmor
1040 1523 1563 1585 demonstrantibus,
1613 1539 1802 1578 carere
1845 1539 1950 1578 non
1978 1524 2120 1579 volui

561 1608 962 1682 Prolegomcnis
1015 1610 1279 1665 adnexum
1344 1611 1676 1667 Breviarium
1733 1612 2127 1683 ChronOIOgiae,

559 1700 680 1756 huic
717 1711 860 1756 tonio
888 1701 1205 1767 inserviens,
1233 1716 1262 1753 a
1299 1700 1438 1755 Julio
1467 1702 1677 1756 Caesare
1703 1704 1768 1756 ad
1794 1703 1954 1757 ﬁnem
1994 1704 2130 1757 Viue

555 1789 702 1844 beati
748 1790 991 1853 Silvestri
1020 1804 1189 1859 papae.
1247 1790 1484 1859 Eclipses
1526 1791 1686 1860 igitur
1725 1790 1853 1847 solis
1900 1808 1963 1846 ac
1992 1792 2131 1845 lunae
2160 1785 2209 1845 B

557 1889 793 1948 quatuor
818 1879 975 1951 hisee
1007 1880 1216 1934 saeculis
1238 1880 1572 1944 observatas,
1621 1892 1675 1934 et
1701 1896 1733 1935 a
1770 1881 2130 1951 scriptoribus

557 1966 750 2023 litteris
797 1969 1163 2040 consignatas,
1232 1971 1537 2032 connotavi,
1593 1971 1646 2023 in
1702 1972 1891 2024 iisdem
1935 1970 2131 2024 tabulis

557 2058 952 2129 chronologicis
980 2072 1081 2128 per
1096 2060 1224 2114 solis
1250 2070 1565 2115 consuetum
1594 2061 1806 2131 signum
1830 2057 1910 2132 ©
1927 2102 1941 2125 ,
1970 2062 2017 2115 si
2044 2076 2131 2114 so-

555 2150 700 2206 lares
722 2160 866 2216 sunt;
906 2159 999 2206 aut
1022 2167 1118 2221 per
1145 2151 1366 2207 alterius
1394 2151 1675 2208 luminaris
1695 2153 1949 2207 indicium
1974 2151 2059 2232 μζ,
2083 2152 2127 2206 si

555 2249 684 2297 sunt
728 2241 961 2311 lunares.
1022 2241 1121 2297 Ubi
1152 2243 1265 2299 lucc
1314 2243 1469 2312 signa
1516 2255 1826 2311 occurrunt,
1858 2246 1905 2300 is
1953 2261 2128 2299 annus
2210 2282 2213 2285 η

554 2331 778 2403 ejusque
805 2333 978 2397 sedes,
1009 2348 1104 2388 seu
1124 2350 1154 2386 a
1185 2336 1436 2403 prtesenti
1460 2351 1601 2391 anno
1615 2338 1890 2402 distantia,
1914 2337 2130 2408 eclipsis

555 2422 810 2493 phasibus
833 2424 1235 2494 comprobatur,
1259 2440 1487 2493 quantm
1532 2426 1769 2482 calculos
1799 2428 2127 2497 respondere

556 2515 752 2571 tabulis
801 2529 869 2570 ex
903 2532 1058 2587 aequo
1100 2533 1164 2573 ac
1208 2518 1674 2575 observationibus
1711 2520 2023 2574 demonstro
2065 2518 2121 2571 in

553 2604 813 2673 opusculo
838 2605 903 2658 de
926 2604 1291 2675 Reparatioue-
1314 2606 1645 2677 Temporum.
1696 2608 1840 2664 inter
1865 2611 1963 2663 bas
1988 2607 2125 2662 ecli-

553 2710 677 2765 pses
712 2696 971 2765 insignes,
996 2698 1306 2753 nonnullas
1341 2715 1369 2751 a
1391 2700 1732 2771 chronologis
1757 2716 1861 2754 non
1890 2712 2129 2771 repertas

554 2785 739 2840 videre
777 2786 922 2850 licet,
951 2795 1007 2840 nt
1039 2787 1105 2841 ad
1126 2803 1326 2843 annum
1355 2789 1421 2842 t5
1445 2805 1568 2844 cene
1594 2792 1934 2845 Christian-te.

626 2865 765 2930 Huic
811 2891 938 2931 vero
1000 2877 1445 2932 dcmonstrationi
1500 2888 1799 2948 temporum
1854 2878 2128 2935 constabi-

556 2963 765 3029 iiendze,
797 2965 1151 3020 beneﬁcentia
1179 2968 1503 3022 sanctissimi
1536 2967 1735 3034 Patris,
1762 2977 1817 3023 et
1850 2983 2122 3038 nunquam

555 3055 690 3109 satis
712 3054 913 3112 laudati
944 3057 1202 3126 principis
1237 3056 1526 3112 Clementis
1557 3059 1625 3113 XI
1660 3062 1907 3128 przesidia
1937 3071 2128 3116 contn-

555 3145 616 3198 lit
642 3163 655 3198 :
689 3161 810 3200 cum
838 3146 1068 3211 scilicet,
1105 3149 1340 3204 excitato
1381 3154 1482 3204 sub
1526 3152 1734 3206 initium
1762 3156 1994 3225 suscepti
2022 3155 2127 3210 Ec-
2157 3132 2202 3192 θ

555 3232 733 3289 clesiaa
761 3235 1034 3304 regiminis
1053 3252 1322 3307 guonione
1343 3241 1726 3305 astronomico,
1750 3243 1816 3295 ad
1842 3259 1997 3297 usmn
2021 3243 2097 3297 lia
2113 3274 2126 3284 -

556 3323 780 3379 lendarii
829 3330 1215 3383 constructoin
1266 3329 1514 3386 Thermis
1545 3332 1876 3397 Diocletiani,
1924 3335 1975 3387 in
2021 3351 2128 3403 quo

555 3430 678 3470 cum
730 3417 932 3485 posteri
985 3417 1327 3473 luminarium
1383 3430 1559 3477 motus
1601 3422 2127 3491 ditigentissime‘ex-

554 3505 769 3576 plorare
812 3506 1038 3576 possint,
1066 3510 1134 3563 ad
1177 3510 1367 3563 tuenda
1423 3508 1664 3580 Gregorii
1712 3511 1825 3565 Xlll
1858 3512 2126 3567 beneﬁcia

538 3596 909 3671 necessarios;
940 3606 996 3651 ut
1025 3600 1098 3652 rei
1141 3598 1409 3665 Paschali,
1465 3602 1738 3669 poutitieia
1789 3603 2126 3670 providentia

556 3685 934 3753 procurandae,
978 3687 1234 3756 unidqnid
1279 3692 1569 3759 aptandum
1619 3690 1791 3745 fuerat
1829 3702 2128 3761 Opportune

556 3776 908 3844 comparavit;
939 3777 1009 3831 ita
1038 3777 1198 3839 etiam
1229 3779 1584 3851 cbronologim
1615 3781 1969 3857 undequaque
1996 3800 2128 3839 cou-

555 3866 833 3922 ﬁrmandte
862 3879 915 3923 et
942 3870 1272 3937 reparandas,
1316 3871 1568 3927 solidiora
1615 3888 1842 3943 quantine
1892 3875 2125 3931 admini-

558 3955 675 4009 cula
707 3957 1048 4025 providenter
1072 3956 1334 4025 adiunxit.

626 4043 722 4098 His
765 4047 1058 4115 generatim
1109 4049 1441 4116 praemonitis
1469 4051 1534 4106 de
1579 4051 1939 4129 chronologire
1966 4052 2128 4109 docu-

558 4135 760 4190 mentis
795 4136 1015 4207 digestis
1045 4138 1097 4192 iu
1127 4139 1292 4195 hasce
1320 4140 1553 4208 tabulas,
1580 4146 1860 4213 expediam
1895 4145 2128 4213 breviter

556 4225 867 4279 earumdem
903 4226 969 4280 de
1014 4227 1362 4296 dispositione
1415 4246 1503 4295 ea,
1536 4246 1656 4301 quae
1694 4234 1918 4290 dicenda
1942 4249 2129 4305 super-

556 4324 700 4378 sunt,
749 4330 876 4371 usus
901 4326 960 4370 ut
985 4317 1195 4373 illarum
1225 4320 1296 4374 sit
1318 4323 1560 4389 paratior

628 4405 1061 4479 Quinquennium
1122 4408 1248 4462 illud
1305 4417 1605 4481 temporum
1677 4413 2123 4480 Cmsarianorum,

558 4507 684 4567 ante
724 4498 955 4553 turmam
995 4500 1120 4554 anni
1173 4499 1438 4557 Iulianum
1464 4519 1496 4558 a
1530 4505 1802 4559 dictatore
1827 4506 2123 4572 inductam,
2154 4493 2205 4552 D

557 4590 871 4660 requirebat
894 4599 954 4645 ut
984 4590 1176 4647 ductus
1222 4594 1483 4650 columna:
1508 4598 1818 4653 ostenderet
1855 4592 2126 4654 diversum

557 4680 771 4735 initium
797 4682 923 4736 anni
951 4682 1124 4737 civilis
1157 4682 1408 4751 Romani,
1438 4698 1566 4742 tunc
1606 4689 1847 4745 incidens
1872 4689 1925 4744 in
1950 4691 2127 4760 proic-

556 4776 762 4844 pticum
810 4776 1109 4848 regularem
1175 4782 1333 4837 seriei
1392 4783 1770 4855 Scaligerianae
1846 4788 2109 4844 trimestri

555 4864 727 4931 ferme
746 4868 920 4938 spatio
938 4877 1061 4923 ante
1075 4870 1359 4927 solstitium
1383 4873 1645 4940 brumale.
1672 4878 1813 4945 quod
1838 4878 2128 4935 solstitium

556 4960 803 5028 proxime
847 4964 1196 5032 consequitur
1235 4974 1357 5033 post
1397 4969 1512 5022 dies
1548 4980 1755 5039 septem
1795 4981 1959 5041 caput
1998 4974 2128 5029 anni

554 5048 754 5104 Juliani
822 5051 1075 5113 Kalendis
1132 5054 1395 5110 Januarii.
1445 5058 1499 5113 id
1550 5060 1603 5113 in
1648 5076 1713 5115 eo
1758 5064 2128 5132 quinquennio

556 5140 927 5207 praestitimus,
969 5143 1455 5203 intercurrentibus
1493 5151 1558 5204 ad
1584 5166 1705 5206 eam
1755 5161 2128 5222 tempestatem

556 5226 739 5291 lineis,
769 5242 887 5295 qum
912 5245 1080 5295 annos
1105 5233 1289 5289 civiles
1336 5236 1695 5293 lintnanorum
1720 5243 1789 5296 ab
1836 5242 1977 5299 Urbe
2000 5260 2130 5299 con-

556 5314 664 5367 dita
699 5315 752 5368 in
777 5314 1033 5373 Palilibus
1055 5320 1351 5391 completos
1378 5335 1436 5381 et
1462 5341 1529 5381 ex
1564 5328 1818 5386 Palilibus
1843 5343 2129 5390 renovatus

555 5404 864 5459 ostendunt.

628 5492 906 5564 Completo
933 5504 1112 5551 autem
1151 5499 1519 5571 quinquennio
1558 5522 1656 5577 per
1679 5524 1874 5567 annum
1926 5510 2127 5581 Confu-

556 5584 718 5637 sionis
747 5584 971 5651 dictum,
1006 5588 1059 5641 in
1095 5604 1200 5658 quo
1231 5607 1399 5647 novus
1427 5595 1601 5650 civilis
1628 5597 1852 5655 Juliana:
1885 5602 2071 5656 fortine
2093 5620 2125 5657 a

559 5672 824 5731 dictatore
853 5677 1008 5734 datus
1032 5688 1117 5735 est
1147 5681 1353 5761 civibus
1382 5684 1656 5755 liontanis,
1691 5694 1976 5760 pariantur
1996 5695 2123 5762 qui-

2230 534 2359 580 tam-
2383 529 2435 583 in
2459 529 2709 585 columna
2749 534 2957 601 periodi
2986 533 3385 607 ‘Scaligerianre
3410 554 3562 608 quam
3601 542 3646 595 ia
3676 561 3746 596 cu-

2225 617 2409 673 lumna
2457 634 2741 675 annorum
2775 621 3142 678 Romanorum
3187 626 3443 680 civilium.
3476 628 3566 683 His
3605 640 3747 691 L'llltt‘n

2224 709 2467 764 adhiberi
2491 712 2745 766 convenit
2771 712 2961 783 duplex
2986 728 3258 776 numerus,
3290 729 3518 784 quorum
3539 720 3666 788 prior
3685 722 3746 774 in-

2224 797 2367 853 dicet
2406 814 2609 854 annum
2663 799 2821 856 Urbis
2875 802 3106 857 conditae
3160 803 3532 873 complendum
3589 810 3742 864 eodem

2225 903 2369 953 anno
2394 889 2558 955 civili,
2588 899 2643 944 et
2683 889 3054 963 Scaligeriano
3082 894 3167 948 die
3198 894 3260 947 21
3301 894 3499 965 Aprilis
3528 898 3575 951 in
3600 896 3745 955 Palili-

2225 978 2345 1043 bus,
2374 981 2511 1036 alter
2536 997 2665 1037 vero
2691 990 2935 1038 numeret
2957 978 3160 1038 annum
3182 998 3382 1038 novum
3408 987 3475 1039 ab
3499 986 3627 1043 Urbe
3650 1005 3746 1045 con-

2215 1071 2339 1127 dita
2366 1088 2432 1127 es
2459 1072 2732 1140 Palilibus,
2764 1090 2857 1129 seu
2899 1075 2964 1128 2t
3014 1074 3212 1145 Aprilis
3248 1075 3538 1131 ineuntem.
3568 1078 3748 1151 Signare

2228 1159 2406 1215 autem
2433 1176 2656 1217 necesse
2681 1161 2781 1215 fuit
2803 1162 3028 1231 singulis
3053 1163 3212 1218 annis
3242 1164 3505 1235 duplicem
3534 1166 3660 1235 hunc
3674 1186 3747 1223 nn-

2228 1266 2457 1312 merum,
2500 1260 2560 1304 ut
2609 1252 2998 1306 demonstratio
3052 1260 3249 1307 nostra:
3293 1254 3637 1325 cbronologia:
3664 1276 3742 1313 non

2228 1353 2441 1399 careret
2480 1344 2819 1399 documentis
2865 1344 3209 1415 prmservatis
3240 1345 3391 1400 inter
3419 1359 3613 1403 vetusta
3638 1365 3746 1405 mar-

2229 1451 2381 1492 mora
2402 1436 2724 1507 Capitolina,
2752 1447 2807 1494 et
2839 1437 3092 1493 Fratrum
3121 1439 3423 1507 Arvalium,
3447 1456 3559 1513 qua:
3575 1447 3745 1501 eosdem

2229 1526 2477 1600 consules
2497 1535 2828 1595 componunt
2854 1536 2980 1581 ante
3005 1527 3190 1581 Palilia
3214 1544 3338 1584 cum
3371 1532 3529 1600 priori
3552 1550 3745 1600 numero,

2176 1664 2177 1667 η
2230 1626 2354 1687 post
2393 1616 2583 1671 Palilia
2614 1632 2738 1671 cum
2778 1617 3067 1687 posteriori
3114 1634 3382 1675 annorum
3412 1622 3480 1676 ab
3506 1621 3632 1679 Urbe
3650 1641 3745 1679 con-

2231 1707 2361 1762 dita.

2306 1797 2431 1853 llmc
2455 1813 2625 1868 pauca
2652 1799 2719 1854 de
2749 1802 2914 1872 priori
2955 1802 3233 1868 columna,
3266 1802 3663 1861 Occidentalium
3686 1824 3747 1861 res

2228 1886 2508 1957 complexa
2538 1929 2553 1953 ,
2596 1889 2755 1958 eique
2797 1891 3166 1959 adiacentibus
3215 1893 3492 1950 laterculis
3517 1899 3745 1951 οιιιιοιιοιυο

2227 1976 2328 2045 giae
2373 1975 2799 2033 Occidentalium
2849 1980 3116 2039 indicasse
3171 1981 3425 2037 suﬁiciat.
3481 1983 3658 2039 Caetera
3698 1986 3746 2038 ad

2228 2081 2323 2121 eas
2350 2068 2675 2137 pertinentia
2708 2110 2724 2137 ,
2774 2069 2890 2126 solo
2927 2082 3221 2141 conspectu
3254 2074 3450 2129 tabula:
3477 2076 3599 2129 satis
3622 2077 3747 2145 perci-

2228 2158 2470 2228 piuntur.
2909 2224 2920 2235 ,

2298 2246 2482 2303 Altera
2509 2249 2754 2306 columna
2804 2252 3042 2309 historia:
3069 2255 3367 2325 pontiﬁcis:
3412 2268 3467 2311 et
3512 2256 3745 2312 Orientalis

2229 2337 2545 2396 lateralibus
2579 2343 2788 2411 pariter
2816 2345 3022 2401 duabus
3050 2348 3311 2416 utrinque
3358 2349 3743 2404 descendentibus

2229 2429 2546 2496 includitur,
2601 2448 2831 2502 quarum
2877 2449 2983 2488 una
3027 2437 3742 2510 chronologiaeolympiadum,

2229 2521 2399 2577 altera
2426 2525 2616 2588 annis,
2633 2533 2743 2579 tum
2774 2536 2900 2580 ante
2921 2541 3086 2581 teram
3110 2527 3315 2584 Christi
3346 2545 3652 2585 communem
3675 2545 3745 2600 per

2232 2611 2624 2682 quinquaginta
2671 2614 2909 2671 Julianos
2954 2618 3183 2688 (incluso
3214 2622 3574 2690 quinquennio
3598 2620 3737 2674 Casa-

2232 2701 2388 2756 riano
2438 2703 2753 2776 proleptico)
2783 2706 2874 2776 qui
2919 2722 3037 2761 eam
3078 2712 3411 2778 prmccdunt,
3462 2719 3563 2765 tum
3590 2710 3645 2762 ab
3664 2724 3741 2761 aut

2232 2790 2437 2847 Christi
2462 2796 2758 2861 conuuuui,
2806 2798 3026 2851 ineunte
3072 2815 3195 2853 cum
3235 2811 3393 2855 sexto
3420 2809 3473 2855 et
3499 2802 3740 2869 quadrage-

2230 2884 2373 2938 simo
2397 2900 2548 2939 nova:
2584 2887 2948 2942 ordinationis
2975 2887 3219 2953 Iuliana},
3252 2894 3587 2946 tinuterandis
3609 2895 3740 2944 inscr-

2229 2977 2331 3033 vit.
2368 2976 2553 3032 Visum
2580 2988 2663 3033 est
2688 2980 2756 3033 ad
2783 2980 3086 3035 columnam
3123 2982 3365 3037 historia:
3392 2992 3581 3038 tractus
3601 2983 3742 3038 Orien-

2232 3068 2358 3124 talis
2388 3069 2679 3139 adjungere
2703 3072 3064 3142 olympiadum
3108 3076 3374 3142 epocbatn
3394 3115 3406 3137 ,
3436 3090 3546 3143 qua:
3587 3076 3646 3129 ibi
3670 3088 3737 3143 ge—

2236 3159 2467 3212 neratim
2502 3158 2961 3228 frequentabatur.
3008 3160 3194 3217 Annos
3238 3178 3371 3219 vero
3422 3180 3538 3218 tera:
3588 3163 3739 3219 Christi

2234 3248 2541 3301 communis
2571 3249 2622 3301 in
2645 3249 2815 3302 altera
2844 3251 3089 3319 apposui,
3121 3260 3179 3304 ut
3217 3255 3542 3321 pontiﬁcium
3566 3259 3678 3324 (qua:
3700 3254 3741 3305 li-

2234 3339 2321 3393 nis
2350 3340 2773 3408 est.pra:cipnus
2802 3342 2927 3395 huic
2959 3343 3150 3397 tabula:
3189 3353 3244 3397 et
3281 3347 3429 3415 Operi
3478 3347 3741 3400 constitutus

2233 3428 2631 3484 demonstraret
2680 3431 2900 3485 nitidius
2953 3444 3018 3486 a’c
3080 3433 3312 3489 referret
3375 3438 3439 3490 ad
3486 3436 3740 3490 Pontiﬁcem

2234 3518 2382 3573 illum
2432 3531 2691 3577 :etcrnum
2746 3530 3040 3584 secundum
3084 3532 3331 3586 ordinem
3377 3531 3740 3588 Melchisedech.

2233 3612 2346 3678 qui,
2376 3623 2575 3668 nostm:
2603 3616 2791 3672 salutis
2818 3634 2978 3676 causa
3005 3625 3153 3678 nasci
3181 3626 3352 3679 voluit
3386 3625 3434 3679 in
3464 3636 3684 3693 tempore,
3703 3632 3742 3675 et

2235 3718 2408 3759 annos
2438 3708 2521 3760 sui
2543 3709 2807 3765 adventus
2838 3724 2893 3767 ct
2941 3717 3339 3784 praedicationis
3371 3717 3606 3787 distingui
3626 3714 3743 3768 aenis

2232 3796 2550 3865 pontiﬁcum
2595 3801 2649 3854 in
2694 3812 2923 3872 utroque
2978 3806 3327 3862 Testamento
3375 3826 3405 3862 a
3449 3824 3506 3864 se
3532 3807 3740 3862 constan-

2235 3895 2412 3942 ιοτωιι
2419 3925 2434 3941 θ

2303 3979 2360 4033 In
2392 3981 2494 4036 hac
2537 3991 2821 4053 propterea
2875 3987 3144 4055 columna,
3183 3991 3326 4046 inter
3377 3994 3506 4049 duas
3543 3987 3742 4045 lateralcs

2232 4075 2408 4127 media
2436 4084 2562 4129 ante
2582 4080 2872 4132 adventum
2900 4082 3100 4136 Christi
3130 4082 3364 4150 Domini,
3388 4083 3631 4156 praepositi
3652 4086 3743 4134 sunt

2234 4165 2359 4219 anni
2381 4166 2693 4235 pontiﬁcum
2725 4168 3073 4226 Hebraeorum
3110 4183 3235 4228 tunc
3264 4177 3604 4230 obtinentium
3629 4185 3740 4224 sum-

2233 4268 2378 4308 mum
2403 4255 2655 4312 Ecclesiae
2686 4257 2776 4313 Dei
2822 4263 3202 4318 sacerdotium.
3233 4264 3362 4321 Post
3382 4271 3640 4321 adventum
3665 4260 3740 4312 Do-

2232 4345 2384 4409 mini,
2415 4347 2712 4416 principem
2744 4350 2916 4405 locum
2942 4353 2997 4406 in
3025 4354 3269 4410 columna
3296 4354 3454 4420 tenet,
3485 4366 3539 4409 ut
3560 4368 3643 4424 par
3665 4358 3740 4409 est.

2234 4438 2537 4493 numeratio
2564 4456 2819 4495 annorum
2851 4446 3018 4499 wtaris
3060 4445 3255 4502 Christi
3289 4448 3492 4503 Domini
3518 4461 3577 4502 ex
3600 4450 3740 4499 nostra

2230 4534 2496 4587 sententia
2519 4533 2662 4605 (qum
2689 4538 2847 4592 hodie
2865 4542 3105 4596 omnium
3133 4542 3302 4598 ferme
3321 4557 3570 4598 consensu
3595 4538 3735 4591 ﬁrma-

2230 4622 2338 4695 tur)
2366 4624 2732 4695 quinquennio
2780 4633 3217 4700 pratvertentium
3269 4650 3432 4689 auram
3478 4632 3730 4702 vulgarem;

2230 4729 2356 4769 nam
2390 4718 2515 4771 anui
2551 4734 2669 4774 terte
2705 4724 3006 4777 communis
3035 4725 3317 4795 signantur
3343 4727 3397 4780 in
3420 4721 3604 4780 laterali
3630 4715 3735 4773 serie

2231 4808 2331 4861 sub
2370 4807 2524 4862 titulo
2550 4827 2669 4863 terte
2689 4814 2976 4867 communis
3002 4814 3073 4867 illi
3102 4816 3341 4884 praeﬁxo.

2301 4898 2438 4952 Cum
2467 4913 2594 4954 vero
2630 4903 2697 4955 ad
2730 4919 2928 4957 annum
2961 4906 3135 4959 :etatis
3160 4904 3358 4960 Christi
3387 4903 3454 4959 33
3478 4904 3733 4972 perventum

2230 4995 2334 5053 est,
2361 5004 2483 5044 tera:
2507 4993 2806 5046 communis
2827 4992 2919 5057 ‘28,
2948 4994 3002 5048 in
3043 5010 3170 5064 quo,
3204 4992 3566 5064 redemptionis
3584 4993 3734 5042 nostra:

2200 5092 2395 5149 opere
2437 5092 2833 5148 COtlStlltmlalO,
2866 5087 3163 5141 ascendens
3213 5088 3266 5140 in
3308 5086 3496 5140 emittm
3529 5076 3734 5135 Dominus

2230 5169 2517 5224 constituit
2561 5172 2613 5223 in
2652 5174 2810 5226 terris
2858 5189 3051 5227 novum
3104 5175 3466 5245 pontilicatum
3494 5168 3730 5224 maximum

2230 5261 2484 5315 Ecclesiae
2535 5276 2647 5315 suae
2691 5262 2743 5316 in
2788 5263 2949 5318 Petro
2994 5266 3234 5333 apostolo
3275 5281 3339 5320 ac
3374 5256 3732 5319 successoribus.

2208 5362 2481 5406 enumerat
2518 5354 2654 5408 ‘haac
2717 5354 2965 5410 columna
3020 5370 3190 5412 annos
3250 5356 3569 5426 pontiﬁcatus
3621 5340 3729 5400 Pell'i

2230 5443 2454 5515 apostoli
2484 5454 2608 5499 ante
2653 5448 2924 5502 conditam
2969 5447 3261 5503 Romanam
3295 5448 3489 5508 sedem,
3514 5450 3563 5497 et
3587 5452 3641 5490 ex
3659 5446 3732 5484 alr

2231 5548 2301 5588 no
2352 5550 2473 5588 tera:
2513 5538 2813 5592 communis
2857 5540 3302 5611 quadragesimo,
3357 5551 3457 5607 quo
3499 5531 3726 5600 cili-iw?"

2229 5634 2341 5679 tum
2372 5626 2672 5681 Romanum
2703 5629 2771 5683 ab
2801 5632 2987 5684 eodem
3016 5631 3257 5702 principe
3285 5626 3613 5698 apostolorum
3636 5615 3726 5710 fair

2229 5717 2414 5771 datum
2462 5718 2691 5775 probare
2734 5721 2925 5775 nititur
2964 5732 3161 5777 nostra
3193 5700 3534 5785 ichronologitl
3558 5751 3570 5775 υ
3618 5700 3727 5761 Sed“
