3918 6316
154 303 269 359 $93

1024 300 1114 355 DE
1152 299 1491 357 CHRONOL.
1526 297 1794 355 PONTIF.
1834 296 2102 354 CESAR.
2143 297 2229 355 ET
2270 297 2563 355 CONSUL.

3301 303 3404 362 395

154 412 423 465 Romanae
459 421 627 464 annos
666 415 911 465 recenset
957 417 1068 465 tum
1104 412 1158 466 in
1180 410 1360 478 Petro,
1390 387 1502 467 tum
1526 411 1579 467 in
1605 427 1726 467 suc-
1756 414 1804 473 Α
1830 424 1981 464 sores
2006 409 2227 479 legitimi
2247 410 2319 464 ita
2344 409 2579 466 defuncti
2610 408 2858 480 pastoris.
2890 409 3263 467 Distinctionis
3276 428 3404 483 gra-

153 499 488 556 cesseribus.

226 589 439 644 Praeter
467 602 635 642 annos
669 587 983 657 pontiﬁcum
1030 602 1183 641 nova:
1220 587 1355 658 legis
1384 598 1735 643 numerantur

154 681 259 735 hac
298 680 354 735 in
392 680 638 734 columna
676 677 841 734 etiam
880 680 1160 749 pontiﬁces
1206 679 1515 736 Iudaeorum
1564 697 1737 751 usque

153 775 223 828 ad
277 774 707 829 destructionem
757 773 941 843 templi
986 772 1458 843 Hierosolymitani
1508 770 1609 826 sub
1632 770 1735 825 Ve-

154 868 436 935 spasiano.
463 866 820 932 LiceLenim,
865 865 1126 920 translato
1154 867 1221 920 ad
1260 866 1551 919 Ecclesiam
1575 863 1734 918 Chri-

153 959 394 1011 stianam
418 957 717 1012 sacerdotio
750 971 851 1026 per
876 971 1000 1010 eum
1034 955 1345 1011 Pontiﬁcem
1368 955 1458 1025 qui
1480 970 1579 1024 per
1607 969 1736 1008 san-

152 1048 378 1117 guinem
414 1062 567 1101 suum
590 1046 763 1105 semel
799 1046 1041 1103 introivit
1072 1046 1124 1101 in
1157 1046 1379 1109 Sancta,
1416 1054 1616 1099 aeterna
1653 1058 1739 1099 re-

155 1140 473 1207 demptione
528 1139 766 1202 inventa,
808 1138 1102 1192 cessaverit
1143 1142 1331 1191 umbra
1380 1135 1651 1205 legalium,
1681 1144 1736 1189 et

153 1230 512 1299 pontiﬁcatus
569 1229 876 1285 Judzeorum
940 1229 1271 1295 conciderit;
1331 1239 1565 1283 attamen
1612 1243 1735 1282 eum

157 1322 542 1376 nominetenus
557 1319 784 1375 historia
807 1317 1028 1374 Iudaica
1054 1334 1150 1390 per
1168 1318 1462 1388 Josephum
1489 1318 1733 1383 collecta,

156 1420 212 1464 et.
230 1426 365 1481 quae
388 1411 676 1480 plurimum
701 1408 913 1464 confert
960 1409 1027 1463 ad
1056 1408 1421 1463 Christianam
1461 1407 1739 1462 elucidau—

158 1500 310 1564 dam,
333 1514 675 1554 successores
712 1498 879 1553 Anna:
924 1506 979 1551 et
1014 1498 1232 1566 Caipha:
1266 1506 1579 1561 recenseat;
1609 1495 1738 1550 alie-

157 1607 293 1646 num
328 1592 515 1646 videre
561 1605 667 1645 non
724 1589 925 1654 debuit,
985 1588 1346 1659 distinguendi
1392 1587 1650 1655 temporis
1680 1594 1738 1640 et

155 1681 548 1750 comprobandi
579 1695 765 1746 causa,
807 1679 969 1734 etiam
1012 1680 1112 1733 hos
1156 1676 1428 1734 recenseri
1464 1690 1634 1745 usque
1661 1675 1730 1728 ad

152 1772 433 1827 excidium
460 1771 663 1841 templi.

232 1863 439 1918 Eadem
464 1862 530 1916 de
550 1876 709 1917 causa
730 1860 1047 1916 admisimus
1070 1860 1123 1915 in
1151 1861 1341 1915 eadem
1365 1858 1616 1914 columna
1645 1872 1740 1913 no-

156 1953 311 2007 mina
331 1962 390 2007 et
413 1953 649 2020 epochas
675 1966 861 2022 regum
888 1949 1221 2015 Judazorum,
1249 1964 1316 2004 ne
1350 1949 1623 2019 quidpiam
1648 1963 1741 2003 ne-

156 2046 432 2115 gligamus
465 2059 649 2098 eorum
685 2057 806 2112 quae
843 2042 911 2096 ad
943 2041 1332 2097 emendandam
1362 2049 1417 2096 et
1459 2040 1741 2109 perﬁcien-

160 2137 288 2190 dam
319 2144 415 2190 aut
441 2134 891 2206 comprobandam
932 2133 1334 2207 chronologiam
1366 2133 1609 2190 adhiberi
1637 2135 1740 2190 uti-

161 2227 289 2281 liter
305 2236 559 2296 possunt.
873 2272 879 2279 .

230 2316 503 2371 Praastaut
541 2319 680 2371 inter
702 2315 819 2373 hmc
848 2332 968 2371 certe
1002 2316 1345 2387 quamplures
1388 2313 1736 2371 Orientalium

157 2407 445 2461 civitatum
479 2406 532 2460 in
568 2420 751 2460 earum
782 2406 1017 2460 nummis
1048 2405 1290 2473 signata},
1313 2420 1375 2459 ac
1397 2406 1618 2476 pariam
1635 2421 1738 2459 non

157 2497 332 2552 semel
362 2513 487 2552 cum
514 2498 670 2551 annis
700 2496 1007 2567 Principum
1054 2496 1439 2551 Romanorum.
1467 2497 1597 2564 Quae
1628 2513 1737 2561 res,

154 2596 427 2657 quantum
476 2585 767 2654 adiumenti
805 2586 1091 2641 contulerit
1130 2586 1198 2640 ad
1226 2586 1588 2655 chronologia:
1615 2602 1742 2656 per-

158 2674 457 2729 fectionem
490 2715 504 2738 ,
553 2675 685 2729 satis
725 2676 1103 2745 cognoscimus
1145 2689 1211 2729 ex
1261 2690 1421 2744 opere
1452 2675 1504 2729 in
1551 2676 1740 2743 primis

160 2763 373 2819 celebri
402 2764 552 2819 card.
605 2762 799 2818 Norisii
832 2764 897 2818 de
925 2763 1156 2833 Epochis
1199 2762 1691 2834 Syromacedouum
1719 2783 1732 2820 :

159 2870 271 2925 quo
296 2854 431 2909 nihil
450 2854 689 2910 limatius
714 2863 846 2910 artas
870 2864 1053 2910 nostra
1086 2854 1315 2911 fortasse
1344 2856 1463 2910 tulit
1482 2866 1536 2910 et
1564 2866 1740 2926 poste-

161 2961 241 2999 rae
259 2945 346 2998 vix
365 2945 655 2999 invenient.
670 2936 905 2999 'lstarum
924 2947 1243 3000 documenta
1268 2946 1367 3000 nisi
1390 2947 1547 3002 addid
1556 2948 1737 3013 issem,

160 3035 505 3090 fraudassem
536 3035 775 3104 profecto
803 3036 1315 3091 demonstrationem
1352 3037 1575 3092 istorum
1602 3048 1738 3093 tem-

160 3140 367 3195 porum
390 3099 587 3195 potiori
627 3126 973 3189 auctoritate,
1012 3140 1172 3194 quam
1197 3126 1303 3181 dlis
1323 3137 1635 3198 comparant
1664 3137 1742 3182 tot
1770 3099 1813 3159 Ο

160 3214 384 3284 publica
429 3222 486 3268 et
530 3214 719 3270 iisdem
765 3216 1098 3282 temporibus
1146 3215 1373 3285 aequalia
1416 3216 1744 3272 monimenta

162 3290 520 3374 scripturum,
562 3306 771 3375 paginis
797 3321 915 3375 qua:
955 3308 1306 3376 autographa:
1343 3321 1450 3360 non
1499 3307 1628 3371 sint,
1652 3307 1746 3361 sed

161 3412 192 3447 a
220 3394 658 3465 descriptoribus
698 3395 765 3449 ad
808 3411 903 3450 uos
944 3397 1295 3459 transmissae,
1334 3397 1527 3451 merito
1555 3397 1744 3465 praefe-

162 3483 361 3537 renda.
408 3483 667 3553 Angustia
719 3483 1019 3538 tabularum
1071 3500 1178 3539 non
1220 3486 1426 3554 patitur
1451 3493 1511 3538 ut
1564 3486 1746 3541 iconcs

161 3590 518 3629 nummorum
545 3583 636 3628 aut
671 3574 1053 3644 explicationes
1076 3576 1338 3631 addamus
1370 3594 1385 3630 :
1421 3592 1539 3645 quae
1559 3586 1750 3646 peten-

162 3665 249 3717 dae
276 3671 406 3717 sunt
441 3678 471 3716 a
502 3663 655 3718 libris
699 3679 805 3718 em.
844 3662 1070 3728 Norisii,
1100 3662 1374 3718 Vaillantii
1417 3665 1639 3734 aliisque
1679 3667 1745 3719 ad

161 3755 502 3824 epocbarum
524 3755 787 3825 originem
815 3755 970 3809 annis
991 3755 1104 3810 suis
1126 3755 1438 3826 alligendam
1469 3757 1746 3824 adhibitis,

162 3846 356 3914 ibique
383 3857 669 3915 propterea
696 3845 966 3900 indicatis.

236 3935 523 3989 Annorum
581 3934 914 4005 singulorum
957 3935 1097 3990 serie
1149 3934 1224 3989 ita
1282 3936 1629 4003 comprobata
1679 3949 1747 3989 ex

164 4025 492 4080 consulibus
520 4024 797 4090 Romanis,
817 4040 882 4080 ex
906 4025 1063 4079 annis
1083 4025 1408 4096 principum,
1436 4041 1503 4079 ex
1534 4025 1745 4079 urbium

165 4118 401 4186 epochis
458 4126 715 4186 utrasque
774 4119 1174 4175 numerationes
1242 4116 1631 4188 iungentibus,
1692 4118 1746 4173 in

165 4207 399 4262 Oriente
425 4216 480 4261 et
526 4208 576 4261 in
605 4205 894 4263 Occidente
924 4209 1161 4279 signatas
1197 4208 1249 4262 in
1277 4208 1506 4278 publicis
1532 4209 1743 4263 actibus

169 4314 239 4353 ac
304 4299 691 4363 monimentis,
750 4300 1092 4370 assignantur
1148 4302 1368 4371 epochte
1412 4301 1747 4371 singulorum

167 4389 491 4458 pontiﬁcum
523 4388 887 4444 Romanorum
916 4408 930 4443 :
961 4404 1188 4459 quarum
1220 4392 1557 4454 documenta,
1582 4406 1751 4445 nexus

1841 498 1934 563 tia,
1963 500 2356 555 ordinationem
2394 500 2461 555 ad
2484 499 2788 569 episeOpale
2834 515 3031 555 munus
3060 515 3183 555 cum
3209 502 3405 565 refero,

1838 591 2056 646 nomina
2086 606 2276 648 eorum
2303 600 2561 647 consueto
2586 592 2909 647 charactere
2950 592 3003 646 in
3038 591 3188 647 hisce
3214 593 3410 649 tabulis

1837 682 2102 752 exprime,
2133 696 2313 751 neque
2357 697 2528 738 annos
2579 697 2766 738 eorum
2798 683 2850 737 in
2877 682 3123 738 columna
3159 699 3409 751 numero,

1837 772 1931 825 sed
1975 771 2090 841 ejus
2113 770 2339 826 Romani
2379 772 2650 841 pontiﬁcis
2698 772 2791 841 qui
2834 780 2962 828 tunc
3001 772 3292 828 Ecclesiam
3326 788 3412 827 re-

1838 860 2019 929 gebat.
2052 858 2154 915 Ubi
2182 874 2313 915 vero
2355 861 2410 915 in
2449 860 2576 916 sede
2606 861 2850 915 Romana
2885 863 3181 916 succedunt
3211 863 3313 917 rite
3340 863 3409 917 ad

1835 950 2081 1004 eamdem
2113 950 2346 1020 cooptati
2397 965 2495 1020 per
2539 950 2670 1007 eleri
2720 951 2947 1006 Romani
3001 951 3280 1023 suffragia,
3337 953 3410 1007 ibi

1836 1039 2149 1093 eorumdem
2197 1040 2414 1094 nomina
2452 1040 2762 1108 maiusculis
2805 1040 3000 1096 litteris
3049 1042 3303 1106 exhibeo,
3356 1050 3414 1095 et

1838 1142 2007 1182 annos
2044 1128 2391 1196 pontiﬁcatus
2428 1143 2618 1184 eorum
2662 1129 2785 1185 inde
2829 1130 3134 1192 dinumero,
3162 1138 3223 1185 ut
3247 1145 3413 1200 expe-

1836 1215 1946 1268 dite
1974 1214 2455 1284 percurrantoculi
2507 1216 2559 1269 in
2598 1216 2779 1271 tabula
2827 1216 3204 1287 cbronologica
3250 1219 3411 1287 quid-

1836 1302 1966 1371 quid
2014 1303 2081 1357 de
2110 1302 2443 1374 singulorum
2481 1305 2703 1376 epocbis
2728 1305 3138 1376 comprobatum
3167 1307 3411 1362 attulisse

1836 1393 2023 1449 videor
2051 1394 2105 1449 in
2129 1394 2292 1451 notis.

1906 1484 2067 1539 Gesta
2097 1499 2216 1555 qua:
2246 1486 2313 1540 ad
2341 1501 2509 1543 annos
2545 1488 2784 1559 singulos
2816 1504 2846 1544 e
2883 1490 3126 1559 probatis
3172 1492 3414 1546 auctori-

1834 1576 1936 1632 bus
1978 1577 2203 1633 collecta
2250 1586 2481 1649 utraque
2524 1580 2776 1637 columna
2827 1582 3053 1638 includit
3094 1583 3411 1640 Occidenta-

1837 1668 1967 1725 lium
1995 1682 2053 1726 et
2074 1670 2450 1747 Orientalium,
2476 1683 2605 1729 sunt
2650 1677 2938 1746 pontiﬁcim
2968 1688 3024 1733 et
3042 1681 3303 1735 universa:
3324 1697 3413 1735 ec-

1766 1762 1812 1820 B
1840 1761 2153 1819 clesiasticce
2196 1763 2459 1829 historian,
2491 1764 2571 1820 vel
2594 1766 2956 1839 chronologiae
2990 1785 3172 1835 causa,
3206 1771 3289 1826 vel
3329 1788 3417 1826 ac-

1840 1858 2016 1905 torum
2042 1851 2281 1921 ipsorum
2308 1852 2567 1911 afﬁnitate
2587 1856 2658 1910 ita
2685 1872 2952 1923 connexa,
2979 1868 3037 1914 ut
3064 1860 3293 1933 disjungi
3323 1875 3417 1917 aut

1839 1942 2095 2010 praeteriti
2142 1944 2259 1998 sine
2307 1944 2588 2014 dispendio
2628 1948 2917 2003 evidentia:
2972 1965 3078 2004 non
3122 1953 3412 2021 patiantur.

1841 2034 1942 2089 Ubi
1978 2049 2104 2090 vero
2153 2037 2285 2092 satis
2318 2038 2475 2108 spatii
2506 2054 2611 2094 non
2650 2049 2766 2097 erat
2799 2042 2851 2096 in
2879 2043 3126 2121 columna
3159 2045 3418 2099 Occiden-

1838 2127 2022 2181 talium
2052 2129 2118 2183 ad
2148 2138 2298 2200 gesta
2332 2131 2654 2189 includenda
2692 2135 2761 2189 ad
2801 2150 2921 2190 eam
2965 2138 3313 2207 pertinentia,
3363 2148 3417 2193 et

1838 2220 2145 2277 abundabat
2184 2223 2238 2277 in
2279 2222 2385 2280 alia
2421 2225 2672 2280 columna
2719 2224 3088 2293 Orientalium,
3129 2229 3201 2284 ibi
3252 2231 3419 2284 etiam

1838 2326 1926 2365 res
1948 2311 2217 2368 Romanas
2243 2315 2565 2386 quandoque
2612 2316 2947 2372 inclusimus.
2997 2318 3278 2373 Oneranda
3306 2336 3410 2372 non

1838 2412 1957 2457 erat
1984 2403 2226 2473 pluribus
2254 2420 2416 2475 quam
2440 2406 2655 2461 selectis
2679 2408 2825 2462 hisce
2853 2408 3188 2464 documentis
3228 2420 3411 2463 nostra

1841 2496 2041 2561 tabula,
2066 2512 2132 2550 ne
2162 2497 2477 2553 universalis
2515 2498 2755 2553 historia:
2788 2509 2843 2554 et
2874 2501 3235 2571 chronologize
3265 2518 3418 2571 pom-

1838 2601 1962 2656 pam
2011 2586 2282 2655 explicare
2322 2588 2500 2658 potius
2532 2588 2806 2644 videretur
2832 2591 2997 2659 (quod
3040 2591 3127 2646 hic
3154 2602 3418 2660 przrstau-

1840 2676 1963 2727 dum
2006 2691 2111 2728 non
2154 2676 2442 2747 assumpsi)
2472 2691 2631 2745 quam
2675 2676 2965 2746 pontiﬁcis:
2994 2688 3309 2748 apparatum
3336 2682 3416 2736 in-

1840 2769 2052 2816 struere
2081 2762 2332 2818 omnibus
2357 2772 2452 2818 aut
2490 2764 2680 2819 saltem
2728 2766 3016 2837 praecipuis
3057 2767 3416 2833 documentis,

1841 2851 1980 2919 quod
2006 2859 2311 2906 nostrarum
2342 2868 2462 2907 esse
2505 2854 2738 2924 partium
2766 2856 3047 2912 constituti
3077 2857 3209 2912 mihi
3236 2859 3417 2929 operis

1842 2940 1980 2993 ratio
2018 2942 2289 2995 monebat.

1909 3030 2007 3085 llis
2036 3031 2201 3101 igitur
2228 3032 2293 3087 de
2317 3032 2620 3090 tabularum
2649 3046 2967 3108 argumento
2993 3043 3416 3111 constructione,

1846 3122 2165 3176 auctoritate
2188 3128 2242 3177 et
2275 3123 2647 3195 complexione
2680 3128 2998 3197 prmmissis,
3031 3131 3176 3202 ipsas
3197 3130 3309 3201 jam
3340 3147 3420 3190 ta-

1846 3209 2000 3264 bulas
2027 3226 2407 3281 proponamus.

1917 3362 2033 3449 ρης)
2066 3363 2601 3449 faciliuscomparari
2640 3375 2847 3443 possint
2875 3391 2998 3449 cum
3030 3386 3230 3435 nostrae
3260 3381 3421 3437 chro-

1848 3438 2070 3513 pologize
2122 3438 2317 3513 tabulis
2350 3438 2691 3513 documenta
2742 3447 3068 3513 epocharum
3112 3452 3344 3506 nummis
3364 3462 3421 3506 et

2124 3476 2317 3493 "unum
2372 3476 2691 3497 uuuulllcutd
2742 3476 3068 3513 rpuumluul
3112 3476 3344 3506 llullllllls
3364 3476 3417 3506 Cl

1847 3476 2394 3589 lapidibus“antiquis
2451 3510 2641 3574 incisa,
2696 3513 3190 3589 illustrioresgaaras
3219 3536 3337 3589 qum
3367 3523 3417 3576 iu

1850 3577 2265 3654 numismatibus
2297 3579 2574 3654 visuntur,
2596 3592 2686 3636 aut
2718 3584 2785 3654 ab
2808 3586 3117 3640 auctoribus
3143 3577 3423 3644 celebran-

1850 3652 1963 3723 tur,
1989 3643 2073 3725 hic
2093 3646 2308 3725 'da‘mus
2340 3665 2434 3716 per
2460 3643 2704 3705 ordiuem
2732 3653 2997 3725 digestas.
3029 3666 3080 3709 et
3114 3658 3179 3711 ad
3217 3643 3419 3713 annum

1848 3713 2055 3792 periodi
2085 3713 2309 3796 Iuliam?
2417 3730 2603 3796 nostra
2629 3713 3001 3796 putationeita
3031 3726 3222 3781 relatas
3247 3746 3258 3779 :
3286 3746 3422 3796 pra.»

1851 3782 2033 3866 missis
2084 3798 2204 3861 ferre
2230 3784 2565 3866 Christianae
2600 3782 3023 3857 characteribus,
3073 3804 3128 3849 et
3180 3782 3422 3866 part'ibus

1848 3859 2155 3933 prmfipuli‘s,
2176 3868 2401 3933 quarum
2432 3859 2603 3933 gratia
2632 3870 2855 3933 creteras
2884 3859 3279 3933 comparamus.

1916 3920 2045 3973 Era
2073 3920 2270 4003 Christi
2301 3920 2602 4003 communis
2630 3929 2883 4003 Kalendis
2904 3920 3140 4003 Januarii
3182 3937 3421 4003 pariatur

1849 4002 2142 4072 cumnanno
2166 3993 2452 4072 inchoante
2484 3997 2939 4072 periodiJulianzg
2963 4002 3120 4072 47M.
3158 3993 3307 4072 c'yclo
3338 4020 3420 4059 so-

1850 4056 1917 4137 lis
1947 4058 2203 4137 l0,_luna:
2239 4060 2294 4125 ἓ,
2344 4056 2518 4117 littera
2552 4063 2869 4122 Dominicali
2902 4070 2968 4133 ll;
3006 4056 3162 4125 Urbis
3190 4056 3419 4128 “conditrc

1844 4127 2002 4204 juxta
2022 4127 2231 4204 fastos
2250 4146 2580 4204 marmoreus
2600 4176 2614 4198 ,
2641 4150 2775 4203 quos
2797 4127 3092 4204 sequitnur,
3119 4152 3243 4193 ante
3280 4127 3419 4196 Pali;

1852 4198 1919 4249 lia
1950 4196 2084 4281 753i;
2113 4216 2175 4281 ex
2202 4199 2454 4281 Palilibus
2478 4196 2609 4267 754,
2639 4196 2957 4281 olympiadis
2984 4196 3104 4281 195,
3137 4225 3277 4264 anno
3307 4213 3420 4281 pri-

1852 4281 1941 4390 Ειο
1972 4268 2234 4389 autﬁdies
2274 4271 2507 4339 aestivos,
2536 4283 2590 4328 et
2631 4268 2865 4331 secundo
2906 4268 3190 4333 inchoante
3212 4296 3279 4334 ex
3307 4268 3421 4335 die-

1892 4351 1954 4389 us
1990 4353 2064 4390 aes
2093 4353 2213 4390 ms.

1892 4351 1954 4389 llS
1990 4351 2213 4391 iBSllVlS.

1925 4405 2128 4484 Natalis
2162 4404 2614 4484 ChristiUDomini
2654 4415 2915 4484 prmcedit
2958 4432 3119 4471 teram
3178 4433 3415 4473 commu-

166 4486 228 4529 et
266 4476 515 4531 deﬁnitio
560 4478 701 4532 notis
748 4478 800 4532 in
830 4480 1028 4533 nostris
1057 4478 1452 4548 chronologicis
1478 4521 1493 4543 ,
1522 4496 1655 4548 quas
1682 4481 1747 4533 ad
1783 4465 1827 4522 Ι)
1854 4491 1989 4557 neu;
2002 4478 2222 4557 anuis}
2252 4465 2533 4557 solidisget
2544 4465 2827 4557 diebus—77..
2842 4465 3002 4557 Vit-Era—
3009 4465 3133 4557 "931i;
3168 4465 3415 4556 baptismi

167 4567 491 4620 eontmdem
519 4568 667 4622 Vitas
698 4568 1008 4638 singillatim
1042 4569 1268 4633 attexui,
1293 4571 1577 4639 quaerenda
1602 4580 1745 4625 sunt.

171 4656 521 4725 Distinguere
551 4673 655 4711 non
685 4657 841 4712 omisi
876 4658 1268 4712 ordinationem
1293 4659 1358 4713 ad
1385 4660 1747 4727 episcopatum

168 4749 242 4798 ab
269 4745 541 4799 electione
592 4746 657 4797 ad
697 4745 1063 4814 pontiﬁcatum
1096 4747 1394 4801 Romanum
1442 4748 1494 4801 in
1538 4748 1623 4813 iis,
1658 4749 1748 4818 qui

169 4837 480 4905 probantur
518 4837 829 4890 charactere
855 4836 1141 4905 episcopali
1166 4845 1321 4891 antea
1351 4838 1611 4906 insigniti.
1639 4840 1749 4894 sive

169 4938 231 4979 ut
264 4925 458 4979 vicarii
491 4924 667 4979 forent
692 4925 969 4980 Pontiﬁcis
1000 4926 1082 4979 his
1108 4926 1440 4995 adjutoribus
1464 4928 1752 4998 indigentis

168 5016 392 5084 (quales
423 5016 656 5083 cooptati
706 5015 956 5087 leguntur
1000 5033 1030 5071 a
1086 5017 1246 5073 Petro
1274 5021 1516 5089 apostolo
1565 5021 1747 5087 Linus,

167 5109 364 5161 (Iletus
393 5114 448 5160 et
477 5106 768 5178 Clemens),
816 5108 929 5162 sive
974 5116 1030 5162 ut
1067 5110 1458 5165 destinarentur
1515 5113 1749 5182 episcopi

166 5196 427 5267 gentium
470 5205 777 5250 exterarum
802 5237 817 5262 ,
848 5206 903 5251 et
931 5197 1053 5251 dum
1084 5212 1467 5256 exercerentur
1502 5205 1654 5272 quasi
1688 5206 1753 5258 ti-

167 5285 394 5340 rocinio
419 5286 658 5339 muneris
693 5288 978 5354 pastoralis
1021 5289 1073 5342 in
1119 5289 1262 5344 Urbe
1292 5291 1496 5347 vicario
1533 5294 1751 5349 nomine

165 5378 244 5431 ab
275 5390 343 5430 eo
374 5375 629 5444 pontiﬁce
657 5377 918 5441 Romano,
940 5380 1261 5447 quieosdem
1292 5383 1364 5436 ita
1389 5384 1754 5441 destinaverat.

166 5482 308 5522 mox
340 5466 669 5536 ablegandos
707 5469 773 5522 ad
803 5467 1168 5525 fundationem
1200 5488 1457 5528 novarum
1487 5476 1752 5533 Ecclesia-

167 5572 327 5617 rum,
356 5564 603 5620 vacante,
638 5556 763 5609 dum
808 5568 1253 5630 exercenturgper
1281 5574 1506 5618 mortem
1539 5567 1753 5635 pontiﬁ-

168 5646 261 5701 cis
288 5686 302 5706 ,
329 5645 575 5701 Romana
611 5647 757 5709 sede,
793 5649 858 5702 ad
910 5651 1152 5704 eamdem
1192 5653 1517 5721 eligerentur
1542 5672 1751 5713 succes-

628 5739 898 5798 Parnon
936 5741 1245 5803 CXXVII.

1853 4554 1906 4625 et
1953 4544 2219 4625 Evangelii
2252 4549 2407 4625 circa
2454 4551 2663 4625 initium
2695 4556 2820 4608 anui
2868 4556 2984 4621 ejus
3028 4544 3201 4610 riualis
3239 4544 3309 4611 '50
3339 4561 3415 4611 in-

1854 4616 2053 4694 clioati.
2079 4617 2282 4694 periodi
2307 4616 2412 4671 .lul.
2454 4620 2613 4683 4758,
2654 4638 2773 4694 terre
2818 4616 3117 4679 communis
3148 4625 3235 4678 25.
3269 4625 3420 4692 Ejus-

1852 4683 1971 4734 dem
2002 4684 2199 4751 passio,
2230 4701 2397 4761 mors,
2434 4692 2782 4761 resurrectio,
2829 4697 3091 4756 ascensio,
3122 4704 3174 4747 et
3204 4683 3421 4761 pontiﬁ-

1850 4761 2003 4804 catus
2038 4769 2177 4832 tnax.
2211 4770 2360 4808 nova:
2385 4756 2517 4832 legis
2537 4759 2604 4811 ab
2636 4761 2750 4832 ipso
2770 4761 2997 4832 collatus
3027 4762 3187 4816 Petro
3204 4756 3261 4815 et
3290 4778 3415 4817 suc—

1852 4822 2359 4894 cessoribtts,anno
2405 4822 2571 4894 ipsius
2608 4822 2783 4882 :etatis
2822 4830 2922 4893 55,
2957 4846 3081 4884 (πει-ω
3117 4832 3419 4885 communis

1850 4889 1939 4969 23.8,
1970 4889 2529 4969 pe_r_._.lulian:em4'i4l,
2551 4896 2826 4969 fundatio
2850 4889 2992 4953 sedis
3010 4900 3280 4965 Romanas,
3299 4915 3414 4969 per.

1851 4957 1955 5011 Jul.
1982 4959 2141 5025 4755,
2168 4976 2287 5015 aera:
2317 4962 2515 5018 Christi
2539 4965 2627 5019 40.

2162 5068 2396 5124 Aliarum
2432 5074 2741 5143 epocharum
2774 5077 3093 5130 cons‘ilutio.

1924 5164 2138 5251 Actiaca
2181 5179 2404 5251 Augusti
2449 5198 2561 5251 per.
2607 5182 2831 5239 Julianze
2859 5186 3020 5250 4682,
3042 5203 3105 5240 ex
3138 5196 3411 5242 autumno.

1855 5244 2213 5313 Egaaeusium
2240 5244 2292 5302 in
2320 5244 2503 5304 Cilicia
2530 5252 2692 5315 4666,
2719 5272 2781 5307 ex
2811 5244 3085 5309 autumno.

1855 5316 2242 5440 Altri‘xlilgltll‘l‘RIXai.
2267 5320 2488 5390 Augusti
2535 5322 2690 5387 4685,
2739 5339 2804 5379 ex
2850 5326 2921 5381 29
2971 5326 3191 5396 Augusti
3245 5325 3416 5395 prima

1853 5454 2119 5528 Anazarbi
2158 5456 2425 5528 iu‘Cilicia
2455 5460 2613 5528 469},
2646 5476 2709 5515 ex
2738 5472 2845 5517 aut.

1853 5524 2184 5577 Antiochena
2207 5525 2436 5581 Caesaris
2463 5524 2624 5593 4665.
2656 5546 2720 5585 ex
2742 5543 2851 5587 aut.

1854 5593 2288 5715 Apinlmegtsium,
2339 5612 2457 5667 qua:
2485 5608 2539 5653 ct
2586 5599 2984 5657 Seleucidarum
3024 5601 3179 5661 “02,
3229 5615 3291 5655 ex
3321 5615 3417 5655 au-

1954 5679 2039 5714 llll
2120 5703 2132 5715 .

1954 5679 1982 5714 ll
1993 5679 2132 5716 111110.

2912 5763 2982 5818 13
