3832 5354
62 175 168 230 537

997 183 1336 242 CHRO‘NOL.
1379 183 1668 240 CONSUL.
1705 187 1789 242 ET
1831 189 2002 244 C.ES.
2045 190 2209 248 ROM.
2255 193 2403 249 ETC.

130 287 283 377 [33ξί
362 288 506 377 Anni
537 288 689 377 Rom.
718 291 911 377 ciuiles,
925 311 1218 377 feruntque
1248 316 1390 377 (om:
1461 300 1598 377 {iuni
1695 306 1743 363 Α
1816 303 1979 377 “Anni
2057 305 2192 359 Anni
2217 303 2423 377 Iuliani
2447 308 2714 377 proleptici
2738 319 2855 362 ante
2878 309 3067 364 xEram
3141 314 3278 367 Anni

91 364 106 375 °
137 356 268 410 Per.

95 423 214 476 Jul.
247 438 301 478 et

123 497 269 562 cycli

127 566 267 634 Θ)

119 723 278 779 Cass.

123 995 271 1050 Dict.

108 5241 246 5295 4665

318 5248 528 5310 spectat

414 376 619 412 mensus
634 377 753 414 cum
769 363 841 415 ΛΞ
847 381 904 416 ra
920 365 1113 419 Christi
1127 363 1390 421 communi
1465 369 1528 422 U.
1556 372 1614 423 C.

413 440 458 481 et
486 446 602 482 cum
632 432 850 499 periodo
867 433 1086 489 Iuliana
1107 436 1381 507 Scaligeri.
1417 445 1420 448 ‘
1467 439 1612 493 ante

366 550 480 597 tero
505 557 569 596 ex
593 543 781 597 iisdem
808 561 1025 599 marmo-
1045 547 1181 612 ibus,
1206 560 1259 604 et
1280 554 1386 621 pri-

364 651 449 689 ma
482 625 722 714 Cassaris'
752 635 1016 691 dictatura
1047 639 1119 694 ibi
1149 643 1378 711 sculpta}

429 741 479 782 c.
509 719 768 783 cisvmvs
790 745 845 782 si.
861 747 906 782 ιε’.
927 745 981 783 κ.
997 747 1048 784 N.
1067 749 1372 792 MARCELLVS

429 835 479 872 ι..
510 819 792 874 coanelius
818 820 1075 878 Lentulus

530 924 710 964 EODEI
745 926 884 964 ANNO

495 1013 548 1053 (ἓ.
587 1014 780 1051 IVLIVS.
823 1015 872 1054 C.
912 1018 961 1054 ἲ.
995 1019 1044 1057 ς.
1089 1021 1140 1057 Ν.
1180 1022 1377 1063 CAESAR

534 1100 770 1144 metator

425 1231 685 1302 Signatur
713 1235 876 1290 etiam
914 1236 1100 1306 eclipsi
1140 1239 1268 1294 solis
1298 1242 1379 1295 di-

354 1324 591 1393 gitorum
639 1326 669 1380 7
719 1327 902 1382 Roma:
931 1331 1210 1398 spectabili
1253 1343 1376 1401 post

349 1415 470 1483 ejus
501 1426 679 1472 ortum
704 1420 790 1474 die
812 1421 875 1474 21
909 1421 1136 1492 Augusti
1168 1423 1380 1480 labente

355 1523 501 1562 anno
533 1510 738 1576 period.
767 1510 871 1565 Jul.
890 1511 1028 1565 4664
1051 1513 1214 1584 (ntex
1236 1514 1367 1568 Tab.

352 1595 668 1653 Astrunom.
707 1595 787 1653 de
842 1601 1086 1665 Iallire,
1146 1603 1372 1673 aliisque

352 1676 645 1760 colligitur)
681 1706 772 1745 seu
811 1690 878 1744 50
923 1692 1217 1762 proleptieo
1246 1702 1371 1749 ante

346 1794 514 1832 aet-am
579 1779 775 1835 Christi
830 1799 1210 1840 communem:
1249 1800 1369 1853 quae

355 1867 474 1924 dies
507 1871 559 1924 in
593 1871 815 1926 Kalend.
852 1874 979 1928 anni
1009 1873 1368 1944 Tarquinien-

353 1959 430 2013 sis
463 1961 744 2016 dicebatur
769 1978 820 2015 tv
849 1962 966 2018 Kal.
995 1962 1284 2020 Novembr.

647 2073 782 2129 RES
819 2073 1092 2132 GESTE.

426 2162 682 2219 Kalendis
733 2164 975 2220 Januarii
1033 2167 1156 2222 novi
1211 2167 1365 2222 Coss.

346 2252 655 2316 Marcellus.
685 2264 740 2310 et
768 2255 1024 2311 Lentulus
1064 2272 1157 2325 per
1198 2258 1254 2310 S.
1301 2258 1362 2312 C.

349 2343 419 2397 de
464 2344 781 2398 dimissione
824 2345 1095 2399 exercitus
1139 2337 1372 2400 Caesaris

344 2432 520 2488 facem
546 2435 686 2490 bello
701 2436 843 2490 civili
869 2437 1235 2507 przetulerunt.
1255 2439 1372 2494 Cm:

351 2539 479 2587 sar,
531 2524 754 2594 trajecto
804 2526 1119 2592 Rubicone,
1170 2527 1370 2582 Arimi-

353 2629 506 2680 num,
542 2632 664 2669 mox
696 2616 915 2682 Urbem,
947 2628 1000 2671 et
1032 2618 1238 2672 Italiam
1270 2636 1360 2671 uc-

345 2712 534 2773 cupat,
568 2706 791 2774 expulso
812 2705 1069 2776 Pompeio
1097 2707 1234 2778 [Cic.
1262 2708 1351 2762 lib.

350 2813 444 2867 m
476 2797 650 2852 famil.
692 2813 777 2869 ep.
823 2785 1016 2871 it].1n
1058 2800 1368 2871 Hispaniain

337 2889 622 2958 profectus
651 2889 888 2959 Pompeii
926 2891 1128 2959 legatos
1173 2893 1240 2945 ad
1275 2893 1366 2946 tle-

338 2981 607 3035 ditionem
632 2978 928 3034 faciendam
952 2981 1112 3051 cogit.
1139 2981 1361 3035 Romam

335 3082 598 3124 reversus
621 3085 889 3146 mc'rnoa
916 3079 1149 3134 creatur,
1181 3070 1361 3126 Comi-

339 3158 543 3213 tiorum
580 3159 944 3213 habendorum
981 3174 1162 3214 causa.
1214 3161 1358 3215 Intra

337 3249 457 3303 dies
486 3266 538 3302 xt
570 3249 843 3304 dictatura
869 3250 1127 3305 abdicans
1150 3235 1373 3306 creatur.

333 3339 468 3394 Cos.
522 3339 576 3393 in
629 3355 828 3392 annum
864 3327 1188 3412 sequentem
1234 3359 1360 3397 cum

335 3429 398 3484 P.
442 3429 695 3485 Servilio.
747 3430 904 3501 [Caes
943 3432 1064 3488 bell.
1103 3433 1206 3488 civ.
1261 3434 1353 3489 lib.

337 3519 455 3591 ιιι.]

415 3613 608 3667 Annus
630 3613 801 3668 civilis
823 3613 980 3668 Rom.
996 3623 1220 3684 quartus
1242 3630 1367 3670 ante

336 3721 540 3784 novam
571 3706 961 3784 ordinationem
989 3706 1217 3762 Caesaris
1239 3722 1363 3762 con-

339 3781 454 3855 stat
484 3799 671 3853 diebus
698 3797 823 3853 555.

404 3887 552 3957 Ejus
578 3887 831 3945 Kalendae
859 3887 1135 3944 Januarite
1169 3905 1368 3960 prame-

337 3980 477 4033 dunt
539 3978 752 4032 initium
808 3993 959 4053 nova:
1005 3978 1358 4034 ordinationis

333 4069 572 4125 Cassaris
598 4071 725 4124 dict.
757 4069 944 4125 diebus
976 4070 1112 4125 1532
1137 4079 1194 4127 et
1223 4071 1362 4125 inci-

330 4160 472 4216 dunt
529 4159 581 4211 in
631 4159 771 4213 diem
817 4157 886 4211 9.2
940 4158 1179 4213 Octobris
1225 4160 1352 4212 anni

332 4249 466 4303 Per.
505 4246 608 4303 Jul.
652 4248 793 4302 4664
821 4264 915 4303 seu
959 4249 1027 4316 50
1073 4249 1354 4318 proleptici

332 4347 471 4393 ante
527 4352 688 4392 atram
719 4337 942 4392 Christi.
969 4336 1123 4392 Hunc
1154 4353 1352 4391 annum

329 4430 560 4496 signant
603 4427 849 4482 consules
873 4428 1147 4496 spectandi
1179 4427 1232 4481 in
1258 4427 1357 4480 Fa-

332 4519 440 4572 stis
459 4518 781 4571 mannoreis
795 4516 1122 4586 Capitolinis,
1139 4525 1193 4571 et
1217 4518 1371 4588 apud.

330 4607 634 4662 Gruterum
677 4607 769 4660 fol.
802 4623 985 4672 ccxcv,
1012 4607 1348 4672 Panvinium,

329 4697 612 4769 Pigltiutn,
645 4696 940 4766 Sigonium.

403 4802 457 4842 C.
489 4802 662 4841 IVLIVS
689 4801 739 4840 C.
778 4803 830 4839 F.
862 4802 910 4840 C.
943 4804 993 4841 Ν.
1016 4803 1211 4842 CAESAR
1237 4804 1276 4841 Ιῐ

408 4892 460 4934 ι›.
492 4875 751 4931 εειινὶιίυε
783 4875 942 4929 Vaeia
967 4877 1228 4931 Isauricus

328 4981 474 5037 quos
513 4966 762 5034 proxime
807 4966 1142 5034 subsequitur
1178 4969 1346 5022 dicta-

330 5069 455 5113 tura
478 5058 714 5113 Czesaris
735 5056 911 5126 prima
938 5073 952 5108 :
978 5072 1092 5125 quae
1116 5074 1234 5113 cum
1261 5073 1348 5111 an-

315 5133 438 5204 'nua
495 5150 701 5212 fuerit,
732 5153 910 5215 .parte
953 5148 1030 5201 sui
1076 5151 1340 5213 maxima,

553 5239 620 5294 ad
649 5251 861 5292 annum
901 5247 1224 5306 sequentem.
1266 5240 1342 5294 Ita

550 5332 599 5354 ξ...
628 5340 812 5354 ...οιΑ-Μ
862 5326 1143 5354 ρηπιζιηιῖ..-

1467 450 1587 493 ante

1442 519 1487 562 et
1517 520 1628 576 post

1449 578 1608 632 Palil.

1446 5239 1552 5294 704

1805 370 2013 444 Olymp.

1773 3586 1979 3658 Olymp.

1820 3680 1924 3733 182

2277 375 2474 430 Christi
2503 375 2842 432 communem.
3155 393 3274 436 ante

3124 451 3197 506 ίΕ
3205 470 3317 507 rant

2050 490 2256 544 riantur
2285 505 2405 545 cum
2454 491 2538 546 die
2567 491 2635 546 85
2665 492 2790 546 anni
2833 493 3060 562 Tarqni-

2049 583 2268 644 niensis,
2291 597 2386 637 seu
2411 582 2582 638 civilis
2605 598 2632 637 a
2656 582 2916 637 Romanis
2942 592 3067 638 tunc

2047 673 2292 728 adhibiti.
2323 673 2547 728 Constat
2584 674 2771 730 diebus
2808 675 2930 730 365.
2981 673 3068 730 Si-

2045 775 2242 832 gnatur
2266 765 2576 820 consulibus

2190 859 2250 913 C.
2285 858 2507 913 Claudio
2535 859 2786 914 Marcello

2191 955 2252 1008 L.
2283 954 2530 1009 Cornelio
2555 952 2799 1007 Lentulo.

2119 1046 2433 1100 Paterculus
2455 1046 2547 1098 lib.
2571 1061 2609 1097 ιι
2644 1044 2726 1098 bis
2755 1043 2905 1098 Ccss.
2933 1045 3066 1098 scri-

2047 1137 2126 1189 bit
2174 1135 2442 1190 exarsisse
2498 1132 2692 1187 bellutn
2747 1133 2902 1186 civile
2963 1144 3083 1201 post

2055 1228 2280 1281 Romam
2349 1225 2619 1280 conditam
2699 1240 2840 1278 anno
2899 1240 3060 1279 eccm

2048 1325 2100 1371 et
2147 1326 2272 1372 ante
2321 1315 2657 1370 consulatum
2700 1312 2895 1368 Vinicii
2946 1316 3059 1383 (qui

2043 1407 2303 1477 collegam
2350 1407 2534 1460 habuit
2572 1405 2814 1460 Cassium
2853 1405 3054 1476 Longi-

2047 1518 2174 1556 num
2229 1516 2352 1556 tera:
2395 1499 2597 1553 Christi
2650 1499 2798 1568 juxta
2833 1513 2932 1554 nos
2965 1497 3057 1569 29)

2042 1591 2200 1646 annis
2226 1605 2448 1644 Lxxvnl.

2338 1722 2469 1776 RES
2509 1718 2779 1776 GliSTzE.

2036 1815 2367 1877 Juda’ornm,
2400 1829 2460 1888 at:
2490 1812 2834 1888 ﬁnitimarum
2885 1810 3052 1888 regio-

2102 1901 2244 1946 num,
2294 1884 2552 1951 prafciptte
2597 1882 2737 1933 circa
2787 1882 2971 1945 sacra',
3005 1887 3054 1933 et

2109 1953 2378 2022 pontiﬁces
2413 1951 2775 2003 Ilebrworum.

2114 2043 2396 2114 Hyrcanus
2431 2055 2672 2096 summus
2707 2040 2958 2095 sacerdos
2989 2041 3057 2093 ab

2035 2134 2254 2188 Aarone
2275 2147 2364 2185 uv
2403 2147 2433 2185 e
2475 2129 2645 2197 stirpe
2684 2129 3057 2184 Assamonzeo—

2037 2241 2154 2278 rum
2188 2223 2513 2292 principum,
2547 2221 2635 2289 qui
2679 2221 3054 2289 pontiﬁcatum

2033 2314 2261 2368 iniverat
2273 2327 2408 2366 anno
2423 2312 2571 2364 tertio
2587 2309 2913 2379 Olympiadis
2929 2310 3052 2373 177,

2035 2404 2103 2470 ρ.
2141 2403 2426 2458 Hortensio
2478 2401 2543 2466 ρ.
2592 2399 2800 2454 Metello
2847 2398 3050 2454 Cretico

2035 2493 2182 2547 Cass.
2241 2491 2375 2562 lJos.
2432 2491 2523 2545 lib.
2575 2507 2683 2553 xrv,
2733 2506 2781 2544 c.
2830 2489 2880 2560 l]
2929 2499 3054 2544 ante

2035 2601 2200 2639 aerum
2230 2582 2449 2648 ,Christi
2491 2581 2558 2637 69
2587 2583 2636 2636 in
2668 2597 2889 2652 regnum
2928 2598 3059 2650 quo-

2032 2692 2135 2746 que
2163 2683 2498 2731 successerat
2525 2663 2659 2747 [Jos.
2679 2674 2772 2729 lib.
2794 2691 2884 2738 xv,
2910 2689 2962 2729 c.
2993 2673 3047 2746 9]

2033 2769 2212 2823 matri.
2243 2768 2438 2823 Pulsus
2463 2783 2494 2820 a
2525 2767 2694 2820 fratre
2739 2765 3052 2820 Aristobulo

2031 2861 2418 2915 restituebatur
2453 2875 2483 2913 a
2521 2859 2712 2928 Magno
2758 2856 3044 2926 Pompeio,

2029 2954 2203 3021 captis
2251 2949 2638 3021 Hierosolymis
2687 2951 2818 3022 Uos.
2868 2951 2961 3007 ilzi.
2997 2962 3052 3006 et

2031 3044 2127 3098 Dio
2153 3045 2243 3098 lib.
2275 3043 2392 3115 Lm]
2426 3052 2478 3098 et
2506 3058 2602 3113 per
2631 3043 2899 3098 Romanos
2921 3043 3051 3097 Pro-

2031 3134 2182 3190 Coss.
2229 3133 2536 3198 Gabinium,
2565 3133 2819 3188 crassum
2839 3173 2852 3199 ,
2887 3132 3050 3188 Bihué

2031 3225 2137 3278 lum
2176 3225 2258 3278 bis
2294 3223 2450 3278 annis
2480 3223 2726 3292 proxime
2760 3225 3050 3293 superiori-

2032 3315 2132 3367 bus
2179 3311 2565 3367 defendebatur
2607 3320 2796 3366 contra
2831 3312 3036 3381 inquie-

2031 3414 2143 3458 tum
2174 3403 2444 3473 ingenium
2481 3401 2801 3466 Aristobuli,
2829 3411 2881 3456 ct
2916 3401 3050 3457 illio-

2039 3513 2155 3550 rum
2192 3495 2307 3564 ejus

2091 3589 2148 3642 In
2178 3589 2318 3643 diem
2355 3587 2426 3641 29..
2455 3587 2704 3643 Octobris
2730 3589 2888 3658 hujus
2919 3589 3045 3643 anni

2031 3679 2312 3749 proleptici
2357 3676 2552 3732 Juliani
2601 3679 2670 3732 50
2715 3687 2837 3732 ante
2883 3693 3048 3733 atram

1783 3788 1953 3824 annus
2019 3770 2217 3824 Christi
2245 3770 2488 3824 incidunt
2503 3767 2759 3822 Kalendw
2773 3769 3048 3822 Januario:

1854 3874 1911 3916 ιν

1794 3954 1862 4008 Et
1892 3971 1955 4009 ea:

1782 4056 1960 4101 testate

1763 4135 1977 4204 Olymp.

1819 4223 1919 4278 185

2027 3861 2151 3914 anni
2179 3860 2605 3928 Tarquiniensis,
2624 3874 2716 3914 seu
2738 3860 2910 3914 civilis
2933 3860 3045 3914 Ro-

2024 3953 2186 4008 mani.

2494 4045 2564 4100 49
3151 4043 3222 4098 49

2096 4135 2280 4189 Annus
2305 4144 2528 4203 quartus
2559 4134 2887 4205 prolepticus
2917 4133 3038 4204 styli
3117 4133 3252 4186 Bias.

2026 4223 2222 4280 Juliani
2247 4234 2373 4277 ante
2400 4223 2792 4278 ordinationem
2809 4223 3040 4277 Carsaris

1669 4337 1722 4396 ι)
1778 4331 1946 4368 annus
2012 4314 2159 4370 et49
2196 4323 2320 4369 ante
2368 4329 2531 4368 aeram
2572 4312 2772 4369 Christi
2803 4329 3044 4369 commu-

2028 4423 2151 4462 nem
2185 4406 2388 4477 periodi
2418 4406 2642 4463 Julianac
2671 4404 2811 4462 4665
2836 4408 3045 4464 obtinet

2028 4514 2152 4553 suas
2218 4497 2483 4552 Kalendas
2536 4499 2785 4553 Januarii
2837 4501 2921 4553 die
2977 4500 3045 4552 7'2

2020 4587 2146 4642 anni
2178 4586 2587 4657 Tarquiniensis
2618 4583 3018 4651 Romanorum,

2021 4674 2137 4746 quae
2168 4677 2218 4730 in
2246 4676 2390 4732 Urbe
2404 4677 2546 4732 dicta
2575 4678 2673 4733 fuit
2699 4677 2826 4730 Idus
2846 4675 3024 4728 Martii

2020 4767 2190 4821 civilis
2245 4775 2367 4821 ante
2415 4767 2642 4823 Cmsaris
2698 4765 3033 4820 reformatio-

2019 4870 2140 4910 nem
2187 4863 2310 4909 tunc
2349 4855 2594 4910 adhibiti.
2636 4856 2889 4926 Signatnr
2914 4867 3041 4907 con-

2020 4946 2222 4999 sulibns

2155 5037 2216 5089 C.
2243 5036 2382 5090 Julio
2408 5034 2622 5092 Cmsare
2651 5037 2688 5090 lI

2155 5127 2213 5179 P.
2244 5127 2472 5182 Servilio
2509 5132 2669 5186 Vacia
2699 5131 2932 5182 Isaurico

2093 5217 2224 5271 Cum
2250 5219 2319 5272 sit
2344 5217 2646 5276 Bisscxtilis
2676 5226 2884 5276 constat
2924 5219 3035 5274 die-

3241 201 3345 258 333
