  <div class='ocr_page' id='page_1' title='image "/cluster/home/n/w/nwhite01/storage/ocr_20150623/127/hvd.32044015471683/205.png"; bbox 0 0 3918 6316; ppageno 0'>
   <div class='ocr_carea' id='block_1_1' title="bbox 617 355 2164 422">
    <p class='ocr_par' dir='ltr' id='par_1_1' title="bbox 617 361 2164 422">
     <span class='ocr_line' id='line_1_1' title="bbox 617 361 2164 422; baseline -0.005 0"><span class='ocrx_word' id='word_1_1' title='bbox 617 361 733 422; x_wconf 70' lang='lat'><strong>399</strong></span> <span class='ocrx_word' id='word_1_2' title='bbox 1355 365 1446 420; x_wconf 78' lang='lat' dir='ltr'><strong>AD</strong></span> <span class='ocrx_word' id='word_1_3' title='bbox 1483 362 1919 419; x_wconf 74' lang='lat' dir='ltr'><strong>ANASTASIUM</strong></span> <span class='ocrx_word' id='word_1_4' title='bbox 1959 361 2164 416; x_wconf 77' lang='lat' dir='ltr'><strong>PROLE</strong></span> 
     </span>
    </p>
   </div>
   <div class='ocr_carea' id='block_1_2' title="bbox 2251 355 3798 422">
    <p class='ocr_par' dir='ltr' id='par_1_2' title="bbox 2251 355 3798 417">
     <span class='ocr_line' id='line_1_2' title="bbox 2251 355 3798 417; baseline -0.005 0"><span class='ocrx_word' id='word_1_5' title='bbox 2251 360 2458 417; x_wconf 73' lang='lat' dir='ltr'><strong>)MENA</strong></span> <span class='ocrx_word' id='word_1_6' title='bbox 2499 357 2673 415; x_wconf 72' lang='lat' dir='ltr'><strong>EDIT.</strong></span> <span class='ocrx_word' id='word_1_7' title='bbox 2715 357 3128 414; x_wconf 56' lang='lat' dir='ltr'><strong>“ObL-VATIC.</strong></span> <span class='ocrx_word' id='word_1_8' title='bbox 3721 355 3798 410; x_wconf 58' lang='lat'><strong>6-13</strong></span> 
     </span>
    </p>
   </div>
   <div class='ocr_carea' id='block_1_3' title="bbox 683 467 3752 550">
    <p class='ocr_par' dir='ltr' id='par_1_3' title="bbox 683 467 3752 550">
     <span class='ocr_line' id='line_1_3' title="bbox 683 467 3752 550; baseline -0.002 -22"><span class='ocrx_word' id='word_1_9' title='bbox 683 474 829 550; x_wconf 56' lang='lat' dir='ltr'><strong>ﬁniti</strong></span> <span class='ocrx_word' id='word_1_10' title='bbox 895 475 1032 531; x_wconf 77' lang='lat' dir='ltr'><strong>Anni</strong></span> <span class='ocrx_word' id='word_1_11' title='bbox 1053 474 1200 531; x_wconf 84' lang='lat' dir='ltr'><strong>Rom.</strong></span> <span class='ocrx_word' id='word_1_12' title='bbox 1226 478 1722 550; x_wconf 71' lang='lat' dir='ltr'><strong>civiles,__eorumque</strong></span> <span class='ocrx_word' id='word_1_13' title='bbox 1750 492 1886 550; x_wconf 46' lang='lat' dir='ltr'><strong>com:</strong></span> <span class='ocrx_word' id='word_1_14' title='bbox 1962 477 2108 550; x_wconf 49' lang='lat' dir='ltr'><strong>Anni</strong></span> <span class='ocrx_word' id='word_1_15' title='bbox 2206 479 2257 538; x_wconf 71' lang='grc' dir='ltr'><strong>Α</strong></span> <span class='ocrx_word' id='word_1_16' title='bbox 2332 473 2489 550; x_wconf 50' lang='lat' dir='ltr'><strong>Anni</strong></span> <span class='ocrx_word' id='word_1_17' title='bbox 2559 472 2695 526; x_wconf 78' lang='lat' dir='ltr'><strong>Anni</strong></span> <span class='ocrx_word' id='word_1_18' title='bbox 2717 472 2922 550; x_wconf 63' lang='lat' dir='ltr'><strong>Iuliani</strong></span> <span class='ocrx_word' id='word_1_19' title='bbox 2947 470 3206 550; x_wconf 59' lang='grc' dir='ltr'><strong>ιρι-οισι)ιὶσὶ</strong></span> <span class='ocrx_word' id='word_1_20' title='bbox 3235 483 3355 523; x_wconf 85' lang='lat' dir='ltr'><strong>ante</strong></span> <span class='ocrx_word' id='word_1_21' title='bbox 3379 468 3566 523; x_wconf 49' lang='lat' dir='ltr'><strong>[Eram</strong></span> <span class='ocrx_word' id='word_1_22' title='bbox 3638 467 3752 522; x_wconf 67' lang='lat' dir='ltr'><strong>Anni</strong></span> 
     </span>
    </p>
   </div>
   <div class='ocr_carea' id='block_1_4' title="bbox 967 788 1839 858">
    <p class='ocr_par' dir='ltr' id='par_1_4' title="bbox 967 788 1839 858">
     <span class='ocr_line' id='line_1_4' title="bbox 967 788 1839 858; baseline -0.008 -11"><span class='ocrx_word' id='word_1_23' title='bbox 967 789 1321 847; x_wconf 84' lang='lat' dir='ltr'><strong>Romanorum</strong></span> <span class='ocrx_word' id='word_1_24' title='bbox 1339 830 1355 855; x_wconf 86' lang='lat'><strong>,</strong></span> <span class='ocrx_word' id='word_1_25' title='bbox 1383 803 1660 858; x_wconf 85' lang='lat' dir='ltr'><strong>earumque</strong></span> <span class='ocrx_word' id='word_1_26' title='bbox 1679 788 1839 841; x_wconf 79' lang='lat' dir='ltr'><strong>docu-</strong></span> 
     </span>
    </p>
   </div>
   <div class='ocr_carea' id='block_1_5' title="bbox 1300 867 1492 912">
    <p class='ocr_par' dir='ltr' id='par_1_5' title="bbox 1300 867 1492 912">
     <span class='ocr_line' id='line_1_5' title="bbox 1300 867 1492 912; baseline -0.005 -1"><span class='ocrx_word' id='word_1_27' title='bbox 1300 867 1492 912; x_wconf 84' lang='lat' dir='ltr'><strong>menta.</strong></span> 
     </span>
    </p>
   </div>
   <div class='ocr_carea' id='block_1_6' title="bbox 969 947 1901 1007">
    <p class='ocr_par' dir='ltr' id='par_1_6' title="bbox 969 947 1901 1007">
     <span class='ocr_line' id='line_1_6' title="bbox 969 947 1901 1007; baseline -0.01 1"><span class='ocrx_word' id='word_1_28' title='bbox 969 949 1151 1007; x_wconf 62' lang='lat' dir='ltr'><strong>Caesar</strong></span> <span class='ocrx_word' id='word_1_29' title='bbox 1184 949 1426 1004; x_wconf 87' lang='lat' dir='ltr'><strong>abdicata</strong></span> <span class='ocrx_word' id='word_1_30' title='bbox 1455 947 1716 1003; x_wconf 91' lang='lat' dir='ltr'><strong>dictatura</strong></span> <span class='ocrx_word' id='word_1_31' title='bbox 1750 961 1901 1000; x_wconf 81' lang='lat' dir='ltr'><strong>crea-</strong></span> 
     </span>
    </p>
   </div>
   <div class='ocr_carea' id='block_1_7' title="bbox 899 1024 1896 1098">
    <p class='ocr_par' dir='ltr' id='par_1_7' title="bbox 899 1024 1896 1098">
     <span class='ocr_line' id='line_1_7' title="bbox 899 1024 1896 1098; baseline -0.008 -13"><span class='ocrx_word' id='word_1_32' title='bbox 899 1039 984 1085; x_wconf 87' lang='lat' dir='ltr'><strong>tus</strong></span> <span class='ocrx_word' id='word_1_33' title='bbox 1008 1028 1052 1084; x_wconf 90' lang='lat' dir='ltr'><strong>ll</strong></span> <span class='ocrx_word' id='word_1_34' title='bbox 1085 1029 1271 1084; x_wconf 88' lang='lat' dir='ltr'><strong>consul</strong></span> <span class='ocrx_word' id='word_1_35' title='bbox 1298 1027 1452 1098; x_wconf 77' lang='lat' dir='ltr'><strong>|C:es.</strong></span> <span class='ocrx_word' id='word_1_36' title='bbox 1483 1024 1605 1080; x_wconf 89' lang='lat' dir='ltr'><strong>bell.</strong></span> <span class='ocrx_word' id='word_1_37' title='bbox 1631 1025 1775 1079; x_wconf 85' lang='lat' dir='ltr'><strong>civil.</strong></span> <span class='ocrx_word' id='word_1_38' title='bbox 1804 1024 1896 1078; x_wconf 93' lang='lat' dir='ltr'><strong>lib.</strong></span> 
     </span>
    </p>
   </div>
   <div class='ocr_carea' id='block_1_8' title="bbox 905 1101 1897 1180">
    <p class='ocr_par' dir='ltr' id='par_1_8' title="bbox 905 1101 1897 1180">
     <span class='ocr_line' id='line_1_8' title="bbox 905 1101 1897 1180; baseline -0.008 -19"><span class='ocrx_word' id='word_1_39' title='bbox 905 1105 990 1180; x_wconf 88' lang='grc' dir='ltr'><strong>ιιι]</strong></span> <span class='ocrx_word' id='word_1_40' title='bbox 1005 1107 1072 1162; x_wconf 88' lang='lat' dir='ltr'><strong>ab</strong></span> <span class='ocrx_word' id='word_1_41' title='bbox 1087 1107 1217 1160; x_wconf 84' lang='lat' dir='ltr'><strong>urbe</strong></span> <span class='ocrx_word' id='word_1_42' title='bbox 1229 1103 1584 1158; x_wconf 82' lang='lat' dir='ltr'><strong>Brundusium</strong></span> <span class='ocrx_word' id='word_1_43' title='bbox 1605 1101 1897 1172; x_wconf 85' lang='lat' dir='ltr'><strong>profectus,</strong></span> 
     </span>
    </p>
   </div>
   <div class='ocr_carea' id='block_1_9' title="bbox 891 1179 1902 1251">
    <p class='ocr_par' dir='ltr' id='par_1_9' title="bbox 891 1179 1902 1251">
     <span class='ocr_line' id='line_1_9' title="bbox 891 1179 1902 1251; baseline -0.008 -11"><span class='ocrx_word' id='word_1_44' title='bbox 891 1184 1018 1240; x_wconf 83' lang='lat' dir='ltr'><strong>inde</strong></span> <span class='ocrx_word' id='word_1_45' title='bbox 1063 1183 1240 1248; x_wconf 79' lang='lat' dir='ltr'><strong>solvit,</strong></span> <span class='ocrx_word' id='word_1_46' title='bbox 1287 1182 1607 1251; x_wconf 53' lang='lat' dir='ltr'><strong>in‘Epirum</strong></span> <span class='ocrx_word' id='word_1_47' title='bbox 1644 1179 1902 1249; x_wconf 75' lang='lat' dir='ltr'><strong>navigans</strong></span> 
     </span>
    </p>
   </div>
   <div class='ocr_carea' id='block_1_10' title="bbox 889 1257 1891 1336">
    <p class='ocr_par' dir='ltr' id='par_1_10' title="bbox 889 1257 1891 1336">
     <span class='ocr_line' id='line_1_10' title="bbox 889 1257 1891 1336; baseline -0.009 -17"><span class='ocrx_word' id='word_1_48' title='bbox 889 1262 1063 1336; x_wconf 81' lang='lat' dir='ltr'><strong>pridie</strong></span> <span class='ocrx_word' id='word_1_49' title='bbox 1109 1261 1286 1318; x_wconf 82' lang='lat' dir='ltr'><strong>Nonas</strong></span> <span class='ocrx_word' id='word_1_50' title='bbox 1333 1259 1575 1316; x_wconf 78' lang='lat' dir='ltr'><strong>Januarii</strong></span> <span class='ocrx_word' id='word_1_51' title='bbox 1638 1257 1778 1329; x_wconf 86' lang='lat' dir='ltr'><strong>[ibi].</strong></span> <span class='ocrx_word' id='word_1_52' title='bbox 1834 1257 1891 1310; x_wconf 86' lang='grc' dir='ltr'><strong>ιιι</strong></span> 
     </span>
    </p>
   </div>
   <div class='ocr_carea' id='block_1_11' title="bbox 889 1337 1891 1412">
    <p class='ocr_par' dir='ltr' id='par_1_11' title="bbox 889 1337 1891 1412">
     <span class='ocr_line' id='line_1_11' title="bbox 889 1337 1891 1412; baseline -0.008 -15"><span class='ocrx_word' id='word_1_53' title='bbox 889 1343 1093 1412; x_wconf 89' lang='lat' dir='ltr'><strong>campis</strong></span> <span class='ocrx_word' id='word_1_54' title='bbox 1116 1341 1432 1396; x_wconf 81' lang='lat' dir='ltr'><strong>Pharsalicis</strong></span> <span class='ocrx_word' id='word_1_55' title='bbox 1454 1339 1690 1408; x_wconf 82' lang='lat' dir='ltr'><strong>conﬂigit</strong></span> <span class='ocrx_word' id='word_1_56' title='bbox 1715 1337 1891 1391; x_wconf 81' lang='lat' dir='ltr'><strong>me‘dia</strong></span> 
     </span>
    </p>
   </div>
   <div class='ocr_carea' id='block_1_12' title="bbox 891 1414 1897 1492">
    <p class='ocr_par' dir='ltr' id='par_1_12' title="bbox 891 1414 1897 1492">
     <span class='ocr_line' id='line_1_12' title="bbox 891 1414 1897 1492; baseline -0.009 -14"><span class='ocrx_word' id='word_1_57' title='bbox 891 1433 1079 1478; x_wconf 63' lang='lat' dir='ltr'><strong>aestate</strong></span> <span class='ocrx_word' id='word_1_58' title='bbox 1128 1420 1436 1492; x_wconf 88' lang='lat' dir='ltr'><strong>[Plutarch.</strong></span> <span class='ocrx_word' id='word_1_59' title='bbox 1483 1420 1534 1473; x_wconf 93' lang='lat' dir='ltr'><strong>in</strong></span> <span class='ocrx_word' id='word_1_60' title='bbox 1580 1414 1769 1487; x_wconf 78' lang='lat' dir='ltr'><strong>Bruto]</strong></span> <span class='ocrx_word' id='word_1_61' title='bbox 1811 1415 1897 1469; x_wconf 91' lang='lat' dir='ltr'><strong>die</strong></span> 
     </span>
    </p>
   </div>
   <div class='ocr_carea' id='block_1_13' title="bbox 887 1494 1895 1566">
    <p class='ocr_par' dir='ltr' id='par_1_13' title="bbox 887 1494 1895 1566">
     <span class='ocr_line' id='line_1_13' title="bbox 887 1494 1895 1566; baseline -0.011 -10"><span class='ocrx_word' id='word_1_62' title='bbox 887 1497 924 1556; x_wconf 81' lang='lat'><strong>9</strong></span> <span class='ocrx_word' id='word_1_63' title='bbox 967 1497 1188 1554; x_wconf 77' lang='lat' dir='ltr'><strong>Sextilis</strong></span> <span class='ocrx_word' id='word_1_64' title='bbox 1221 1494 1626 1566; x_wconf 83' lang='lat' dir='ltr'><strong>Tarquiniensis</strong></span> <span class='ocrx_word' id='word_1_65' title='bbox 1675 1509 1726 1547; x_wconf 96' lang='lat' dir='ltr'><strong>v.</strong></span> <span class='ocrx_word' id='word_1_66' title='bbox 1785 1509 1895 1547; x_wconf 76' lang='lat' dir='ltr'><strong>sin.</strong></span> 
     </span>
    </p>
   </div>
   <div class='ocr_carea' id='block_1_14' title="bbox 891 1569 1902 1641">
    <p class='ocr_par' dir='ltr' id='par_1_14' title="bbox 891 1569 1902 1641">
     <span class='ocr_line' id='line_1_14' title="bbox 891 1569 1902 1641; baseline -0.009 -10"><span class='ocrx_word' id='word_1_67' title='bbox 891 1590 1116 1631; x_wconf 70' lang='lat' dir='ltr'><strong>AVGVS&#39;I&#39;I</strong></span> <span class='ocrx_word' id='word_1_68' title='bbox 1147 1591 1199 1629; x_wconf 76' lang='grc' dir='ltr'><strong>ι).</strong></span> <span class='ocrx_word' id='word_1_69' title='bbox 1229 1589 1400 1629; x_wconf 82' lang='lat' dir='ltr'><strong>ivuvs</strong></span> <span class='ocrx_word' id='word_1_70' title='bbox 1421 1587 1604 1627; x_wconf 73' lang='grc' dir='ltr'><strong>ιίιιιιδ.</strong></span> <span class='ocrx_word' id='word_1_71' title='bbox 1627 1586 1774 1626; x_wconf 75' lang='grc' dir='ltr'><strong>νιοιτ</strong></span> <span class='ocrx_word' id='word_1_72' title='bbox 1804 1569 1902 1641; x_wconf 85' lang='lat' dir='ltr'><strong>[le-</strong></span> 
     </span>
    </p>
   </div>
   <div class='ocr_carea' id='block_1_15' title="bbox 892 1651 1900 1726">
    <p class='ocr_par' dir='ltr' id='par_1_15' title="bbox 892 1651 1900 1726">
     <span class='ocr_line' id='line_1_15' title="bbox 892 1651 1900 1726; baseline -0.008 -17"><span class='ocrx_word' id='word_1_73' title='bbox 892 1653 1041 1726; x_wconf 72' lang='lat' dir='ltr'><strong>gitur</strong></span> <span class='ocrx_word' id='word_1_74' title='bbox 1078 1655 1132 1708; x_wconf 89' lang='lat' dir='ltr'><strong>in</strong></span> <span class='ocrx_word' id='word_1_75' title='bbox 1181 1653 1346 1707; x_wconf 85' lang='lat' dir='ltr'><strong>veteri</strong></span> <span class='ocrx_word' id='word_1_76' title='bbox 1386 1651 1708 1707; x_wconf 83' lang='lat' dir='ltr'><strong>Kalendario</strong></span> <span class='ocrx_word' id='word_1_77' title='bbox 1755 1664 1900 1704; x_wconf 85' lang='lat' dir='ltr'><strong>mar-</strong></span> 
     </span>
    </p>
   </div>
   <div class='ocr_carea' id='block_1_16' title="bbox 888 1730 1896 1796">
    <p class='ocr_par' dir='ltr' id='par_1_16' title="bbox 888 1730 1896 1796">
     <span class='ocr_line' id='line_1_16' title="bbox 888 1730 1896 1796; baseline -0.006 -10"><span class='ocrx_word' id='word_1_78' title='bbox 888 1745 1077 1786; x_wconf 88' lang='lat' dir='ltr'><strong>moreo</strong></span> <span class='ocrx_word' id='word_1_79' title='bbox 1097 1731 1151 1784; x_wconf 88' lang='lat' dir='ltr'><strong>in</strong></span> <span class='ocrx_word' id='word_1_80' title='bbox 1178 1731 1346 1784; x_wconf 88' lang='lat' dir='ltr'><strong>ruinis</strong></span> <span class='ocrx_word' id='word_1_81' title='bbox 1367 1730 1640 1784; x_wconf 82' lang='lat' dir='ltr'><strong>Antiatum</strong></span> <span class='ocrx_word' id='word_1_82' title='bbox 1663 1736 1896 1796; x_wconf 87' lang='lat' dir='ltr'><strong>reperto,</strong></span> 
     </span>
    </p>
   </div>
   <div class='ocr_carea' id='block_1_17' title="bbox 899 1804 1898 1864">
    <p class='ocr_par' dir='ltr' id='par_1_17' title="bbox 899 1804 1898 1864">
     <span class='ocr_line' id='line_1_17' title="bbox 899 1804 1898 1864; baseline -0.007 0"><span class='ocrx_word' id='word_1_83' title='bbox 899 1817 956 1864; x_wconf 88' lang='lat' dir='ltr'><strong>ct</strong></span> <span class='ocrx_word' id='word_1_84' title='bbox 988 1809 1042 1864; x_wconf 90' lang='lat' dir='ltr'><strong>in</strong></span> <span class='ocrx_word' id='word_1_85' title='bbox 1070 1809 1331 1863; x_wconf 67' lang='lat' dir='ltr'><strong>Musarum</strong></span> <span class='ocrx_word' id='word_1_86' title='bbox 1353 1808 1512 1864; x_wconf 88' lang='lat' dir='ltr'><strong>Card.</strong></span> <span class='ocrx_word' id='word_1_87' title='bbox 1535 1807 1684 1862; x_wconf 83' lang='lat' dir='ltr'><strong>Alex.</strong></span> <span class='ocrx_word' id='word_1_88' title='bbox 1708 1804 1898 1860; x_wconf 79' lang='lat' dir='ltr'><strong>Albani</strong></span> 
     </span>
    </p>
   </div>
   <div class='ocr_carea' id='block_1_18' title="bbox 897 1883 1889 1959">
    <p class='ocr_par' dir='ltr' id='par_1_18' title="bbox 897 1883 1889 1959">
     <span class='ocr_line' id='line_1_18' title="bbox 897 1883 1889 1959; baseline -0.008 -14"><span class='ocrx_word' id='word_1_89' title='bbox 897 1887 1182 1959; x_wconf 84' lang='lat' dir='ltr'><strong>translato]</strong></span> <span class='ocrx_word' id='word_1_90' title='bbox 1213 1902 1329 1954; x_wconf 68' lang='lat' dir='ltr'><strong>quae</strong></span> <span class='ocrx_word' id='word_1_91' title='bbox 1348 1887 1462 1943; x_wconf 89' lang='lat' dir='ltr'><strong>dies</strong></span> <span class='ocrx_word' id='word_1_92' title='bbox 1481 1885 1766 1956; x_wconf 88' lang='lat' dir='ltr'><strong>respondet</strong></span> <span class='ocrx_word' id='word_1_93' title='bbox 1785 1883 1889 1938; x_wconf 90' lang='lat' dir='ltr'><strong>diei</strong></span> 
     </span>
    </p>
   </div>
   <div class='ocr_carea' id='block_1_19' title="bbox 895 1963 1904 2031">
    <p class='ocr_par' dir='ltr' id='par_1_19' title="bbox 895 1963 1904 2031">
     <span class='ocr_line' id='line_1_19' title="bbox 895 1963 1904 2031; baseline -0.008 -7"><span class='ocrx_word' id='word_1_94' title='bbox 895 1969 932 2024; x_wconf 87' lang='lat'><strong><em>9</em></strong></span> <span class='ocrx_word' id='word_1_95' title='bbox 977 1965 1125 2027; x_wconf 72' lang='lat' dir='ltr'><strong>Junii</strong></span> <span class='ocrx_word' id='word_1_96' title='bbox 1176 1965 1392 2020; x_wconf 83' lang='lat' dir='ltr'><strong>Juliani.</strong></span> <span class='ocrx_word' id='word_1_97' title='bbox 1451 1967 1604 2021; x_wconf 77' lang='lat' dir='ltr'><strong>Victo</strong></span> <span class='ocrx_word' id='word_1_98' title='bbox 1649 1963 1904 2031; x_wconf 85' lang='lat' dir='ltr'><strong>Pompeio</strong></span> 
     </span>
    </p>
   </div>
   <div class='ocr_carea' id='block_1_20' title="bbox 897 2043 1904 2115">
    <p class='ocr_par' dir='ltr' id='par_1_20' title="bbox 897 2043 1904 2115">
     <span class='ocr_line' id='line_1_20' title="bbox 897 2043 1904 2115; baseline -0.006 -13"><span class='ocrx_word' id='word_1_99' title='bbox 897 2045 1276 2103; x_wconf 73' lang='lat' dir='ltr'><strong>Alexandriam</strong></span> <span class='ocrx_word' id='word_1_100' title='bbox 1320 2045 1556 2115; x_wconf 78' lang='lat' dir='ltr'><strong>navigat,</strong></span> <span class='ocrx_word' id='word_1_101' title='bbox 1602 2043 1904 2113; x_wconf 85' lang='lat' dir='ltr'><strong>suspicatus</strong></span> 
     </span>
    </p>
   </div>
   <div class='ocr_carea' id='block_1_21' title="bbox 901 2123 1894 2193">
    <p class='ocr_par' dir='ltr' id='par_1_21' title="bbox 901 2123 1894 2193">
     <span class='ocr_line' id='line_1_21' title="bbox 901 2123 1894 2193; baseline -0.007 -12"><span class='ocrx_word' id='word_1_102' title='bbox 901 2138 1028 2182; x_wconf 88' lang='lat' dir='ltr'><strong>eum</strong></span> <span class='ocrx_word' id='word_1_103' title='bbox 1073 2140 1132 2181; x_wconf 90' lang='lat' dir='ltr'><strong>se</strong></span> <span class='ocrx_word' id='word_1_104' title='bbox 1177 2125 1443 2193; x_wconf 87' lang='lat' dir='ltr'><strong>recepisse</strong></span> <span class='ocrx_word' id='word_1_105' title='bbox 1487 2125 1540 2179; x_wconf 90' lang='lat' dir='ltr'><strong>in</strong></span> <span class='ocrx_word' id='word_1_106' title='bbox 1586 2123 1894 2193; x_wconf 65' lang='lat' dir='ltr'><strong>Egyptum.</strong></span> 
     </span>
    </p>
   </div>
   <div class='ocr_carea' id='block_1_22' title="bbox 898 2202 1902 2276">
    <p class='ocr_par' dir='ltr' id='par_1_22' title="bbox 898 2202 1902 2276">
     <span class='ocr_line' id='line_1_22' title="bbox 898 2202 1902 2276; baseline -0.008 -13"><span class='ocrx_word' id='word_1_107' title='bbox 898 2205 1098 2263; x_wconf 67' lang='lat' dir='ltr'><strong>Verum</strong></span> <span class='ocrx_word' id='word_1_108' title='bbox 1125 2206 1388 2276; x_wconf 88' lang='lat' dir='ltr'><strong>hospitem</strong></span> <span class='ocrx_word' id='word_1_109' title='bbox 1429 2204 1676 2274; x_wconf 82' lang='lat' dir='ltr'><strong>Magnum</strong></span> <span class='ocrx_word' id='word_1_110' title='bbox 1715 2202 1902 2272; x_wconf 80' lang='lat' dir='ltr'><strong>perﬁdi</strong></span> 
     </span>
    </p>
   </div>
   <div class='ocr_carea' id='block_1_23' title="bbox 892 2281 1894 2354">
    <p class='ocr_par' dir='ltr' id='par_1_23' title="bbox 892 2281 1894 2354">
     <span class='ocr_line' id='line_1_23' title="bbox 892 2281 1894 2354; baseline -0.001 -18"><span class='ocrx_word' id='word_1_111' title='bbox 892 2292 1140 2341; x_wconf 77' lang='lat' dir='ltr'><strong>vectores</strong></span> <span class='ocrx_word' id='word_1_112' title='bbox 1182 2287 1502 2340; x_wconf 88' lang='lat' dir='ltr'><strong>obtruncant</strong></span> <span class='ocrx_word' id='word_1_113' title='bbox 1551 2282 1722 2354; x_wconf 87' lang='lat' dir='ltr'><strong>pridie</strong></span> <span class='ocrx_word' id='word_1_114' title='bbox 1777 2281 1894 2350; x_wconf 82' lang='lat' dir='ltr'><strong>ejus</strong></span> 
     </span>
    </p>
   </div>
   <div class='ocr_carea' id='block_1_24' title="bbox 895 2359 1899 2432">
    <p class='ocr_par' dir='ltr' id='par_1_24' title="bbox 895 2359 1899 2432">
     <span class='ocr_line' id='line_1_24' title="bbox 895 2359 1899 2432; baseline -0.006 -13"><span class='ocrx_word' id='word_1_115' title='bbox 895 2362 1101 2419; x_wconf 70' lang='lat' dir='ltr'><strong>Natalis</strong></span> <span class='ocrx_word' id='word_1_116' title='bbox 1129 2364 1183 2418; x_wconf 82' lang='grc' dir='ltr'><strong>ιι.</strong></span> <span class='ocrx_word' id='word_1_117' title='bbox 1221 2378 1270 2418; x_wconf 90' lang='lat' dir='ltr'><strong>e.</strong></span> <span class='ocrx_word' id='word_1_118' title='bbox 1303 2364 1473 2432; x_wconf 88' lang='lat' dir='ltr'><strong>pridie</strong></span> <span class='ocrx_word' id='word_1_119' title='bbox 1502 2361 1618 2417; x_wconf 78' lang='lat' dir='ltr'><strong>Kal.</strong></span> <span class='ocrx_word' id='word_1_120' title='bbox 1653 2359 1899 2417; x_wconf 86' lang='lat' dir='ltr'><strong>Octobris</strong></span> 
     </span>
    </p>
   </div>
   <div class='ocr_carea' id='block_1_25' title="bbox 893 2440 1898 2512">
    <p class='ocr_par' dir='ltr' id='par_1_25' title="bbox 893 2440 1898 2512">
     <span class='ocr_line' id='line_1_25' title="bbox 893 2440 1898 2512; baseline -0.001 -16"><span class='ocrx_word' id='word_1_121' title='bbox 893 2444 1024 2498; x_wconf 82' lang='lat' dir='ltr'><strong>anni</strong></span> <span class='ocrx_word' id='word_1_122' title='bbox 1052 2443 1456 2512; x_wconf 85' lang='lat' dir='ltr'><strong>Tarquiniensis</strong></span> <span class='ocrx_word' id='word_1_123' title='bbox 1481 2460 1492 2496; x_wconf 93' lang='lat'><strong>:</strong></span> <span class='ocrx_word' id='word_1_124' title='bbox 1521 2456 1640 2511; x_wconf 67' lang='lat' dir='ltr'><strong>qua:</strong></span> <span class='ocrx_word' id='word_1_125' title='bbox 1668 2440 1783 2494; x_wconf 86' lang='lat' dir='ltr'><strong>dies</strong></span> <span class='ocrx_word' id='word_1_126' title='bbox 1812 2453 1898 2495; x_wconf 82' lang='lat' dir='ltr'><strong>re-</strong></span> 
     </span>
    </p>
   </div>
   <div class='ocr_carea' id='block_1_26' title="bbox 891 2521 1896 2595">
    <p class='ocr_par' dir='ltr' id='par_1_26' title="bbox 891 2521 1896 2595">
     <span class='ocr_line' id='line_1_26' title="bbox 891 2521 1896 2595; baseline -0.003 -15"><span class='ocrx_word' id='word_1_127' title='bbox 891 2527 1118 2595; x_wconf 71' lang='lat' dir='ltr'><strong>apondet</strong></span> <span class='ocrx_word' id='word_1_128' title='bbox 1169 2527 1288 2580; x_wconf 90' lang='lat' dir='ltr'><strong>huic</strong></span> <span class='ocrx_word' id='word_1_129' title='bbox 1333 2541 1474 2580; x_wconf 91' lang='lat' dir='ltr'><strong>anno</strong></span> <span class='ocrx_word' id='word_1_130' title='bbox 1498 2525 1570 2579; x_wconf 71' lang='lat'><strong>25</strong></span> <span class='ocrx_word' id='word_1_131' title='bbox 1611 2521 1896 2591; x_wconf 85' lang='lat' dir='ltr'><strong>Quinctilis</strong></span> 
     </span>
    </p>
   </div>
   <div class='ocr_carea' id='block_1_27' title="bbox 884 2607 1894 2685">
    <p class='ocr_par' dir='ltr' id='par_1_27' title="bbox 884 2607 1894 2685">
     <span class='ocr_line' id='line_1_27' title="bbox 884 2607 1894 2685; baseline -0.002 -19"><span class='ocrx_word' id='word_1_132' title='bbox 884 2609 1085 2668; x_wconf 81' lang='lat' dir='ltr'><strong>Juliani</strong></span> <span class='ocrx_word' id='word_1_133' title='bbox 1127 2611 1384 2685; x_wconf 80' lang='lat' dir='ltr'><strong>[Velleius</strong></span> <span class='ocrx_word' id='word_1_134' title='bbox 1407 2613 1502 2668; x_wconf 89' lang='lat' dir='ltr'><strong>lib.</strong></span> <span class='ocrx_word' id='word_1_135' title='bbox 1531 2628 1597 2679; x_wconf 87' lang='lat' dir='ltr'><strong>ll,</strong></span> <span class='ocrx_word' id='word_1_136' title='bbox 1630 2627 1747 2683; x_wconf 91' lang='lat' dir='ltr'><strong>cap.</strong></span> <span class='ocrx_word' id='word_1_137' title='bbox 1778 2607 1894 2681; x_wconf 79' lang='lat'><strong>53].</strong></span> 
     </span>
    </p>
   </div>
   <div class='ocr_carea' id='block_1_28' title="bbox 889 2701 1898 2774">
    <p class='ocr_par' dir='ltr' id='par_1_28' title="bbox 889 2701 1898 2774">
     <span class='ocr_line' id='line_1_28' title="bbox 889 2701 1898 2774; baseline -0.002 -16"><span class='ocrx_word' id='word_1_138' title='bbox 889 2701 1061 2774; x_wconf 82' lang='lat' dir='ltr'><strong>Caput</strong></span> <span class='ocrx_word' id='word_1_139' title='bbox 1083 2705 1149 2760; x_wconf 91' lang='lat' dir='ltr'><strong>ad</strong></span> <span class='ocrx_word' id='word_1_140' title='bbox 1168 2719 1227 2758; x_wconf 91' lang='lat' dir='ltr'><strong>se</strong></span> <span class='ocrx_word' id='word_1_141' title='bbox 1248 2703 1466 2760; x_wconf 88' lang='lat' dir='ltr'><strong>allatum</strong></span> <span class='ocrx_word' id='word_1_142' title='bbox 1489 2703 1669 2760; x_wconf 67' lang='lat' dir='ltr'><strong>Caesar</strong></span> <span class='ocrx_word' id='word_1_143' title='bbox 1687 2703 1898 2771; x_wconf 81' lang='lat' dir='ltr'><strong>excepit</strong></span> 
     </span>
    </p>
   </div>
   <div class='ocr_carea' id='block_1_29' title="bbox 895 2789 1888 2864">
    <p class='ocr_par' dir='ltr' id='par_1_29' title="bbox 895 2789 1888 2864">
     <span class='ocr_line' id='line_1_29' title="bbox 895 2789 1888 2864; baseline 0 -18"><span class='ocrx_word' id='word_1_144' title='bbox 895 2789 1170 2864; x_wconf 85' lang='lat' dir='ltr'><strong>lacrymis,</strong></span> <span class='ocrx_word' id='word_1_145' title='bbox 1201 2803 1254 2848; x_wconf 91' lang='lat' dir='ltr'><strong>et</strong></span> <span class='ocrx_word' id='word_1_146' title='bbox 1285 2794 1344 2848; x_wconf 75' lang='lat' dir='ltr'><strong>iu‘</strong></span> <span class='ocrx_word' id='word_1_147' title='bbox 1371 2793 1627 2848; x_wconf 89' lang='lat' dir='ltr'><strong>suburbio</strong></span> <span class='ocrx_word' id='word_1_148' title='bbox 1656 2792 1888 2848; x_wconf 80' lang='lat' dir='ltr'><strong>excitato</strong></span> 
     </span>
    </p>
   </div>
   <div class='ocr_carea' id='block_1_30' title="bbox 895 2880 1892 2951">
    <p class='ocr_par' dir='ltr' id='par_1_30' title="bbox 895 2880 1892 2951">
     <span class='ocr_line' id='line_1_30' title="bbox 895 2880 1892 2951; baseline -0.006 -13"><span class='ocrx_word' id='word_1_149' title='bbox 895 2881 1094 2938; x_wconf 83' lang='lat' dir='ltr'><strong>sacello</strong></span> <span class='ocrx_word' id='word_1_150' title='bbox 1119 2880 1402 2937; x_wconf 82' lang='lat' dir='ltr'><strong>Nemeseos</strong></span> <span class='ocrx_word' id='word_1_151' title='bbox 1428 2880 1643 2951; x_wconf 89' lang='lat' dir='ltr'><strong>sepeliri</strong></span> <span class='ocrx_word' id='word_1_152' title='bbox 1678 2881 1892 2935; x_wconf 89' lang='lat' dir='ltr'><strong>curavit</strong></span> 
     </span>
    </p>
   </div>
   <div class='ocr_carea' id='block_1_31' title="bbox 887 2968 1888 3044">
    <p class='ocr_par' dir='ltr' id='par_1_31' title="bbox 887 2968 1888 3044">
     <span class='ocr_line' id='line_1_31' title="bbox 887 2968 1888 3044; baseline 0 -20"><span class='ocrx_word' id='word_1_153' title='bbox 887 2968 1139 3044; x_wconf 69' lang='lat' dir='ltr'><strong>[Appiam</strong></span> <span class='ocrx_word' id='word_1_154' title='bbox 1185 2971 1454 3027; x_wconf 83' lang='lat' dir='ltr'><strong>Plutarch.</strong></span> <span class='ocrx_word' id='word_1_155' title='bbox 1503 2972 1558 3026; x_wconf 92' lang='lat' dir='ltr'><strong>in</strong></span> <span class='ocrx_word' id='word_1_156' title='bbox 1598 2971 1734 3027; x_wconf 63' lang='grc' dir='ltr'><strong>(ἔαξε.</strong></span> <span class='ocrx_word' id='word_1_157' title='bbox 1770 2970 1888 3025; x_wconf 89' lang='lat' dir='ltr'><strong>Liv.</strong></span> 
     </span>
    </p>
   </div>
   <div class='ocr_carea' id='block_1_32' title="bbox 901 3061 1896 3136">
    <p class='ocr_par' dir='ltr' id='par_1_32' title="bbox 901 3061 1896 3136">
     <span class='ocr_line' id='line_1_32' title="bbox 901 3061 1896 3136; baseline 0.001 -19"><span class='ocrx_word' id='word_1_158' title='bbox 901 3064 994 3119; x_wconf 90' lang='lat' dir='ltr'><strong>lib.</strong></span> <span class='ocrx_word' id='word_1_159' title='bbox 1022 3061 1176 3136; x_wconf 85' lang='lat' dir='ltr'><strong>exn].</strong></span> <span class='ocrx_word' id='word_1_160' title='bbox 1212 3064 1396 3118; x_wconf 80' lang='lat' dir='ltr'><strong>Serius</strong></span> <span class='ocrx_word' id='word_1_161' title='bbox 1420 3064 1621 3120; x_wconf 87' lang='lat' dir='ltr'><strong>credita</strong></span> <span class='ocrx_word' id='word_1_162' title='bbox 1664 3072 1748 3118; x_wconf 90' lang='lat' dir='ltr'><strong>est</strong></span> <span class='ocrx_word' id='word_1_163' title='bbox 1785 3062 1896 3118; x_wconf 82' lang='lat' dir='ltr'><strong>Ro-</strong></span> 
     </span>
    </p>
   </div>
   <div class='ocr_carea' id='block_1_33' title="bbox 890 3152 1894 3223">
    <p class='ocr_par' dir='ltr' id='par_1_33' title="bbox 890 3152 1894 3223">
     <span class='ocr_line' id='line_1_33' title="bbox 890 3152 1894 3223; baseline -0.002 -15"><span class='ocrx_word' id='word_1_164' title='bbox 890 3169 990 3208; x_wconf 78' lang='lat' dir='ltr'><strong>mze</strong></span> <span class='ocrx_word' id='word_1_165' title='bbox 1021 3153 1257 3223; x_wconf 88' lang='lat' dir='ltr'><strong>Pompeii</strong></span> <span class='ocrx_word' id='word_1_166' title='bbox 1292 3168 1434 3208; x_wconf 89' lang='lat' dir='ltr'><strong>mors</strong></span> <span class='ocrx_word' id='word_1_167' title='bbox 1469 3161 1587 3222; x_wconf 90' lang='lat' dir='ltr'><strong>post</strong></span> <span class='ocrx_word' id='word_1_168' title='bbox 1631 3152 1747 3223; x_wconf 86' lang='lat' dir='ltr'><strong>ejus</strong></span> <span class='ocrx_word' id='word_1_169' title='bbox 1794 3168 1894 3206; x_wconf 56' lang='lat' dir='ltr'><strong>an-</strong></span> 
     </span>
    </p>
   </div>
   <div class='ocr_carea' id='block_1_34' title="bbox 887 3242 1882 3298">
    <p class='ocr_par' dir='ltr' id='par_1_34' title="bbox 887 3242 1882 3298">
     <span class='ocr_line' id='line_1_34' title="bbox 887 3242 1882 3298; baseline 0 0"><span class='ocrx_word' id='word_1_170' title='bbox 887 3243 1068 3298; x_wconf 87' lang='lat' dir='ltr'><strong>nulum</strong></span> <span class='ocrx_word' id='word_1_171' title='bbox 1095 3243 1332 3298; x_wconf 90' lang='lat' dir='ltr'><strong>allatum.</strong></span> <span class='ocrx_word' id='word_1_172' title='bbox 1365 3243 1501 3298; x_wconf 88' lang='lat' dir='ltr'><strong>Tum</strong></span> <span class='ocrx_word' id='word_1_173' title='bbox 1529 3257 1655 3298; x_wconf 81' lang='lat' dir='ltr'><strong>vero</strong></span> <span class='ocrx_word' id='word_1_174' title='bbox 1683 3242 1882 3298; x_wconf 69' lang='lat' dir='ltr'><strong>Caesari</strong></span> 
     </span>
    </p>
   </div>
   <div class='ocr_carea' id='block_1_35' title="bbox 890 3331 1895 3402">
    <p class='ocr_par' dir='ltr' id='par_1_35' title="bbox 890 3331 1895 3402">
     <span class='ocr_line' id='line_1_35' title="bbox 890 3331 1895 3402; baseline -0.002 -13"><span class='ocrx_word' id='word_1_175' title='bbox 890 3331 1070 3389; x_wconf 84' lang='lat' dir='ltr'><strong>collati</strong></span> <span class='ocrx_word' id='word_1_176' title='bbox 1098 3333 1348 3398; x_wconf 86' lang='lat' dir='ltr'><strong>honores,</strong></span> <span class='ocrx_word' id='word_1_177' title='bbox 1384 3340 1439 3388; x_wconf 90' lang='lat' dir='ltr'><strong>et</strong></span> <span class='ocrx_word' id='word_1_178' title='bbox 1465 3339 1702 3402; x_wconf 89' lang='lat' dir='ltr'><strong>potestas</strong></span> <span class='ocrx_word' id='word_1_179' title='bbox 1723 3333 1895 3387; x_wconf 86' lang='lat' dir='ltr'><strong>maxi-</strong></span> 
     </span>
    </p>
   </div>
   <div class='ocr_carea' id='block_1_36' title="bbox 882 3419 1886 3492">
    <p class='ocr_par' dir='ltr' id='par_1_36' title="bbox 882 3419 1886 3492">
     <span class='ocr_line' id='line_1_36' title="bbox 882 3419 1886 3492; baseline -0.002 -14"><span class='ocrx_word' id='word_1_180' title='bbox 882 3436 991 3478; x_wconf 86' lang='lat' dir='ltr'><strong>ma.</strong></span> <span class='ocrx_word' id='word_1_181' title='bbox 1049 3419 1116 3476; x_wconf 96' lang='lat' dir='ltr'><strong>Ut</strong></span> <span class='ocrx_word' id='word_1_182' title='bbox 1145 3422 1238 3491; x_wconf 85' lang='lat' dir='ltr'><strong>jus</strong></span> <span class='ocrx_word' id='word_1_183' title='bbox 1285 3423 1331 3476; x_wconf 83' lang='lat' dir='ltr'><strong>ei</strong></span> <span class='ocrx_word' id='word_1_184' title='bbox 1374 3420 1529 3487; x_wconf 96' lang='lat' dir='ltr'><strong>belli,</strong></span> <span class='ocrx_word' id='word_1_185' title='bbox 1566 3431 1614 3477; x_wconf 87' lang='lat' dir='ltr'><strong>et</strong></span> <span class='ocrx_word' id='word_1_186' title='bbox 1642 3422 1784 3492; x_wconf 91' lang='lat' dir='ltr'><strong>pacis</strong></span> <span class='ocrx_word' id='word_1_187' title='bbox 1831 3423 1886 3476; x_wconf 88' lang='lat' dir='ltr'><strong>in</strong></span> 
     </span>
    </p>
   </div>
   <div class='ocr_carea' id='block_1_37' title="bbox 885 3512 1889 3582">
    <p class='ocr_par' dir='ltr' id='par_1_37' title="bbox 885 3512 1889 3582">
     <span class='ocr_line' id='line_1_37' title="bbox 885 3512 1889 3582; baseline -0.004 -14"><span class='ocrx_word' id='word_1_188' title='bbox 885 3526 1063 3568; x_wconf 80' lang='lat' dir='ltr'><strong>omnes</strong></span> <span class='ocrx_word' id='word_1_189' title='bbox 1086 3512 1318 3566; x_wconf 80' lang='lat' dir='ltr'><strong>homines</strong></span> <span class='ocrx_word' id='word_1_190' title='bbox 1339 3520 1490 3576; x_wconf 85' lang='lat' dir='ltr'><strong>esset,</strong></span> <span class='ocrx_word' id='word_1_191' title='bbox 1512 3512 1604 3566; x_wconf 82' lang='lat' dir='ltr'><strong>etsi</strong></span> <span class='ocrx_word' id='word_1_192' title='bbox 1635 3527 1795 3582; x_wconf 83' lang='lat' dir='ltr'><strong>neque</strong></span> <span class='ocrx_word' id='word_1_193' title='bbox 1821 3513 1889 3564; x_wconf 85' lang='lat' dir='ltr'><strong>ad</strong></span> 
     </span>
    </p>
   </div>
   <div class='ocr_carea' id='block_1_38' title="bbox 882 3607 1887 3680">
    <p class='ocr_par' dir='ltr' id='par_1_38' title="bbox 882 3607 1887 3680">
     <span class='ocr_line' id='line_1_38' title="bbox 882 3607 1887 3680; baseline 0.003 -19"><span class='ocrx_word' id='word_1_194' title='bbox 882 3608 1128 3678; x_wconf 81' lang='lat' dir='ltr'><strong>populum</strong></span> <span class='ocrx_word' id='word_1_195' title='bbox 1157 3609 1220 3663; x_wconf 87' lang='lat' dir='ltr'><strong>de</strong></span> <span class='ocrx_word' id='word_1_196' title='bbox 1245 3609 1310 3663; x_wconf 91' lang='lat' dir='ltr'><strong>iis</strong></span> <span class='ocrx_word' id='word_1_197' title='bbox 1335 3609 1607 3664; x_wconf 85' lang='lat' dir='ltr'><strong>retulisset.</strong></span> <span class='ocrx_word' id='word_1_198' title='bbox 1635 3607 1704 3664; x_wconf 87' lang='lat' dir='ltr'><strong>Ut</strong></span> <span class='ocrx_word' id='word_1_199' title='bbox 1735 3611 1887 3680; x_wconf 85' lang='lat' dir='ltr'><strong>quin-</strong></span> 
     </span>
    </p>
   </div>
   <div class='ocr_carea' id='block_1_39' title="bbox 887 3697 1896 3767">
    <p class='ocr_par' dir='ltr' id='par_1_39' title="bbox 887 3697 1896 3767">
     <span class='ocr_line' id='line_1_39' title="bbox 887 3697 1896 3767; baseline 0 -15"><span class='ocrx_word' id='word_1_200' title='bbox 887 3714 987 3767; x_wconf 65' lang='lat' dir='ltr'><strong>que</strong></span> <span class='ocrx_word' id='word_1_201' title='bbox 1007 3697 1266 3751; x_wconf 84' lang='lat' dir='ltr'><strong>continuis</strong></span> <span class='ocrx_word' id='word_1_202' title='bbox 1291 3697 1440 3752; x_wconf 89' lang='lat' dir='ltr'><strong>annis</strong></span> <span class='ocrx_word' id='word_1_203' title='bbox 1465 3697 1788 3754; x_wconf 71' lang='lat' dir='ltr'><strong>consulatum</strong></span> <span class='ocrx_word' id='word_1_204' title='bbox 1813 3715 1896 3767; x_wconf 88' lang='lat' dir='ltr'><strong>ge-</strong></span> 
     </span>
    </p>
   </div>
   <div class='ocr_carea' id='block_1_40' title="bbox 890 3785 1898 3843">
    <p class='ocr_par' dir='ltr' id='par_1_40' title="bbox 890 3785 1898 3843">
     <span class='ocr_line' id='line_1_40' title="bbox 890 3785 1898 3843; baseline 0.004 -4"><span class='ocrx_word' id='word_1_205' title='bbox 890 3795 1042 3841; x_wconf 78' lang='lat' dir='ltr'><strong>reret.</strong></span> <span class='ocrx_word' id='word_1_206' title='bbox 1101 3785 1170 3842; x_wconf 89' lang='lat' dir='ltr'><strong>Ut</strong></span> <span class='ocrx_word' id='word_1_207' title='bbox 1224 3801 1492 3842; x_wconf 76' lang='lat' dir='ltr'><strong>mc&#39;rnon</strong></span> <span class='ocrx_word' id='word_1_208' title='bbox 1547 3803 1648 3841; x_wconf 76' lang='lat' dir='ltr'><strong>non</strong></span> <span class='ocrx_word' id='word_1_209' title='bbox 1694 3789 1763 3841; x_wconf 83' lang='lat' dir='ltr'><strong>ad</strong></span> <span class='ocrx_word' id='word_1_210' title='bbox 1815 3805 1898 3843; x_wconf 82' lang='lat' dir='ltr'><strong>se-</strong></span> 
     </span>
    </p>
   </div>
   <div class='ocr_carea' id='block_1_41' title="bbox 887 3876 1891 3947">
    <p class='ocr_par' dir='ltr' id='par_1_41' title="bbox 887 3876 1891 3947">
     <span class='ocr_line' id='line_1_41' title="bbox 887 3876 1891 3947; baseline 0 -17"><span class='ocrx_word' id='word_1_211' title='bbox 887 3886 1072 3930; x_wconf 83' lang='lat' dir='ltr'><strong>mestre</strong></span> <span class='ocrx_word' id='word_1_212' title='bbox 1093 3885 1292 3929; x_wconf 86' lang='lat' dir='ltr'><strong>tantum</strong></span> <span class='ocrx_word' id='word_1_213' title='bbox 1314 3877 1538 3947; x_wconf 75' lang='lat' dir='ltr'><strong>spatium</strong></span> <span class='ocrx_word' id='word_1_214' title='bbox 1561 3885 1614 3930; x_wconf 85' lang='lat' dir='ltr'><strong>ut</strong></span> <span class='ocrx_word' id='word_1_215' title='bbox 1634 3876 1776 3943; x_wconf 87' lang='lat' dir='ltr'><strong>olim,</strong></span> <span class='ocrx_word' id='word_1_216' title='bbox 1801 3879 1891 3931; x_wconf 82' lang='lat' dir='ltr'><strong>sed</strong></span> 
     </span>
    </p>
   </div>
   <div class='ocr_carea' id='block_1_42' title="bbox 893 3964 1884 4034">
    <p class='ocr_par' dir='ltr' id='par_1_42' title="bbox 893 3964 1884 4034">
     <span class='ocr_line' id='line_1_42' title="bbox 893 3964 1884 4034; baseline 0.004 -18"><span class='ocrx_word' id='word_1_217' title='bbox 893 3965 1148 4034; x_wconf 84' lang='lat' dir='ltr'><strong>integrum</strong></span> <span class='ocrx_word' id='word_1_218' title='bbox 1190 3965 1243 4019; x_wconf 73' lang='lat' dir='ltr'><strong>ir</strong></span> <span class='ocrx_word' id='word_1_219' title='bbox 1281 3981 1476 4018; x_wconf 87' lang='lat' dir='ltr'><strong>annum</strong></span> <span class='ocrx_word' id='word_1_220' title='bbox 1514 3967 1787 4020; x_wconf 82' lang='lat' dir='ltr'><strong>diceretur.</strong></span> <span class='ocrx_word' id='word_1_221' title='bbox 1818 3964 1884 4020; x_wconf 87' lang='lat' dir='ltr'><strong>Ut</strong></span> 
     </span>
    </p>
   </div>
   <div class='ocr_carea' id='block_1_43' title="bbox 888 4053 1891 4122">
    <p class='ocr_par' dir='ltr' id='par_1_43' title="bbox 888 4053 1891 4122">
     <span class='ocr_line' id='line_1_43' title="bbox 888 4053 1891 4122; baseline 0.004 -17"><span class='ocrx_word' id='word_1_222' title='bbox 888 4053 1212 4108; x_wconf 83' lang='lat' dir='ltr'><strong>tribunitian.</strong></span> <span class='ocrx_word' id='word_1_223' title='bbox 1265 4062 1563 4122; x_wconf 80' lang='lat' dir='ltr'><strong>potestatem</strong></span> <span class='ocrx_word' id='word_1_224' title='bbox 1613 4054 1681 4108; x_wconf 86' lang='lat' dir='ltr'><strong>ad</strong></span> <span class='ocrx_word' id='word_1_225' title='bbox 1734 4055 1891 4110; x_wconf 71' lang='lat' dir='ltr'><strong>vitam</strong></span> 
     </span>
    </p>
   </div>
   <div class='ocr_carea' id='block_1_44' title="bbox 885 4140 1562 4215">
    <p class='ocr_par' dir='ltr' id='par_1_44' title="bbox 885 4140 1562 4215">
     <span class='ocr_line' id='line_1_44' title="bbox 885 4140 1562 4215; baseline 0 -19"><span class='ocrx_word' id='word_1_226' title='bbox 885 4141 1110 4196; x_wconf 74' lang='lat' dir='ltr'><strong>haberet.</strong></span> <span class='ocrx_word' id='word_1_227' title='bbox 1143 4140 1264 4214; x_wconf 89' lang='lat' dir='ltr'><strong>[Dio</strong></span> <span class='ocrx_word' id='word_1_228' title='bbox 1284 4141 1375 4197; x_wconf 87' lang='lat' dir='ltr'><strong>lib.</strong></span> <span class='ocrx_word' id='word_1_229' title='bbox 1407 4141 1562 4215; x_wconf 85' lang='lat' dir='ltr'><strong>xt.tt.]</strong></span> 
     </span>
    </p>
   </div>
   <div class='ocr_carea' id='block_1_45' title="bbox 964 4231 1890 4302">
    <p class='ocr_par' dir='ltr' id='par_1_45' title="bbox 964 4231 1890 4302">
     <span class='ocr_line' id='line_1_45' title="bbox 964 4231 1890 4302; baseline 0.005 -16"><span class='ocrx_word' id='word_1_230' title='bbox 964 4231 1060 4287; x_wconf 82' lang='lat' dir='ltr'><strong>His</strong></span> <span class='ocrx_word' id='word_1_231' title='bbox 1086 4231 1320 4302; x_wconf 88' lang='lat' dir='ltr'><strong>acceptis</strong></span> <span class='ocrx_word' id='word_1_232' title='bbox 1366 4231 1657 4290; x_wconf 89' lang='lat' dir='ltr'><strong>honoribus</strong></span> <span class='ocrx_word' id='word_1_233' title='bbox 1693 4233 1890 4301; x_wconf 66' lang='lat' dir='ltr'><strong>Ctesar,</strong></span> 
     </span>
    </p>
   </div>
   <div class='ocr_carea' id='block_1_46' title="bbox 891 4321 1894 4393">
    <p class='ocr_par' dir='ltr' id='par_1_46' title="bbox 891 4321 1894 4393">
     <span class='ocr_line' id='line_1_46' title="bbox 891 4321 1894 4393; baseline 0.005 -17"><span class='ocrx_word' id='word_1_234' title='bbox 891 4321 1138 4393; x_wconf 84' lang='lat' dir='ltr'><strong>quamvis</strong></span> <span class='ocrx_word' id='word_1_235' title='bbox 1157 4330 1308 4376; x_wconf 89' lang='lat' dir='ltr'><strong>extra</strong></span> <span class='ocrx_word' id='word_1_236' title='bbox 1325 4321 1528 4376; x_wconf 86' lang='lat' dir='ltr'><strong>Italiam</strong></span> <span class='ocrx_word' id='word_1_237' title='bbox 1547 4333 1680 4386; x_wconf 88' lang='lat' dir='ltr'><strong>erat,</strong></span> <span class='ocrx_word' id='word_1_238' title='bbox 1711 4326 1894 4382; x_wconf 87' lang='lat' dir='ltr'><strong>statim</strong></span> 
     </span>
    </p>
   </div>
   <div class='ocr_carea' id='block_1_47' title="bbox 895 4410 1891 4485">
    <p class='ocr_par' dir='ltr' id='par_1_47' title="bbox 895 4410 1891 4485">
     <span class='ocr_line' id='line_1_47' title="bbox 895 4410 1891 4485; baseline 0.005 -19"><span class='ocrx_word' id='word_1_239' title='bbox 895 4411 1216 4466; x_wconf 87' lang='lat' dir='ltr'><strong>dictaturam</strong></span> <span class='ocrx_word' id='word_1_240' title='bbox 1255 4410 1388 4465; x_wconf 91' lang='lat' dir='ltr'><strong>iniit.</strong></span> <span class='ocrx_word' id='word_1_241' title='bbox 1429 4410 1549 4485; x_wconf 84' lang='lat' dir='ltr'><strong>[Dio</strong></span> <span class='ocrx_word' id='word_1_242' title='bbox 1577 4411 1696 4482; x_wconf 93' lang='lat' dir='ltr'><strong>ibi.]</strong></span> <span class='ocrx_word' id='word_1_243' title='bbox 1728 4412 1891 4470; x_wconf 81' lang='lat' dir='ltr'><strong>Usse-</strong></span> 
     </span>
    </p>
   </div>
   <div class='ocr_carea' id='block_1_48' title="bbox 893 4497 1896 4569">
    <p class='ocr_par' dir='ltr' id='par_1_48' title="bbox 893 4497 1896 4569">
     <span class='ocr_line' id='line_1_48' title="bbox 893 4497 1896 4569; baseline 0.001 -16"><span class='ocrx_word' id='word_1_244' title='bbox 893 4497 1007 4554; x_wconf 88' lang='lat' dir='ltr'><strong>rius</strong></span> <span class='ocrx_word' id='word_1_245' title='bbox 1051 4497 1164 4552; x_wconf 62' lang='lat' dir='ltr'><strong>haec</strong></span> <span class='ocrx_word' id='word_1_246' title='bbox 1214 4497 1450 4552; x_wconf 81' lang='lat' dir='ltr'><strong>referens</strong></span> <span class='ocrx_word' id='word_1_247' title='bbox 1509 4497 1636 4554; x_wconf 90' lang='lat' dir='ltr'><strong>illud</strong></span> <span class='ocrx_word' id='word_1_248' title='bbox 1687 4514 1896 4569; x_wconf 87' lang='lat' dir='ltr'><strong>quoque</strong></span> 
     </span>
    </p>
   </div>
   <div class='ocr_carea' id='block_1_49' title="bbox 891 4585 1894 4658">
    <p class='ocr_par' dir='ltr' id='par_1_49' title="bbox 891 4585 1894 4658">
     <span class='ocr_line' id='line_1_49' title="bbox 891 4585 1894 4658; baseline 0 -14"><span class='ocrx_word' id='word_1_249' title='bbox 891 4590 1142 4644; x_wconf 88' lang='lat' dir='ltr'><strong>observat</strong></span> <span class='ocrx_word' id='word_1_250' title='bbox 1167 4597 1479 4658; x_wconf 78' lang='lat' dir='ltr'><strong>opportune.</strong></span> <span class='ocrx_word' id='word_1_251' title='bbox 1515 4585 1580 4642; x_wconf 88' lang='lat' dir='ltr'><strong>Ut</strong></span> <span class='ocrx_word' id='word_1_252' title='bbox 1615 4600 1746 4644; x_wconf 87' lang='lat' dir='ltr'><strong>recte</strong></span> <span class='ocrx_word' id='word_1_253' title='bbox 1775 4591 1894 4645; x_wconf 78' lang='lat' dir='ltr'><strong>hinc</strong></span> 
     </span>
    </p>
   </div>
   <div class='ocr_carea' id='block_1_50' title="bbox 892 4678 1894 4750">
    <p class='ocr_par' dir='ltr' id='par_1_50' title="bbox 892 4678 1894 4750">
     <span class='ocr_line' id='line_1_50' title="bbox 892 4678 1894 4750; baseline 0.002 -17"><span class='ocrx_word' id='word_1_254' title='bbox 892 4680 1238 4748; x_wconf 83' lang='lat' dir='ltr'><strong>principatum</strong></span> <span class='ocrx_word' id='word_1_255' title='bbox 1267 4678 1408 4733; x_wconf 74' lang='lat' dir='ltr'><strong>illius</strong></span> <span class='ocrx_word' id='word_1_256' title='bbox 1439 4679 1694 4750; x_wconf 76' lang='lat' dir='ltr'><strong>Iosephus</strong></span> <span class='ocrx_word' id='word_1_257' title='bbox 1719 4698 1894 4737; x_wconf 84' lang='lat' dir='ltr'><strong>arces-</strong></span> 
     </span>
    </p>
   </div>
   <div class='ocr_carea' id='block_1_51' title="bbox 886 4767 1892 4832">
    <p class='ocr_par' dir='ltr' id='par_1_51' title="bbox 886 4767 1892 4832">
     <span class='ocr_line' id='line_1_51' title="bbox 886 4767 1892 4832; baseline -0.002 -8"><span class='ocrx_word' id='word_1_258' title='bbox 886 4767 1096 4832; x_wconf 74' lang='lat' dir='ltr'><strong>siverit;</strong></span> <span class='ocrx_word' id='word_1_259' title='bbox 1119 4777 1220 4821; x_wconf 88' lang='lat' dir='ltr'><strong>tres</strong></span> <span class='ocrx_word' id='word_1_260' title='bbox 1245 4783 1409 4822; x_wconf 87' lang='lat' dir='ltr'><strong>annos</strong></span> <span class='ocrx_word' id='word_1_261' title='bbox 1432 4784 1550 4822; x_wconf 89' lang='lat' dir='ltr'><strong>cum</strong></span> <span class='ocrx_word' id='word_1_262' title='bbox 1573 4768 1787 4824; x_wconf 85' lang='lat' dir='ltr'><strong>dimidio</strong></span> <span class='ocrx_word' id='word_1_263' title='bbox 1815 4770 1892 4824; x_wconf 85' lang='lat' dir='ltr'><strong>illi</strong></span> 
     </span>
    </p>
   </div>
   <div class='ocr_carea' id='block_1_52' title="bbox 889 4858 1893 4931">
    <p class='ocr_par' dir='ltr' id='par_1_52' title="bbox 889 4858 1893 4931">
     <span class='ocr_line' id='line_1_52' title="bbox 889 4858 1893 4931; baseline 0 -16"><span class='ocrx_word' id='word_1_264' title='bbox 889 4861 1161 4930; x_wconf 82' lang='lat' dir='ltr'><strong>assignans</strong></span> <span class='ocrx_word' id='word_1_265' title='bbox 1204 4858 1322 4929; x_wconf 85' lang='lat' dir='ltr'><strong>[lib.</strong></span> <span class='ocrx_word' id='word_1_266' title='bbox 1359 4875 1468 4924; x_wconf 82' lang='lat' dir='ltr'><strong>xiv,</strong></span> <span class='ocrx_word' id='word_1_267' title='bbox 1509 4873 1559 4913; x_wconf 93' lang='lat' dir='ltr'><strong>c.</strong></span> <span class='ocrx_word' id='word_1_268' title='bbox 1589 4859 1697 4931; x_wconf 80' lang='lat' dir='ltr'><strong>l7].</strong></span> <span class='ocrx_word' id='word_1_269' title='bbox 1730 4861 1893 4928; x_wconf 83' lang='lat' dir='ltr'><strong>Atque</strong></span> 
     </span>
    </p>
   </div>
   <div class='ocr_carea' id='block_1_53' title="bbox 891 4949 1894 5020">
    <p class='ocr_par' dir='ltr' id='par_1_53' title="bbox 891 4949 1894 5020">
     <span class='ocr_line' id='line_1_53' title="bbox 891 4949 1894 5020; baseline -0.002 -15"><span class='ocrx_word' id='word_1_270' title='bbox 891 4953 944 5005; x_wconf 88' lang='lat' dir='ltr'><strong>in</strong></span> <span class='ocrx_word' id='word_1_271' title='bbox 972 4949 1148 5020; x_wconf 81' lang='lat' dir='ltr'><strong>Syria,</strong></span> <span class='ocrx_word' id='word_1_272' title='bbox 1181 4959 1236 5002; x_wconf 89' lang='lat' dir='ltr'><strong>ut</strong></span> <span class='ocrx_word' id='word_1_273' title='bbox 1259 4967 1289 5003; x_wconf 91' lang='lat' dir='ltr'><strong>a</strong></span> <span class='ocrx_word' id='word_1_274' title='bbox 1309 4950 1475 5018; x_wconf 87' lang='lat' dir='ltr'><strong>prima</strong></span> <span class='ocrx_word' id='word_1_275' title='bbox 1498 4950 1758 5003; x_wconf 82' lang='lat' dir='ltr'><strong>dictatura</strong></span> <span class='ocrx_word' id='word_1_276' title='bbox 1789 4951 1894 5004; x_wconf 79' lang='lat' dir='ltr'><strong>Art-</strong></span> 
     </span>
    </p>
   </div>
   <div class='ocr_carea' id='block_1_54' title="bbox 891 5036 1892 5100">
    <p class='ocr_par' dir='ltr' id='par_1_54' title="bbox 891 5036 1892 5100">
     <span class='ocr_line' id='line_1_54' title="bbox 891 5036 1892 5100; baseline 0.001 -10"><span class='ocrx_word' id='word_1_277' title='bbox 891 5037 1136 5100; x_wconf 79' lang='lat' dir='ltr'><strong>tiocheni,</strong></span> <span class='ocrx_word' id='word_1_278' title='bbox 1183 5037 1255 5089; x_wconf 88' lang='lat' dir='ltr'><strong>ita</strong></span> <span class='ocrx_word' id='word_1_279' title='bbox 1281 5053 1313 5089; x_wconf 93' lang='lat' dir='ltr'><strong>a</strong></span> <span class='ocrx_word' id='word_1_280' title='bbox 1347 5036 1573 5090; x_wconf 79' lang='lat' dir='ltr'><strong>secunda</strong></span> <span class='ocrx_word' id='word_1_281' title='bbox 1601 5036 1698 5090; x_wconf 75' lang='lat' dir='ltr'><strong>hac</strong></span> <span class='ocrx_word' id='word_1_282' title='bbox 1727 5038 1892 5091; x_wconf 82' lang='lat' dir='ltr'><strong>dicta—</strong></span> 
     </span>
    </p>
   </div>
   <div class='ocr_carea' id='block_1_55' title="bbox 900 5123 1891 5196">
    <p class='ocr_par' dir='ltr' id='par_1_55' title="bbox 900 5123 1891 5196">
     <span class='ocr_line' id='line_1_55' title="bbox 900 5123 1891 5196; baseline 0.001 -15"><span class='ocrx_word' id='word_1_283' title='bbox 900 5138 1020 5182; x_wconf 84' lang='lat' dir='ltr'><strong>tura</strong></span> <span class='ocrx_word' id='word_1_284' title='bbox 1044 5126 1320 5181; x_wconf 82' lang='lat' dir='ltr'><strong>Laodiceni</strong></span> <span class='ocrx_word' id='word_1_285' title='bbox 1346 5137 1574 5196; x_wconf 84' lang='lat' dir='ltr'><strong>tempora</strong></span> <span class='ocrx_word' id='word_1_286' title='bbox 1589 5123 1891 5184; x_wconf 67' lang='lat' dir='ltr'><strong>Caesariana</strong></span> 
     </span>
    </p>
   </div>
   <div class='ocr_carea' id='block_1_56' title="bbox 897 5214 1891 5270">
    <p class='ocr_par' dir='ltr' id='par_1_56' title="bbox 897 5214 1891 5270">
     <span class='ocr_line' id='line_1_56' title="bbox 897 5214 1891 5270; baseline -0.001 -1"><span class='ocrx_word' id='word_1_287' title='bbox 897 5217 1250 5269; x_wconf 84' lang='lat' dir='ltr'><strong>dinumerasse</strong></span> <span class='ocrx_word' id='word_1_288' title='bbox 1301 5215 1588 5270; x_wconf 81' lang='lat' dir='ltr'><strong>videantur.</strong></span> <span class='ocrx_word' id='word_1_289' title='bbox 1638 5214 1891 5269; x_wconf 85' lang='lat' dir='ltr'><strong>Laodice-</strong></span> 
     </span>
    </p>
   </div>
   <div class='ocr_carea' id='block_1_57' title="bbox 889 5304 1884 5366">
    <p class='ocr_par' dir='ltr' id='par_1_57' title="bbox 889 5304 1884 5366">
     <span class='ocr_line' id='line_1_57' title="bbox 889 5304 1884 5366; baseline 0.003 -12"><span class='ocrx_word' id='word_1_290' title='bbox 889 5319 1011 5355; x_wconf 82' lang='lat' dir='ltr'><strong>nam</strong></span> <span class='ocrx_word' id='word_1_291' title='bbox 1063 5305 1197 5355; x_wconf 84' lang='lat' dir='ltr'><strong>enim</strong></span> <span class='ocrx_word' id='word_1_292' title='bbox 1251 5318 1439 5366; x_wconf 80' lang='lat' dir='ltr'><strong>trram,</strong></span> <span class='ocrx_word' id='word_1_293' title='bbox 1487 5304 1637 5356; x_wconf 81' lang='lat' dir='ltr'><strong>unico</strong></span> <span class='ocrx_word' id='word_1_294' title='bbox 1685 5314 1884 5357; x_wconf 69' lang='lat' dir='ltr'><strong>tantuw</strong></span> 
     </span>
    </p>
   </div>
   <div class='ocr_carea' id='block_1_58' title="bbox 887 5392 1893 5462">
    <p class='ocr_par' dir='ltr' id='par_1_58' title="bbox 887 5392 1893 5462">
     <span class='ocr_line' id='line_1_58' title="bbox 887 5392 1893 5462; baseline 0.001 -17"><span class='ocrx_word' id='word_1_295' title='bbox 887 5408 1022 5445; x_wconf 83' lang='lat' dir='ltr'><strong>anno</strong></span> <span class='ocrx_word' id='word_1_296' title='bbox 1052 5392 1364 5446; x_wconf 74' lang='lat' dir='ltr'><strong>Antiocliena</strong></span> <span class='ocrx_word' id='word_1_297' title='bbox 1398 5392 1728 5459; x_wconf 81' lang='lat' dir='ltr'><strong>posteriorem</strong></span> <span class='ocrx_word' id='word_1_298' title='bbox 1763 5395 1893 5462; x_wconf 68' lang='lat' dir='ltr'><strong>ruis-</strong></span> 
     </span>
    </p>
   </div>
   <div class='ocr_carea' id='block_1_59' title="bbox 893 5476 1886 5550">
    <p class='ocr_par' dir='ltr' id='par_1_59' title="bbox 893 5476 1886 5550">
     <span class='ocr_line' id='line_1_59' title="bbox 893 5476 1886 5550; baseline 0.001 -16"><span class='ocrx_word' id='word_1_299' title='bbox 893 5496 966 5543; x_wconf 77' lang='lat' dir='ltr'><strong>se,</strong></span> <span class='ocrx_word' id='word_1_300' title='bbox 988 5479 1234 5533; x_wconf 83' lang='lat' dir='ltr'><strong>Eusebius</strong></span> <span class='ocrx_word' id='word_1_301' title='bbox 1260 5476 1586 5550; x_wconf 69' lang='lat' dir='ltr'><strong>iaC/ironico</strong></span> <span class='ocrx_word' id='word_1_302' title='bbox 1603 5481 1670 5532; x_wconf 86' lang='lat' dir='ltr'><strong>ad</strong></span> <span class='ocrx_word' id='word_1_303' title='bbox 1695 5497 1886 5535; x_wconf 81' lang='lat' dir='ltr'><strong>annum</strong></span> 
     </span>
    </p>
   </div>
   <div class='ocr_carea' id='block_1_60' title="bbox 892 5567 1578 5649">
    <p class='ocr_par' dir='ltr' id='par_1_60' title="bbox 892 5567 1578 5649">
     <span class='ocr_line' id='line_1_60' title="bbox 892 5567 1578 5649; baseline 0 -25"><span class='ocrx_word' id='word_1_304' title='bbox 892 5572 926 5624; x_wconf 78' lang='lat'><strong>2</strong></span> <span class='ocrx_word' id='word_1_305' title='bbox 951 5571 1149 5640; x_wconf 84' lang='lat' dir='ltr'><strong>imperii</strong></span> <span class='ocrx_word' id='word_1_306' title='bbox 1178 5567 1338 5649; x_wconf 80' lang='lat' dir='ltr'><strong>Probi</strong></span> <span class='ocrx_word' id='word_1_307' title='bbox 1365 5571 1578 5624; x_wconf 84' lang='lat' dir='ltr'><strong>indicat.</strong></span> 
     </span>
    </p>
   </div>
   <div class='ocr_carea' id='block_1_61' title="bbox 960 5655 1884 5729">
    <p class='ocr_par' dir='ltr' id='par_1_61' title="bbox 960 5655 1884 5729">
     <span class='ocr_line' id='line_1_61' title="bbox 960 5655 1884 5729; baseline 0 -15"><span class='ocrx_word' id='word_1_308' title='bbox 960 5662 1110 5714; x_wconf 77' lang='lat' dir='ltr'><strong>Circa</strong></span> <span class='ocrx_word' id='word_1_309' title='bbox 1134 5655 1302 5714; x_wconf 38' lang='lat' dir='ltr'><strong>fincm&#39;</strong></span> <span class='ocrx_word' id='word_1_310' title='bbox 1318 5660 1493 5729; x_wconf 79' lang='lat' dir='ltr'><strong>itaque</strong></span> <span class='ocrx_word' id='word_1_311' title='bbox 1519 5662 1639 5715; x_wconf 85' lang='lat' dir='ltr'><strong>anni</strong></span> <span class='ocrx_word' id='word_1_312' title='bbox 1659 5661 1884 5729; x_wconf 87' lang='lat' dir='ltr'><strong>Tarqui-</strong></span> 
     </span>
    </p>
   </div>
   <div class='ocr_carea' id='block_1_62' title="bbox 646 537 3756 623">
    <p class='ocr_par' dir='ltr' id='par_1_62' title="bbox 646 537 3756 623">
     <span class='ocr_line' id='line_1_62' title="bbox 646 537 3756 623; baseline -0.003 -25"><span class='ocrx_word' id='word_1_313' title='bbox 646 538 849 623; x_wconf 79' lang='lat' dir='ltr'><strong>_Per.</strong></span> <span class='ocrx_word' id='word_1_314' title='bbox 923 537 1882 623; x_wconf 41' lang='lat' dir='ltr'><strong>mensuscungfra&#39;liliristiéommuni</strong></span> <span class='ocrx_word' id='word_1_315' title='bbox 1957 543 2109 597; x_wconf 85' lang='lat' dir='ltr'><strong>U.C.</strong></span> <span class='ocrx_word' id='word_1_316' title='bbox 2210 537 2221 538; x_wconf 26' lang='grc' dir='ltr'>ί</span> <span class='ocrx_word' id='word_1_317' title='bbox 2324 539 2528 611; x_wconf 82' lang='lat' dir='ltr'><strong>Olymp.</strong></span> <span class='ocrx_word' id='word_1_318' title='bbox 2779 537 2974 593; x_wconf 65' lang='lat' dir='ltr'><strong>Chrisi</strong></span> <span class='ocrx_word' id='word_1_319' title='bbox 3021 537 3360 592; x_wconf 78' lang='lat' dir='ltr'><strong>coimuuttem.</strong></span> <span class='ocrx_word' id='word_1_320' title='bbox 3639 551 3756 623; x_wconf 52' lang='lat' dir='ltr'><strong>Itin“</strong></span> 
     </span>
    </p>
   </div>
   <div class='ocr_carea' id='block_1_63' title="bbox 611 604 3781 732">
    <p class='ocr_par' dir='ltr' id='par_1_63' title="bbox 611 604 3781 732">
     <span class='ocr_line' id='line_1_63' title="bbox 611 604 3781 732; baseline 0.002 -62"><span class='ocrx_word' id='word_1_321' title='bbox 611 613 819 732; x_wconf 48' lang='lat' dir='ltr'><strong>elfiyfli</strong></span> <span class='ocrx_word' id='word_1_322' title='bbox 927 623 1110 669; x_wconf 85' lang='lat' dir='ltr'><strong>etcum</strong></span> <span class='ocrx_word' id='word_1_323' title='bbox 1133 615 1346 732; x_wconf 54' lang='lat' dir='ltr'><strong>pe&#39;rizgo</strong></span> <span class='ocrx_word' id='word_1_324' title='bbox 1366 613 1883 732; x_wconf 52' lang='lat' dir='ltr'><strong>iScaligens</strong></span> <span class='ocrx_word' id='word_1_325' title='bbox 1940 626 2129 732; x_wconf 46' lang='lat'><strong>872:5“</strong></span> <span class='ocrx_word' id='word_1_326' title='bbox 2839 649 2971 702; x_wconf 64' lang='lat' dir='ltr'><strong>RES</strong></span> <span class='ocrx_word' id='word_1_327' title='bbox 3018 648 3282 703; x_wconf 46' lang='lat' dir='ltr'><strong>GESTE.</strong></span> 
     </span>
    </p>
   </div>
   <div class='ocr_carea' id='block_1_64' title="bbox 649 689 2196 812">
    <p class='ocr_par' dir='ltr' id='par_1_64' title="bbox 649 689 2129 812">
     <span class='ocr_line' id='line_1_64' title="bbox 649 689 2129 812; baseline -0.006 -40"><span class='ocrx_word' id='word_1_328' title='bbox 649 706 774 774; x_wconf 63' lang='grc' dir='ltr'><strong>(θ)</strong></span> <span class='ocrx_word' id='word_1_329' title='bbox 978 789 1016 812; x_wconf 55' lang='lat' dir='ltr'><strong>n</strong></span> <span class='ocrx_word' id='word_1_330' title='bbox 1185 711 1318 768; x_wconf 76' lang='lat' dir='ltr'><strong>RES</strong></span> <span class='ocrx_word' id='word_1_331' title='bbox 1365 698 1808 812; x_wconf 20' lang='lat' dir='ltr'><strong>sesimul“.</strong></span> <span class='ocrx_word' id='word_1_332' title='bbox 1940 689 2129 804; x_wconf 54' lang='grc' dir='ltr'><strong>ᾖξαςςίτ</strong></span> 
     </span>
    </p>
   </div>
   <div class='ocr_carea' id='block_1_65' title="bbox 2017 689 3564 812">
    <p class='ocr_par' dir='ltr' id='par_1_65' title="bbox 2017 689 3564 812">
     <span class='ocr_line' id='line_1_65' title="bbox 2017 689 3564 812; baseline -0.003 -12"><span class='ocrx_word' id='word_1_333' title='bbox 2017 689 2129 803; x_wconf 52' lang='lat' dir='ltr'><strong>ﬁgit</strong></span> <span class='ocrx_word' id='word_1_334' title='bbox 2564 741 2888 812; x_wconf 79' lang='lat' dir='ltr'><strong>Pontiﬁcum</strong></span> <span class='ocrx_word' id='word_1_335' title='bbox 2921 738 3259 812; x_wconf 61' lang='lat' dir='ltr'><strong>Juda’orum.</strong></span> <span class='ocrx_word' id='word_1_336' title='bbox 3288 756 3564 812; x_wconf 83' lang='lat' dir='ltr'><strong>eorumque</strong></span> 
     </span>
    </p>
   </div>
   <div class='ocr_carea' id='block_1_66' title="bbox 2757 808 3375 880">
    <p class='ocr_par' dir='ltr' id='par_1_66' title="bbox 2757 808 3375 880">
     <span class='ocr_line' id='line_1_66' title="bbox 2757 808 3375 880; baseline 0 -19"><span class='ocrx_word' id='word_1_337' title='bbox 2757 810 2918 880; x_wconf 82' lang='lat' dir='ltr'><strong>gentis</strong></span> <span class='ocrx_word' id='word_1_338' title='bbox 2940 819 2985 860; x_wconf 86' lang='lat' dir='ltr'><strong>et</strong></span> <span class='ocrx_word' id='word_1_339' title='bbox 3015 808 3375 876; x_wconf 72' lang='lat' dir='ltr'><strong>finitimarum.</strong></span> 
     </span>
    </p>
   </div>
   <div class='ocr_carea' id='block_1_67' title="bbox 2637 907 3571 978">
    <p class='ocr_par' dir='ltr' id='par_1_67' title="bbox 2637 907 3571 978">
     <span class='ocr_line' id='line_1_67' title="bbox 2637 907 3571 978; baseline -0.002 -10"><span class='ocrx_word' id='word_1_340' title='bbox 2637 907 3162 968; x_wconf 67' lang='lat' dir='ltr'><strong>CatsarAlexandrize</strong></span> <span class='ocrx_word' id='word_1_341' title='bbox 3183 916 3430 978; x_wconf 87' lang='lat' dir='ltr'><strong>receptus</strong></span> <span class='ocrx_word' id='word_1_342' title='bbox 3444 910 3571 966; x_wconf 88' lang='lat' dir='ltr'><strong>dum</strong></span> 
     </span>
    </p>
   </div>
   <div class='ocr_carea' id='block_1_68' title="bbox 2563 985 3576 1054">
    <p class='ocr_par' dir='ltr' id='par_1_68' title="bbox 2563 985 3576 1054">
     <span class='ocr_line' id='line_1_68' title="bbox 2563 985 3576 1054; baseline -0.002 -10"><span class='ocrx_word' id='word_1_343' title='bbox 2563 989 2794 1044; x_wconf 88' lang='lat' dir='ltr'><strong>intendit</strong></span> <span class='ocrx_word' id='word_1_344' title='bbox 2818 985 3068 1054; x_wconf 81' lang='lat' dir='ltr'><strong>cogendis</strong></span> <span class='ocrx_word' id='word_1_345' title='bbox 3093 986 3337 1054; x_wconf 90' lang='lat' dir='ltr'><strong>pecuniis</strong></span> <span class='ocrx_word' id='word_1_346' title='bbox 3363 987 3461 1041; x_wconf 91' lang='lat' dir='ltr'><strong>sibi</strong></span> <span class='ocrx_word' id='word_1_347' title='bbox 3487 989 3576 1043; x_wconf 90' lang='lat' dir='ltr'><strong>de-</strong></span> 
     </span>
    </p>
   </div>
   <div class='ocr_carea' id='block_1_69' title="bbox 2554 1064 3576 1135">
    <p class='ocr_par' dir='ltr' id='par_1_69' title="bbox 2554 1064 3576 1135">
     <span class='ocr_line' id='line_1_69' title="bbox 2554 1064 3576 1135; baseline -0.004 -11"><span class='ocrx_word' id='word_1_348' title='bbox 2554 1067 2682 1124; x_wconf 89' lang='lat' dir='ltr'><strong>bitis</strong></span> <span class='ocrx_word' id='word_1_349' title='bbox 2749 1083 2780 1120; x_wconf 88' lang='lat' dir='ltr'><strong>a</strong></span> <span class='ocrx_word' id='word_1_350' title='bbox 2839 1065 3132 1119; x_wconf 57' lang='lat' dir='ltr'><strong>Ptolemaeo</strong></span> <span class='ocrx_word' id='word_1_351' title='bbox 3181 1064 3372 1120; x_wconf 83' lang='lat' dir='ltr'><strong>Aulete</strong></span> <span class='ocrx_word' id='word_1_352' title='bbox 3421 1077 3576 1135; x_wconf 87' lang='lat' dir='ltr'><strong>patre</strong></span> 
     </span>
    </p>
   </div>
   <div class='ocr_carea' id='block_1_70' title="bbox 2563 1143 3567 1220">
    <p class='ocr_par' dir='ltr' id='par_1_70' title="bbox 2563 1143 3567 1220">
     <span class='ocr_line' id='line_1_70' title="bbox 2563 1143 3567 1220; baseline -0.006 -16"><span class='ocrx_word' id='word_1_353' title='bbox 2563 1149 2705 1220; x_wconf 81' lang='lat' dir='ltr'><strong>regis</strong></span> <span class='ocrx_word' id='word_1_354' title='bbox 2758 1146 2952 1216; x_wconf 90' lang='lat' dir='ltr'><strong>pueri,</strong></span> <span class='ocrx_word' id='word_1_355' title='bbox 3000 1152 3055 1197; x_wconf 92' lang='lat' dir='ltr'><strong>et</strong></span> <span class='ocrx_word' id='word_1_356' title='bbox 3087 1143 3308 1200; x_wconf 79' lang='lat' dir='ltr'><strong>dissidio</strong></span> <span class='ocrx_word' id='word_1_357' title='bbox 3349 1160 3567 1216; x_wconf 55' lang='lat' dir='ltr'><strong>compa.</strong></span> 
     </span>
    </p>
   </div>
   <div class='ocr_carea' id='block_1_71' title="bbox 2567 1223 3573 1288">
    <p class='ocr_par' dir='ltr' id='par_1_71' title="bbox 2567 1223 3573 1288">
     <span class='ocr_line' id='line_1_71' title="bbox 2567 1223 3573 1288; baseline 0 -6"><span class='ocrx_word' id='word_1_358' title='bbox 2567 1228 2741 1282; x_wconf 90' lang='lat' dir='ltr'><strong>nendo</strong></span> <span class='ocrx_word' id='word_1_359' title='bbox 2800 1226 2940 1279; x_wconf 91' lang='lat' dir='ltr'><strong>inter</strong></span> <span class='ocrx_word' id='word_1_360' title='bbox 2992 1223 3174 1288; x_wconf 89' lang='lat' dir='ltr'><strong>hunc,</strong></span> <span class='ocrx_word' id='word_1_361' title='bbox 3221 1233 3278 1278; x_wconf 90' lang='lat' dir='ltr'><strong>et</strong></span> <span class='ocrx_word' id='word_1_362' title='bbox 3329 1239 3573 1282; x_wconf 81' lang='lat' dir='ltr'><strong>sororem</strong></span> 
     </span>
    </p>
   </div>
   <div class='ocr_carea' id='block_1_72' title="bbox 2570 1309 3567 1377">
    <p class='ocr_par' dir='ltr' id='par_1_72' title="bbox 2570 1309 3567 1377">
     <span class='ocr_line' id='line_1_72' title="bbox 2570 1309 3567 1377; baseline 0 -15"><span class='ocrx_word' id='word_1_363' title='bbox 2570 1309 2906 1377; x_wconf 83' lang='lat' dir='ltr'><strong>Cleopatram</strong></span> <span class='ocrx_word' id='word_1_364' title='bbox 2971 1320 3035 1360; x_wconf 82' lang='lat' dir='ltr'><strong>ex</strong></span> <span class='ocrx_word' id='word_1_365' title='bbox 3106 1314 3327 1374; x_wconf 89' lang='lat' dir='ltr'><strong>paterno</strong></span> <span class='ocrx_word' id='word_1_366' title='bbox 3402 1316 3567 1362; x_wconf 84' lang='lat' dir='ltr'><strong>testa-</strong></span> 
     </span>
    </p>
   </div>
   <div class='ocr_carea' id='block_1_73' title="bbox 2561 1384 3573 1454">
    <p class='ocr_par' dir='ltr' id='par_1_73' title="bbox 2561 1384 3573 1454">
     <span class='ocr_line' id='line_1_73' title="bbox 2561 1384 3573 1454; baseline 0.002 -13"><span class='ocrx_word' id='word_1_367' title='bbox 2561 1396 2742 1442; x_wconf 87' lang='lat' dir='ltr'><strong>mento</strong></span> <span class='ocrx_word' id='word_1_368' title='bbox 2775 1389 2840 1442; x_wconf 86' lang='lat' dir='ltr'><strong>de</strong></span> <span class='ocrx_word' id='word_1_369' title='bbox 2867 1399 3029 1454; x_wconf 88' lang='lat' dir='ltr'><strong>regno</strong></span> <span class='ocrx_word' id='word_1_370' title='bbox 3059 1384 3573 1451; x_wconf 68' lang='lat' dir='ltr'><strong>contendentes‘,Po-</strong></span> 
     </span>
    </p>
   </div>
   <div class='ocr_carea' id='block_1_74' title="bbox 2557 1469 3574 1525">
    <p class='ocr_par' dir='ltr' id='par_1_74' title="bbox 2557 1469 3574 1525">
     <span class='ocr_line' id='line_1_74' title="bbox 2557 1469 3574 1525; baseline -0.006 -1"><span class='ocrx_word' id='word_1_371' title='bbox 2557 1470 2695 1524; x_wconf 83' lang='lat' dir='ltr'><strong>thini</strong></span> <span class='ocrx_word' id='word_1_372' title='bbox 2716 1469 2946 1525; x_wconf 88' lang='lat' dir='ltr'><strong>eunuchi</strong></span> <span class='ocrx_word' id='word_1_373' title='bbox 2964 1469 3202 1524; x_wconf 87' lang='lat' dir='ltr'><strong>consiliis</strong></span> <span class='ocrx_word' id='word_1_374' title='bbox 3229 1469 3454 1523; x_wconf 85' lang='lat' dir='ltr'><strong>tumultu</strong></span> <span class='ocrx_word' id='word_1_375' title='bbox 3476 1485 3574 1525; x_wconf 82' lang='lat' dir='ltr'><strong>ex.</strong></span> 
     </span>
    </p>
   </div>
   <div class='ocr_carea' id='block_1_75' title="bbox 2541 1550 3566 1615">
    <p class='ocr_par' dir='ltr' id='par_1_75' title="bbox 2541 1550 3566 1615">
     <span class='ocr_line' id='line_1_75' title="bbox 2541 1550 3566 1615; baseline 0.003 -8"><span class='ocrx_word' id='word_1_376' title='bbox 2541 1553 2768 1615; x_wconf 66' lang='lat' dir='ltr'><strong>~citato,</strong></span> <span class='ocrx_word' id='word_1_377' title='bbox 2813 1551 2875 1606; x_wconf 85' lang='lat' dir='ltr'><strong>in</strong></span> <span class='ocrx_word' id='word_1_378' title='bbox 2933 1550 3248 1605; x_wconf 91' lang='lat' dir='ltr'><strong>discrimine</strong></span> <span class='ocrx_word' id='word_1_379' title='bbox 3295 1561 3566 1610; x_wconf 79' lang='lat' dir='ltr'><strong>versatur.</strong></span> 
     </span>
    </p>
   </div>
   <div class='ocr_carea' id='block_1_76' title="bbox 2561 1631 3575 1709">
    <p class='ocr_par' dir='ltr' id='par_1_76' title="bbox 2561 1631 3575 1709">
     <span class='ocr_line' id='line_1_76' title="bbox 2561 1631 3575 1709; baseline -0.002 -20"><span class='ocrx_word' id='word_1_380' title='bbox 2561 1633 2694 1706; x_wconf 91' lang='lat' dir='ltr'><strong>[Dio</strong></span> <span class='ocrx_word' id='word_1_381' title='bbox 2746 1631 2838 1686; x_wconf 87' lang='lat' dir='ltr'><strong>lib.</strong></span> <span class='ocrx_word' id='word_1_382' title='bbox 2889 1647 3000 1687; x_wconf 78' lang='lat' dir='ltr'><strong>xui</strong></span> <span class='ocrx_word' id='word_1_383' title='bbox 3044 1639 3100 1686; x_wconf 89' lang='lat' dir='ltr'><strong>et</strong></span> <span class='ocrx_word' id='word_1_384' title='bbox 3141 1631 3281 1686; x_wconf 89' lang='lat' dir='ltr'><strong>Plut.</strong></span> <span class='ocrx_word' id='word_1_385' title='bbox 3317 1631 3375 1687; x_wconf 89' lang='lat' dir='ltr'><strong>in</strong></span> <span class='ocrx_word' id='word_1_386' title='bbox 3413 1631 3575 1709; x_wconf 56' lang='grc' dir='ltr'><strong>ρει]</strong></span> 
     </span>
    </p>
   </div>
   <div class='ocr_carea' id='block_1_77' title="bbox 2543 1711 3574 1784">
    <p class='ocr_par' dir='ltr' id='par_1_77' title="bbox 2543 1711 3574 1784">
     <span class='ocr_line' id='line_1_77' title="bbox 2543 1711 3574 1784; baseline 0.002 -15"><span class='ocrx_word' id='word_1_387' title='bbox 2543 1712 2971 1781; x_wconf 81' lang='lat' dir='ltr'><strong>Controversias</strong></span> <span class='ocrx_word' id='word_1_388' title='bbox 3014 1727 3199 1783; x_wconf 84' lang='lat' dir='ltr'><strong>regum</strong></span> <span class='ocrx_word' id='word_1_389' title='bbox 3222 1711 3287 1767; x_wconf 88' lang='lat' dir='ltr'><strong>ad</strong></span> <span class='ocrx_word' id='word_1_390' title='bbox 3315 1714 3574 1784; x_wconf 82' lang='lat' dir='ltr'><strong>populum</strong></span> 
     </span>
    </p>
   </div>
   <div class='ocr_carea' id='block_1_78' title="bbox 2566 1793 3570 1863">
    <p class='ocr_par' dir='ltr' id='par_1_78' title="bbox 2566 1793 3570 1863">
     <span class='ocr_line' id='line_1_78' title="bbox 2566 1793 3570 1863; baseline 0.003 -14"><span class='ocrx_word' id='word_1_391' title='bbox 2566 1796 2888 1857; x_wconf 74' lang='lat' dir='ltr'><strong>Romanum,</strong></span> <span class='ocrx_word' id='word_1_392' title='bbox 2936 1793 3025 1863; x_wconf 91' lang='lat' dir='ltr'><strong>qui</strong></span> <span class='ocrx_word' id='word_1_393' title='bbox 3072 1801 3235 1857; x_wconf 90' lang='lat' dir='ltr'><strong>tutor,</strong></span> <span class='ocrx_word' id='word_1_394' title='bbox 3281 1803 3336 1847; x_wconf 91' lang='lat' dir='ltr'><strong>et</strong></span> <span class='ocrx_word' id='word_1_395' title='bbox 3375 1796 3441 1848; x_wconf 86' lang='lat' dir='ltr'><strong>ad</strong></span> <span class='ocrx_word' id='word_1_396' title='bbox 3486 1810 3570 1860; x_wconf 86' lang='lat' dir='ltr'><strong>se,</strong></span> 
     </span>
    </p>
   </div>
   <div class='ocr_carea' id='block_1_79' title="bbox 2558 1871 3573 1944">
    <p class='ocr_par' dir='ltr' id='par_1_79' title="bbox 2558 1871 3573 1944">
     <span class='ocr_line' id='line_1_79' title="bbox 2558 1871 3573 1944; baseline 0.002 -16"><span class='ocrx_word' id='word_1_397' title='bbox 2558 1875 2650 1944; x_wconf 90' lang='lat' dir='ltr'><strong>qui</strong></span> <span class='ocrx_word' id='word_1_398' title='bbox 2677 1871 2863 1928; x_wconf 90' lang='lat' dir='ltr'><strong>consul</strong></span> <span class='ocrx_word' id='word_1_399' title='bbox 2887 1883 3062 1937; x_wconf 90' lang='lat' dir='ltr'><strong>esset,</strong></span> <span class='ocrx_word' id='word_1_400' title='bbox 3093 1872 3368 1941; x_wconf 88' lang='lat' dir='ltr'><strong>pertinere</strong></span> <span class='ocrx_word' id='word_1_401' title='bbox 3389 1871 3573 1930; x_wconf 67' lang='lat' dir='ltr'><strong>Caesar</strong></span> 
     </span>
    </p>
   </div>
   <div class='ocr_carea' id='block_1_80' title="bbox 2547 1952 3562 2023">
    <p class='ocr_par' dir='ltr' id='par_1_80' title="bbox 2547 1952 3562 2023">
     <span class='ocr_line' id='line_1_80' title="bbox 2547 1952 3562 2023; baseline 0 -14"><span class='ocrx_word' id='word_1_402' title='bbox 2547 1956 2922 2009; x_wconf 86' lang='lat' dir='ltr'><strong>existimabat.</strong></span> <span class='ocrx_word' id='word_1_403' title='bbox 2969 1952 3082 2007; x_wconf 88' lang='lat' dir='ltr'><strong>Sibi</strong></span> <span class='ocrx_word' id='word_1_404' title='bbox 3131 1953 3296 2021; x_wconf 89' lang='lat' dir='ltr'><strong>igitur</strong></span> <span class='ocrx_word' id='word_1_405' title='bbox 3329 1953 3562 2023; x_wconf 87' lang='lat' dir='ltr'><strong>placere,</strong></span> 
     </span>
    </p>
   </div>
   <div class='ocr_carea' id='block_1_81' title="bbox 2557 2031 3569 2105">
    <p class='ocr_par' dir='ltr' id='par_1_81' title="bbox 2557 2031 3569 2105">
     <span class='ocr_line' id='line_1_81' title="bbox 2557 2031 3569 2105; baseline 0.002 -16"><span class='ocrx_word' id='word_1_406' title='bbox 2557 2049 2734 2105; x_wconf 87' lang='lat' dir='ltr'><strong>regem</strong></span> <span class='ocrx_word' id='word_1_407' title='bbox 2762 2033 3104 2088; x_wconf 69' lang='lat' dir='ltr'><strong>Ptolemaeum</strong></span> <span class='ocrx_word' id='word_1_408' title='bbox 3123 2073 3138 2096; x_wconf 95' lang='lat'><strong>,</strong></span> <span class='ocrx_word' id='word_1_409' title='bbox 3170 2031 3390 2102; x_wconf 83' lang='lat' dir='ltr'><strong>ejusque</strong></span> <span class='ocrx_word' id='word_1_410' title='bbox 3417 2049 3569 2090; x_wconf 85' lang='lat' dir='ltr'><strong>soro-</strong></span> 
     </span>
    </p>
   </div>
   <div class='ocr_carea' id='block_1_82' title="bbox 2561 2113 3574 2183">
    <p class='ocr_par' dir='ltr' id='par_1_82' title="bbox 2561 2113 3574 2183">
     <span class='ocr_line' id='line_1_82' title="bbox 2561 2113 3574 2183; baseline 0.002 -15"><span class='ocrx_word' id='word_1_411' title='bbox 2561 2130 2676 2168; x_wconf 88' lang='lat' dir='ltr'><strong>rem</strong></span> <span class='ocrx_word' id='word_1_412' title='bbox 2719 2113 3058 2183; x_wconf 85' lang='lat' dir='ltr'><strong>Cleopatram</strong></span> <span class='ocrx_word' id='word_1_413' title='bbox 3097 2113 3370 2167; x_wconf 86' lang='lat' dir='ltr'><strong>exercitus</strong></span> <span class='ocrx_word' id='word_1_414' title='bbox 3392 2114 3574 2170; x_wconf 79' lang='lat' dir='ltr'><strong>dimit-</strong></span> 
     </span>
    </p>
   </div>
   <div class='ocr_carea' id='block_1_83' title="bbox 2557 2193 3569 2265">
    <p class='ocr_par' dir='ltr' id='par_1_83' title="bbox 2557 2193 3569 2265">
     <span class='ocr_line' id='line_1_83' title="bbox 2557 2193 3569 2265; baseline -0.001 -14"><span class='ocrx_word' id='word_1_415' title='bbox 2557 2205 2693 2260; x_wconf 90' lang='lat' dir='ltr'><strong>tere,</strong></span> <span class='ocrx_word' id='word_1_416' title='bbox 2726 2211 2862 2265; x_wconf 88' lang='lat' dir='ltr'><strong>quos</strong></span> <span class='ocrx_word' id='word_1_417' title='bbox 2888 2195 3168 2258; x_wconf 90' lang='lat' dir='ltr'><strong>haberent,</strong></span> <span class='ocrx_word' id='word_1_418' title='bbox 3194 2203 3248 2248; x_wconf 93' lang='lat' dir='ltr'><strong>et</strong></span> <span class='ocrx_word' id='word_1_419' title='bbox 3267 2193 3332 2248; x_wconf 91' lang='lat' dir='ltr'><strong>de</strong></span> <span class='ocrx_word' id='word_1_420' title='bbox 3353 2205 3569 2251; x_wconf 82' lang='lat' dir='ltr'><strong>contro-</strong></span> 
     </span>
    </p>
   </div>
   <div class='ocr_carea' id='block_1_84' title="bbox 2557 2273 3567 2344">
    <p class='ocr_par' dir='ltr' id='par_1_84' title="bbox 2557 2273 3567 2344">
     <span class='ocr_line' id='line_1_84' title="bbox 2557 2273 3567 2344; baseline 0.001 -16"><span class='ocrx_word' id='word_1_421' title='bbox 2557 2275 2752 2330; x_wconf 78' lang='lat' dir='ltr'><strong>versiis</strong></span> <span class='ocrx_word' id='word_1_422' title='bbox 2770 2274 2890 2344; x_wconf 85' lang='lat' dir='ltr'><strong>jure</strong></span> <span class='ocrx_word' id='word_1_423' title='bbox 2917 2274 3055 2342; x_wconf 85' lang='lat' dir='ltr'><strong>apud</strong></span> <span class='ocrx_word' id='word_1_424' title='bbox 3091 2288 3148 2327; x_wconf 91' lang='lat' dir='ltr'><strong>se</strong></span> <span class='ocrx_word' id='word_1_425' title='bbox 3181 2273 3376 2342; x_wconf 90' lang='lat' dir='ltr'><strong>potius,</strong></span> <span class='ocrx_word' id='word_1_426' title='bbox 3405 2289 3567 2342; x_wconf 86' lang='lat' dir='ltr'><strong>quam</strong></span> 
     </span>
    </p>
   </div>
   <div class='ocr_carea' id='block_1_85' title="bbox 2554 2353 3559 2427">
    <p class='ocr_par' dir='ltr' id='par_1_85' title="bbox 2554 2353 3559 2427">
     <span class='ocr_line' id='line_1_85' title="bbox 2554 2353 3559 2427; baseline 0 -17"><span class='ocrx_word' id='word_1_427' title='bbox 2554 2357 2698 2410; x_wconf 88' lang='lat' dir='ltr'><strong>inter</strong></span> <span class='ocrx_word' id='word_1_428' title='bbox 2743 2370 2804 2410; x_wconf 88' lang='lat' dir='ltr'><strong>se</strong></span> <span class='ocrx_word' id='word_1_429' title='bbox 2849 2355 3015 2410; x_wconf 89' lang='lat' dir='ltr'><strong>armis</strong></span> <span class='ocrx_word' id='word_1_430' title='bbox 3055 2353 3559 2427; x_wconf 72' lang='lat' dir='ltr'><strong>disceptare.[C:es.</strong></span> 
     </span>
    </p>
   </div>
   <div class='ocr_carea' id='block_1_86' title="bbox 2559 2433 2793 2506">
    <p class='ocr_par' dir='ltr' id='par_1_86' title="bbox 2559 2433 2793 2506">
     <span class='ocr_line' id='line_1_86' title="bbox 2559 2433 2793 2506; baseline -0.021 -14"><span class='ocrx_word' id='word_1_431' title='bbox 2559 2435 2654 2492; x_wconf 73' lang='lat' dir='ltr'><strong>ns.</strong></span> <span class='ocrx_word' id='word_1_432' title='bbox 2685 2433 2793 2506; x_wconf 59' lang='lat'><strong>&quot;1.1</strong></span> 
     </span>
    </p>
   </div>
   <div class='ocr_carea' id='block_1_87' title="bbox 2627 2524 3565 2595">
    <p class='ocr_par' dir='ltr' id='par_1_87' title="bbox 2627 2524 3565 2595">
     <span class='ocr_line' id='line_1_87' title="bbox 2627 2524 3565 2595; baseline 0.003 -16"><span class='ocrx_word' id='word_1_433' title='bbox 2627 2524 2798 2579; x_wconf 84' lang='lat' dir='ltr'><strong>Aucta</strong></span> <span class='ocrx_word' id='word_1_434' title='bbox 2847 2534 3082 2595; x_wconf 87' lang='lat' dir='ltr'><strong>potestas</strong></span> <span class='ocrx_word' id='word_1_435' title='bbox 3123 2526 3354 2582; x_wconf 58' lang='lat' dir='ltr'><strong>Caesaris</strong></span> <span class='ocrx_word' id='word_1_436' title='bbox 3384 2541 3478 2595; x_wconf 88' lang='lat' dir='ltr'><strong>per</strong></span> <span class='ocrx_word' id='word_1_437' title='bbox 3503 2525 3565 2582; x_wconf 91' lang='lat' dir='ltr'><strong>S.</strong></span> 
     </span>
    </p>
   </div>
   <div class='ocr_carea' id='block_1_88' title="bbox 2555 2613 3564 2682">
    <p class='ocr_par' dir='ltr' id='par_1_88' title="bbox 2555 2613 3564 2682">
     <span class='ocr_line' id='line_1_88' title="bbox 2555 2613 3564 2682; baseline 0.002 -12"><span class='ocrx_word' id='word_1_438' title='bbox 2555 2613 2618 2670; x_wconf 91' lang='lat' dir='ltr'><strong>P.</strong></span> <span class='ocrx_word' id='word_1_439' title='bbox 2645 2614 2710 2682; x_wconf 87' lang='lat' dir='ltr'><strong>Q.</strong></span> <span class='ocrx_word' id='word_1_440' title='bbox 2743 2615 2832 2680; x_wconf 61' lang='lat' dir='ltr'><strong>IL,</strong></span> <span class='ocrx_word' id='word_1_441' title='bbox 2863 2617 3008 2672; x_wconf 89' lang='lat' dir='ltr'><strong>circa</strong></span> <span class='ocrx_word' id='word_1_442' title='bbox 3031 2616 3189 2672; x_wconf 79' lang='lat' dir='ltr'><strong>finem</strong></span> <span class='ocrx_word' id='word_1_443' title='bbox 3220 2618 3345 2671; x_wconf 91' lang='lat' dir='ltr'><strong>anni</strong></span> <span class='ocrx_word' id='word_1_444' title='bbox 3375 2618 3564 2672; x_wconf 84' lang='lat' dir='ltr'><strong>collata</strong></span> 
     </span>
    </p>
   </div>
   <div class='ocr_carea' id='block_1_89' title="bbox 2551 2703 3564 2774">
    <p class='ocr_par' dir='ltr' id='par_1_89' title="bbox 2551 2703 3564 2774">
     <span class='ocr_line' id='line_1_89' title="bbox 2551 2703 3564 2774; baseline 0.003 -15"><span class='ocrx_word' id='word_1_445' title='bbox 2551 2703 2657 2759; x_wconf 84' lang='lat' dir='ltr'><strong>sibi</strong></span> <span class='ocrx_word' id='word_1_446' title='bbox 2687 2719 3009 2770; x_wconf 75' lang='lat' dir='ltr'><strong>DICTATUBA,</strong></span> <span class='ocrx_word' id='word_1_447' title='bbox 3041 2706 3354 2774; x_wconf 69' lang='lat' dir='ltr'><strong>carterisque</strong></span> <span class='ocrx_word' id='word_1_448' title='bbox 3397 2705 3564 2762; x_wconf 81' lang='lat' dir='ltr'><strong>hono-</strong></span> 
     </span>
    </p>
   </div>
   <div class='ocr_carea' id='block_1_90' title="bbox 2554 2793 3549 2864">
    <p class='ocr_par' dir='ltr' id='par_1_90' title="bbox 2554 2793 3549 2864">
     <span class='ocr_line' id='line_1_90' title="bbox 2554 2793 3549 2864; baseline 0.001 -17"><span class='ocrx_word' id='word_1_449' title='bbox 2554 2793 2721 2858; x_wconf 87' lang='lat' dir='ltr'><strong>ribus,</strong></span> <span class='ocrx_word' id='word_1_450' title='bbox 2758 2809 2822 2848; x_wconf 90' lang='lat' dir='ltr'><strong>ac</strong></span> <span class='ocrx_word' id='word_1_451' title='bbox 2848 2794 3059 2864; x_wconf 85' lang='lat' dir='ltr'><strong>juribus</strong></span> <span class='ocrx_word' id='word_1_452' title='bbox 3091 2794 3144 2847; x_wconf 94' lang='lat' dir='ltr'><strong>in</strong></span> <span class='ocrx_word' id='word_1_453' title='bbox 3173 2807 3341 2848; x_wconf 89' lang='lat' dir='ltr'><strong>annos</strong></span> <span class='ocrx_word' id='word_1_454' title='bbox 3369 2794 3549 2848; x_wconf 81' lang='lat' dir='ltr'><strong>subse-</strong></span> 
     </span>
    </p>
   </div>
   <div class='ocr_carea' id='block_1_91' title="bbox 2557 2883 3558 2955">
    <p class='ocr_par' dir='ltr' id='par_1_91' title="bbox 2557 2883 3558 2955">
     <span class='ocr_line' id='line_1_91' title="bbox 2557 2883 3558 2955; baseline 0.003 -19"><span class='ocrx_word' id='word_1_455' title='bbox 2557 2894 2785 2954; x_wconf 86' lang='lat' dir='ltr'><strong>quentes</strong></span> <span class='ocrx_word' id='word_1_456' title='bbox 2816 2885 3108 2950; x_wconf 86' lang='lat' dir='ltr'><strong>duraturis,</strong></span> <span class='ocrx_word' id='word_1_457' title='bbox 3140 2883 3204 2938; x_wconf 88' lang='lat' dir='ltr'><strong>ad</strong></span> <span class='ocrx_word' id='word_1_458' title='bbox 3233 2900 3351 2938; x_wconf 91' lang='lat' dir='ltr'><strong>eam</strong></span> <span class='ocrx_word' id='word_1_459' title='bbox 3381 2883 3558 2955; x_wconf 83' lang='lat' dir='ltr'><strong>cogni-</strong></span> 
     </span>
    </p>
   </div>
   <div class='ocr_carea' id='block_1_92' title="bbox 2555 2973 3562 3042">
    <p class='ocr_par' dir='ltr' id='par_1_92' title="bbox 2555 2973 3562 3042">
     <span class='ocr_line' id='line_1_92' title="bbox 2555 2973 3562 3042; baseline -0.003 -13"><span class='ocrx_word' id='word_1_460' title='bbox 2555 2975 2755 3030; x_wconf 90' lang='lat' dir='ltr'><strong>tionem</strong></span> <span class='ocrx_word' id='word_1_461' title='bbox 2772 2976 3014 3029; x_wconf 88' lang='lat' dir='ltr'><strong>securius</strong></span> <span class='ocrx_word' id='word_1_462' title='bbox 3027 2973 3416 3042; x_wconf 88' lang='lat' dir='ltr'><strong>suscipiendam</strong></span> <span class='ocrx_word' id='word_1_463' title='bbox 3447 2987 3562 3042; x_wconf 89' lang='lat' dir='ltr'><strong>per-</strong></span> 
     </span>
    </p>
   </div>
   <div class='ocr_carea' id='block_1_93' title="bbox 2558 3063 3556 3135">
    <p class='ocr_par' dir='ltr' id='par_1_93' title="bbox 2558 3063 3556 3135">
     <span class='ocr_line' id='line_1_93' title="bbox 2558 3063 3556 3135; baseline -0.002 -15"><span class='ocrx_word' id='word_1_464' title='bbox 2558 3066 2759 3131; x_wconf 88' lang='lat' dir='ltr'><strong>movit,</strong></span> <span class='ocrx_word' id='word_1_465' title='bbox 2800 3065 2893 3120; x_wconf 91' lang='lat' dir='ltr'><strong>scd</strong></span> <span class='ocrx_word' id='word_1_466' title='bbox 2933 3064 3145 3118; x_wconf 90' lang='lat' dir='ltr'><strong>insimul</strong></span> <span class='ocrx_word' id='word_1_467' title='bbox 3187 3063 3556 3135; x_wconf 63' lang='lat' dir='ltr'><strong>Egyptiorum</strong></span> 
     </span>
    </p>
   </div>
   <div class='ocr_carea' id='block_1_94' title="bbox 2560 3151 3560 3208">
    <p class='ocr_par' dir='ltr' id='par_1_94' title="bbox 2560 3151 3560 3208">
     <span class='ocr_line' id='line_1_94' title="bbox 2560 3151 3560 3208; baseline 0.002 -2"><span class='ocrx_word' id='word_1_468' title='bbox 2560 3153 2770 3208; x_wconf 88' lang='lat' dir='ltr'><strong>animos</strong></span> <span class='ocrx_word' id='word_1_469' title='bbox 2799 3168 2827 3205; x_wconf 91' lang='lat' dir='ltr'><strong>a</strong></span> <span class='ocrx_word' id='word_1_470' title='bbox 2860 3151 3083 3207; x_wconf 87' lang='lat' dir='ltr'><strong>Pothino</strong></span> <span class='ocrx_word' id='word_1_471' title='bbox 3107 3152 3344 3207; x_wconf 87' lang='lat' dir='ltr'><strong>studiose</strong></span> <span class='ocrx_word' id='word_1_472' title='bbox 3367 3152 3560 3208; x_wconf 89' lang='lat' dir='ltr'><strong>sollici-</strong></span> 
     </span>
    </p>
   </div>
   <div class='ocr_carea' id='block_1_95' title="bbox 2559 3241 3554 3310">
    <p class='ocr_par' dir='ltr' id='par_1_95' title="bbox 2559 3241 3554 3310">
     <span class='ocr_line' id='line_1_95' title="bbox 2559 3241 3554 3310; baseline 0.002 -15"><span class='ocrx_word' id='word_1_473' title='bbox 2559 3250 2698 3296; x_wconf 90' lang='lat' dir='ltr'><strong>tatos</strong></span> <span class='ocrx_word' id='word_1_474' title='bbox 2743 3250 2929 3296; x_wconf 89' lang='lat' dir='ltr'><strong>contra</strong></span> <span class='ocrx_word' id='word_1_475' title='bbox 2972 3241 3142 3310; x_wconf 90' lang='lat' dir='ltr'><strong>ipsum</strong></span> <span class='ocrx_word' id='word_1_476' title='bbox 3191 3241 3459 3305; x_wconf 86' lang='lat' dir='ltr'><strong>incendit,</strong></span> <span class='ocrx_word' id='word_1_477' title='bbox 3487 3255 3554 3297; x_wconf 86' lang='lat' dir='ltr'><strong>ex</strong></span> 
     </span>
    </p>
   </div>
   <div class='ocr_carea' id='block_1_96' title="bbox 2556 3332 3560 3403">
    <p class='ocr_par' dir='ltr' id='par_1_96' title="bbox 2556 3332 3560 3403">
     <span class='ocr_line' id='line_1_96' title="bbox 2556 3332 3560 3403; baseline 0.001 -16"><span class='ocrx_word' id='word_1_478' title='bbox 2556 3332 2767 3402; x_wconf 90' lang='lat' dir='ltr'><strong>hospite</strong></span> <span class='ocrx_word' id='word_1_479' title='bbox 2823 3333 3056 3403; x_wconf 86' lang='lat' dir='ltr'><strong>judicem</strong></span> <span class='ocrx_word' id='word_1_480' title='bbox 3108 3347 3265 3402; x_wconf 89' lang='lat' dir='ltr'><strong>quem</strong></span> <span class='ocrx_word' id='word_1_481' title='bbox 3317 3333 3560 3388; x_wconf 86' lang='lat' dir='ltr'><strong>viderent</strong></span> 
     </span>
    </p>
   </div>
   <div class='ocr_carea' id='block_1_97' title="bbox 2553 3424 3549 3494">
    <p class='ocr_par' dir='ltr' id='par_1_97' title="bbox 2553 3424 3549 3494">
     <span class='ocr_line' id='line_1_97' title="bbox 2553 3424 3549 3494; baseline 0.002 -15"><span class='ocrx_word' id='word_1_482' title='bbox 2553 3439 2771 3479; x_wconf 90' lang='lat' dir='ltr'><strong>suorum</strong></span> <span class='ocrx_word' id='word_1_483' title='bbox 2821 3440 3022 3494; x_wconf 87' lang='lat' dir='ltr'><strong>regum.</strong></span> <span class='ocrx_word' id='word_1_484' title='bbox 3058 3424 3344 3480; x_wconf 69' lang='lat' dir='ltr'><strong>Ptolemaao</strong></span> <span class='ocrx_word' id='word_1_485' title='bbox 3385 3427 3549 3491; x_wconf 73' lang='lat' dir='ltr'><strong>enim,</strong></span> 
     </span>
    </p>
   </div>
   <div class='ocr_carea' id='block_1_98' title="bbox 2555 3514 3556 3587">
    <p class='ocr_par' dir='ltr' id='par_1_98' title="bbox 2555 3514 3556 3587">
     <span class='ocr_line' id='line_1_98' title="bbox 2555 3514 3556 3587; baseline 0.002 -17"><span class='ocrx_word' id='word_1_486' title='bbox 2555 3524 2610 3570; x_wconf 90' lang='lat' dir='ltr'><strong>et</strong></span> <span class='ocrx_word' id='word_1_487' title='bbox 2655 3514 2948 3586; x_wconf 68' lang='lat' dir='ltr'><strong>Cleopatra:</strong></span> <span class='ocrx_word' id='word_1_488' title='bbox 2974 3531 3191 3586; x_wconf 82' lang='lat' dir='ltr'><strong>regnum</strong></span> <span class='ocrx_word' id='word_1_489' title='bbox 3228 3515 3444 3587; x_wconf 57' lang='grc' dir='ltr'><strong>λεωριί</strong></span> <span class='ocrx_word' id='word_1_490' title='bbox 3472 3523 3556 3572; x_wconf 83' lang='lat' dir='ltr'><strong>at-</strong></span> 
     </span>
    </p>
   </div>
   <div class='ocr_carea' id='block_1_99' title="bbox 2557 3612 3550 3681">
    <p class='ocr_par' dir='ltr' id='par_1_99' title="bbox 2557 3612 3550 3681">
     <span class='ocr_line' id='line_1_99' title="bbox 2557 3612 3550 3681; baseline -0.001 -15"><span class='ocrx_word' id='word_1_491' title='bbox 2557 3612 2764 3676; x_wconf 87' lang='lat' dir='ltr'><strong>tribuit,</strong></span> <span class='ocrx_word' id='word_1_492' title='bbox 2801 3613 3097 3680; x_wconf 90' lang='lat' dir='ltr'><strong>horumque</strong></span> <span class='ocrx_word' id='word_1_493' title='bbox 3145 3612 3413 3681; x_wconf 88' lang='lat' dir='ltr'><strong>germanis</strong></span> <span class='ocrx_word' id='word_1_494' title='bbox 3440 3613 3550 3665; x_wconf 79' lang='lat' dir='ltr'><strong>tra-</strong></span> 
     </span>
    </p>
   </div>
   <div class='ocr_carea' id='block_1_100' title="bbox 2565 3698 3554 3756">
    <p class='ocr_par' dir='ltr' id='par_1_100' title="bbox 2565 3698 3554 3756">
     <span class='ocr_line' id='line_1_100' title="bbox 2565 3698 3554 3756; baseline 0 -2"><span class='ocrx_word' id='word_1_495' title='bbox 2565 3701 2736 3756; x_wconf 90' lang='lat' dir='ltr'><strong>tribus</strong></span> <span class='ocrx_word' id='word_1_496' title='bbox 2780 3711 2910 3755; x_wconf 90' lang='lat' dir='ltr'><strong>natu</strong></span> <span class='ocrx_word' id='word_1_497' title='bbox 2951 3700 3245 3754; x_wconf 88' lang='lat' dir='ltr'><strong>minoribus</strong></span> <span class='ocrx_word' id='word_1_498' title='bbox 3270 3698 3554 3754; x_wconf 67' lang='lat' dir='ltr'><strong>Ptolema‘o</strong></span> 
     </span>
    </p>
   </div>
   <div class='ocr_carea' id='block_1_101' title="bbox 2545 3784 3546 3857">
    <p class='ocr_par' dir='ltr' id='par_1_101' title="bbox 2545 3784 3546 3857">
     <span class='ocr_line' id='line_1_101' title="bbox 2545 3784 3546 3857; baseline -0.004 -15"><span class='ocrx_word' id='word_1_499' title='bbox 2545 3787 2769 3857; x_wconf 88' lang='lat' dir='ltr'><strong>juniori,</strong></span> <span class='ocrx_word' id='word_1_500' title='bbox 2793 3796 2846 3843; x_wconf 89' lang='lat' dir='ltr'><strong>et</strong></span> <span class='ocrx_word' id='word_1_501' title='bbox 2867 3789 3105 3842; x_wconf 68' lang='lat' dir='ltr'><strong>Arsinoae</strong></span> <span class='ocrx_word' id='word_1_502' title='bbox 3127 3784 3358 3856; x_wconf 86' lang='lat' dir='ltr'><strong>Cyprum</strong></span> <span class='ocrx_word' id='word_1_503' title='bbox 3390 3786 3546 3855; x_wconf 87' lang='lat' dir='ltr'><strong>largi-</strong></span> 
     </span>
    </p>
   </div>
   <div class='ocr_carea' id='block_1_102' title="bbox 2553 3874 3553 3948">
    <p class='ocr_par' dir='ltr' id='par_1_102' title="bbox 2553 3874 3553 3948">
     <span class='ocr_line' id='line_1_102' title="bbox 2553 3874 3553 3948; baseline -0.004 -16"><span class='ocrx_word' id='word_1_504' title='bbox 2553 3887 2637 3932; x_wconf 90' lang='lat' dir='ltr'><strong>tus</strong></span> <span class='ocrx_word' id='word_1_505' title='bbox 2687 3887 2786 3932; x_wconf 91' lang='lat' dir='ltr'><strong>est.</strong></span> <span class='ocrx_word' id='word_1_506' title='bbox 2839 3875 2998 3948; x_wconf 64' lang='lat' dir='ltr'><strong>[Cu-3.</strong></span> <span class='ocrx_word' id='word_1_507' title='bbox 3045 3875 3162 3940; x_wconf 91' lang='lat' dir='ltr'><strong>ibi.,</strong></span> <span class='ocrx_word' id='word_1_508' title='bbox 3200 3874 3380 3930; x_wconf 88' lang='lat' dir='ltr'><strong>Livius</strong></span> <span class='ocrx_word' id='word_1_509' title='bbox 3432 3875 3553 3942; x_wconf 76' lang='grc'><strong>112,</strong></span> 
     </span>
    </p>
   </div>
   <div class='ocr_carea' id='block_1_103' title="bbox 2563 3967 2979 4041">
    <p class='ocr_par' dir='ltr' id='par_1_103' title="bbox 2563 3967 2979 4041">
     <span class='ocr_line' id='line_1_103' title="bbox 2563 3967 2979 4041; baseline 0.002 -18"><span class='ocrx_word' id='word_1_510' title='bbox 2563 3969 2700 4024; x_wconf 82' lang='lat' dir='ltr'><strong>Plut.</strong></span> <span class='ocrx_word' id='word_1_511' title='bbox 2730 3970 2782 4024; x_wconf 93' lang='lat' dir='ltr'><strong>in</strong></span> <span class='ocrx_word' id='word_1_512' title='bbox 2819 3967 2979 4041; x_wconf 44' lang='grc' dir='ltr'><strong>σεδ]</strong></span> 
     </span>
    </p>
   </div>
   <div class='ocr_carea' id='block_1_104' title="bbox 2627 4047 3553 4129">
    <p class='ocr_par' dir='ltr' id='par_1_104' title="bbox 2627 4047 3553 4129">
     <span class='ocr_line' id='line_1_104' title="bbox 2627 4047 3553 4129; baseline -0.001 -16"><span class='ocrx_word' id='word_1_513' title='bbox 2627 4059 2706 4113; x_wconf 81' lang='lat' dir='ltr'><strong>Ex</strong></span> <span class='ocrx_word' id='word_1_514' title='bbox 2755 4047 2947 4113; x_wconf 84' lang='lat' dir='ltr'><strong>iterato</strong></span> <span class='ocrx_word' id='word_1_515' title='bbox 3001 4059 3165 4129; x_wconf 88' lang='lat' dir='ltr'><strong>igitur</strong></span> <span class='ocrx_word' id='word_1_516' title='bbox 3225 4057 3455 4114; x_wconf 85' lang='lat' dir='ltr'><strong>tumultu</strong></span> <span class='ocrx_word' id='word_1_517' title='bbox 3502 4056 3553 4112; x_wconf 89' lang='lat' dir='ltr'><strong>in</strong></span> 
     </span>
    </p>
   </div>
   <div class='ocr_carea' id='block_1_105' title="bbox 2555 4145 3555 4218">
    <p class='ocr_par' dir='ltr' id='par_1_105' title="bbox 2555 4145 3555 4218">
     <span class='ocr_line' id='line_1_105' title="bbox 2555 4145 3555 4218; baseline -0.005 -15"><span class='ocrx_word' id='word_1_518' title='bbox 2555 4157 2796 4218; x_wconf 88' lang='lat' dir='ltr'><strong>apertum</strong></span> <span class='ocrx_word' id='word_1_519' title='bbox 2822 4147 3016 4202; x_wconf 89' lang='lat' dir='ltr'><strong>bellum</strong></span> <span class='ocrx_word' id='word_1_520' title='bbox 3039 4147 3278 4201; x_wconf 87' lang='lat' dir='ltr'><strong>deductis</strong></span> <span class='ocrx_word' id='word_1_521' title='bbox 3291 4145 3555 4216; x_wconf 59' lang='lat' dir='ltr'><strong>[Egyptiis</strong></span> 
     </span>
    </p>
   </div>
   <div class='ocr_carea' id='block_1_106' title="bbox 2563 4236 3553 4304">
    <p class='ocr_par' dir='ltr' id='par_1_106' title="bbox 2563 4236 3553 4304">
     <span class='ocr_line' id='line_1_106' title="bbox 2563 4236 3553 4304; baseline -0.005 -12"><span class='ocrx_word' id='word_1_522' title='bbox 2563 4246 2617 4292; x_wconf 91' lang='lat' dir='ltr'><strong>et</strong></span> <span class='ocrx_word' id='word_1_523' title='bbox 2658 4236 2930 4298; x_wconf 79' lang='lat' dir='ltr'><strong>Romanis,</strong></span> <span class='ocrx_word' id='word_1_524' title='bbox 2963 4236 3180 4290; x_wconf 87' lang='lat' dir='ltr'><strong>incensa</strong></span> <span class='ocrx_word' id='word_1_525' title='bbox 3212 4243 3292 4290; x_wconf 91' lang='lat' dir='ltr'><strong>est</strong></span> <span class='ocrx_word' id='word_1_526' title='bbox 3317 4236 3368 4288; x_wconf 91' lang='lat' dir='ltr'><strong>in</strong></span> <span class='ocrx_word' id='word_1_527' title='bbox 3400 4244 3553 4304; x_wconf 89' lang='lat' dir='ltr'><strong>portu</strong></span> 
     </span>
    </p>
   </div>
   <div class='ocr_carea' id='block_1_107' title="bbox 2553 4321 3561 4382">
    <p class='ocr_par' dir='ltr' id='par_1_107' title="bbox 2553 4321 3561 4382">
     <span class='ocr_line' id='line_1_107' title="bbox 2553 4321 3561 4382; baseline -0.005 -1"><span class='ocrx_word' id='word_1_528' title='bbox 2553 4341 2676 4382; x_wconf 92' lang='lat' dir='ltr'><strong>cum</strong></span> <span class='ocrx_word' id='word_1_529' title='bbox 2708 4325 2931 4379; x_wconf 90' lang='lat' dir='ltr'><strong>navibus</strong></span> <span class='ocrx_word' id='word_1_530' title='bbox 2958 4324 3182 4378; x_wconf 86' lang='lat' dir='ltr'><strong>celebris</strong></span> <span class='ocrx_word' id='word_1_531' title='bbox 3232 4323 3317 4377; x_wconf 91' lang='lat' dir='ltr'><strong>illa</strong></span> <span class='ocrx_word' id='word_1_532' title='bbox 3368 4321 3561 4377; x_wconf 89' lang='lat' dir='ltr'><strong>biblio-</strong></span> 
     </span>
    </p>
   </div>
   <div class='ocr_carea' id='block_1_108' title="bbox 2557 4409 3662 4481">
    <p class='ocr_par' dir='ltr' id='par_1_108' title="bbox 2557 4409 3662 4481">
     <span class='ocr_line' id='line_1_108' title="bbox 2557 4409 3662 4481; baseline -0.002 -15"><span class='ocrx_word' id='word_1_533' title='bbox 2557 4413 2708 4467; x_wconf 91' lang='lat' dir='ltr'><strong>theca</strong></span> <span class='ocrx_word' id='word_1_534' title='bbox 2732 4413 2872 4481; x_wconf 73' lang='lat' dir='ltr'><strong>reg’s</strong></span> <span class='ocrx_word' id='word_1_535' title='bbox 2911 4410 3238 4480; x_wconf 83' lang='lat' dir='ltr'><strong>Philadclphi</strong></span> <span class='ocrx_word' id='word_1_536' title='bbox 3270 4409 3373 4464; x_wconf 74' lang='grc' dir='ltr'><strong>ιοο</strong></span> <span class='ocrx_word' id='word_1_537' title='bbox 3395 4409 3557 4464; x_wconf 89' lang='lat' dir='ltr'><strong>libro-</strong></span> <span class='ocrx_word' id='word_1_538' title='bbox 3656 4421 3662 4427; x_wconf 84' lang='lat'>&#39;</span> 
     </span>
    </p>
   </div>
   <div class='ocr_carea' id='block_1_109' title="bbox 2557 4499 3549 4570">
    <p class='ocr_par' dir='ltr' id='par_1_109' title="bbox 2557 4499 3549 4570">
     <span class='ocr_line' id='line_1_109' title="bbox 2557 4499 3549 4570; baseline -0.003 -13"><span class='ocrx_word' id='word_1_539' title='bbox 2557 4517 2672 4557; x_wconf 88' lang='lat' dir='ltr'><strong>rum</strong></span> <span class='ocrx_word' id='word_1_540' title='bbox 2725 4502 2958 4556; x_wconf 91' lang='lat' dir='ltr'><strong>millibus</strong></span> <span class='ocrx_word' id='word_1_541' title='bbox 3001 4502 3279 4555; x_wconf 86' lang='lat' dir='ltr'><strong>instructa.</strong></span> <span class='ocrx_word' id='word_1_542' title='bbox 3321 4499 3549 4570; x_wconf 82' lang='lat' dir='ltr'><strong>[Seneca</strong></span> 
     </span>
    </p>
   </div>
   <div class='ocr_carea' id='block_1_110' title="bbox 2552 4589 3579 4660">
    <p class='ocr_par' dir='ltr' id='par_1_110' title="bbox 2552 4589 3579 4660">
     <span class='ocr_line' id='line_1_110' title="bbox 2552 4589 3579 4660; baseline 0 -15"><span class='ocrx_word' id='word_1_543' title='bbox 2552 4592 2645 4648; x_wconf 90' lang='lat' dir='ltr'><strong>lib.</strong></span> <span class='ocrx_word' id='word_1_544' title='bbox 2682 4593 2747 4647; x_wconf 92' lang='lat' dir='ltr'><strong>de</strong></span> <span class='ocrx_word' id='word_1_545' title='bbox 2791 4589 3082 4660; x_wconf 87' lang='lat' dir='ltr'><strong>Tranquill.</strong></span> <span class='ocrx_word' id='word_1_546' title='bbox 3131 4590 3292 4643; x_wconf 87' lang='lat' dir='ltr'><strong>animi</strong></span> <span class='ocrx_word' id='word_1_547' title='bbox 3321 4605 3442 4658; x_wconf 91' lang='lat' dir='ltr'><strong>cap.</strong></span> <span class='ocrx_word' id='word_1_548' title='bbox 3471 4589 3546 4654; x_wconf 86' lang='lat'><strong>9;</strong></span> <span class='ocrx_word' id='word_1_549' title='bbox 3573 4601 3579 4623; x_wconf 79' lang='grc' dir='ltr'><strong><em>τ</em></strong></span> 
     </span>
    </p>
   </div>
   <div class='ocr_carea' id='block_1_111' title="bbox 2555 4679 3555 4746">
    <p class='ocr_par' dir='ltr' id='par_1_111' title="bbox 2555 4679 3555 4746">
     <span class='ocr_line' id='line_1_111' title="bbox 2555 4679 3555 4746; baseline -0.006 -7"><span class='ocrx_word' id='word_1_550' title='bbox 2555 4683 2710 4739; x_wconf 89' lang='lat' dir='ltr'><strong>Oros.</strong></span> <span class='ocrx_word' id='word_1_551' title='bbox 2751 4681 2788 4738; x_wconf 93' lang='lat' dir='ltr'><strong>l.</strong></span> <span class='ocrx_word' id='word_1_552' title='bbox 2817 4698 2888 4746; x_wconf 84' lang='lat' dir='ltr'><strong>vi,</strong></span> <span class='ocrx_word' id='word_1_553' title='bbox 2920 4698 2970 4736; x_wconf 92' lang='lat' dir='ltr'><strong>c.</strong></span> <span class='ocrx_word' id='word_1_554' title='bbox 3002 4681 3107 4743; x_wconf 82' lang='lat' dir='ltr'><strong>l5;</strong></span> <span class='ocrx_word' id='word_1_555' title='bbox 3145 4681 3459 4734; x_wconf 87' lang='lat' dir='ltr'><strong>Plutarchus</strong></span> <span class='ocrx_word' id='word_1_556' title='bbox 3501 4679 3555 4733; x_wconf 90' lang='lat' dir='ltr'><strong>in</strong></span> 
     </span>
    </p>
   </div>
   <div class='ocr_carea' id='block_1_112' title="bbox 2551 4767 3555 4839">
    <p class='ocr_par' dir='ltr' id='par_1_112' title="bbox 2551 4767 3555 4839">
     <span class='ocr_line' id='line_1_112' title="bbox 2551 4767 3555 4839; baseline -0.004 -13"><span class='ocrx_word' id='word_1_557' title='bbox 2551 4770 2687 4826; x_wconf 63' lang='lat' dir='ltr'><strong>Caes.</strong></span> <span class='ocrx_word' id='word_1_558' title='bbox 2712 4780 2767 4824; x_wconf 92' lang='lat' dir='ltr'><strong>et</strong></span> <span class='ocrx_word' id='word_1_559' title='bbox 2787 4771 2883 4825; x_wconf 93' lang='lat' dir='ltr'><strong>Dio</strong></span> <span class='ocrx_word' id='word_1_560' title='bbox 2907 4769 2999 4824; x_wconf 87' lang='lat' dir='ltr'><strong>lib.</strong></span> <span class='ocrx_word' id='word_1_561' title='bbox 3016 4767 3170 4839; x_wconf 66' lang='lat' dir='ltr'><strong>nm}</strong></span> <span class='ocrx_word' id='word_1_562' title='bbox 3204 4769 3404 4832; x_wconf 65' lang='lat' dir='ltr'><strong>Caesar,</strong></span> <span class='ocrx_word' id='word_1_563' title='bbox 3430 4767 3555 4822; x_wconf 87' lang='lat' dir='ltr'><strong>licet</strong></span> 
     </span>
    </p>
   </div>
   <div class='ocr_carea' id='block_1_113' title="bbox 2550 4859 3553 4916">
    <p class='ocr_par' dir='ltr' id='par_1_113' title="bbox 2550 4859 3553 4916">
     <span class='ocr_line' id='line_1_113' title="bbox 2550 4859 3553 4916; baseline -0.003 0"><span class='ocrx_word' id='word_1_564' title='bbox 2550 4877 2656 4916; x_wconf 90' lang='lat' dir='ltr'><strong>non</strong></span> <span class='ocrx_word' id='word_1_565' title='bbox 2679 4859 2844 4914; x_wconf 90' lang='lat' dir='ltr'><strong>multo</strong></span> <span class='ocrx_word' id='word_1_566' title='bbox 2867 4875 3082 4914; x_wconf 90' lang='lat' dir='ltr'><strong>suorum</strong></span> <span class='ocrx_word' id='word_1_567' title='bbox 3111 4859 3334 4912; x_wconf 91' lang='lat' dir='ltr'><strong>militum</strong></span> <span class='ocrx_word' id='word_1_568' title='bbox 3367 4870 3553 4913; x_wconf 87' lang='lat' dir='ltr'><strong>nume-</strong></span> 
     </span>
    </p>
   </div>
   <div class='ocr_carea' id='block_1_114' title="bbox 2550 4947 3550 5017">
    <p class='ocr_par' dir='ltr' id='par_1_114' title="bbox 2550 4947 3550 5017">
     <span class='ocr_line' id='line_1_114' title="bbox 2550 4947 3550 5017; baseline -0.002 -13"><span class='ocrx_word' id='word_1_569' title='bbox 2550 4964 2634 5014; x_wconf 86' lang='lat' dir='ltr'><strong>ro,</strong></span> <span class='ocrx_word' id='word_1_570' title='bbox 2684 4949 2750 5002; x_wconf 88' lang='lat' dir='ltr'><strong>ad</strong></span> <span class='ocrx_word' id='word_1_571' title='bbox 2808 4948 2910 5002; x_wconf 90' lang='lat' dir='ltr'><strong>hoc</strong></span> <span class='ocrx_word' id='word_1_572' title='bbox 2959 4947 3196 5017; x_wconf 73' lang='lat' dir='ltr'><strong>praelium</strong></span> <span class='ocrx_word' id='word_1_573' title='bbox 3244 4948 3550 5017; x_wconf 83' lang='lat' dir='ltr'><strong>perductus,</strong></span> 
     </span>
    </p>
   </div>
   <div class='ocr_carea' id='block_1_115' title="bbox 2556 5037 3554 5106">
    <p class='ocr_par' dir='ltr' id='par_1_115' title="bbox 2556 5037 3554 5106">
     <span class='ocr_line' id='line_1_115' title="bbox 2556 5037 3554 5106; baseline 0 -18"><span class='ocrx_word' id='word_1_574' title='bbox 2556 5039 2697 5106; x_wconf 88' lang='lat' dir='ltr'><strong>quod</strong></span> <span class='ocrx_word' id='word_1_575' title='bbox 2728 5037 2828 5091; x_wconf 91' lang='lat' dir='ltr'><strong>sibi</strong></span> <span class='ocrx_word' id='word_1_576' title='bbox 2856 5045 3172 5091; x_wconf 84' lang='lat' dir='ltr'><strong>eventurum</strong></span> <span class='ocrx_word' id='word_1_577' title='bbox 3203 5052 3307 5090; x_wconf 91' lang='lat' dir='ltr'><strong>non</strong></span> <span class='ocrx_word' id='word_1_578' title='bbox 3337 5046 3554 5103; x_wconf 81' lang='lat' dir='ltr'><strong>reputa-</strong></span> 
     </span>
    </p>
   </div>
   <div class='ocr_carea' id='block_1_116' title="bbox 2551 5126 3556 5194">
    <p class='ocr_par' dir='ltr' id='par_1_116' title="bbox 2551 5126 3556 5194">
     <span class='ocr_line' id='line_1_116' title="bbox 2551 5126 3556 5194; baseline 0.004 -15"><span class='ocrx_word' id='word_1_579' title='bbox 2551 5137 2720 5191; x_wconf 87' lang='lat' dir='ltr'><strong>verat,</strong></span> <span class='ocrx_word' id='word_1_580' title='bbox 2747 5135 2984 5181; x_wconf 89' lang='lat' dir='ltr'><strong>attamen</strong></span> <span class='ocrx_word' id='word_1_581' title='bbox 3008 5127 3320 5194; x_wconf 86' lang='lat' dir='ltr'><strong>opportunis</strong></span> <span class='ocrx_word' id='word_1_582' title='bbox 3340 5126 3556 5183; x_wconf 78' lang='lat' dir='ltr'><strong>auxiliis</strong></span> 
     </span>
    </p>
   </div>
   <div class='ocr_carea' id='block_1_117' title="bbox 2551 5215 3553 5279">
    <p class='ocr_par' dir='ltr' id='par_1_117' title="bbox 2551 5215 3553 5279">
     <span class='ocr_line' id='line_1_117' title="bbox 2551 5215 3553 5279; baseline 0.003 -9"><span class='ocrx_word' id='word_1_583' title='bbox 2551 5217 2954 5279; x_wconf 68' lang='lat' dir='ltr'><strong>fmderatorum,</strong></span> <span class='ocrx_word' id='word_1_584' title='bbox 2980 5225 3034 5269; x_wconf 91' lang='lat' dir='ltr'><strong>et</strong></span> <span class='ocrx_word' id='word_1_585' title='bbox 3059 5216 3352 5270; x_wconf 89' lang='lat' dir='ltr'><strong>amicorum</strong></span> <span class='ocrx_word' id='word_1_586' title='bbox 3396 5215 3454 5269; x_wconf 91' lang='lat' dir='ltr'><strong>P.</strong></span> <span class='ocrx_word' id='word_1_587' title='bbox 3486 5216 3553 5273; x_wconf 70' lang='grc' dir='ltr'><strong>Β.</strong></span> 
     </span>
    </p>
   </div>
   <div class='ocr_carea' id='block_1_118' title="bbox 2553 5304 3552 5374">
    <p class='ocr_par' dir='ltr' id='par_1_118' title="bbox 2553 5304 3552 5374">
     <span class='ocr_line' id='line_1_118' title="bbox 2553 5304 3552 5374; baseline 0.001 -16"><span class='ocrx_word' id='word_1_588' title='bbox 2553 5321 2663 5358; x_wconf 90' lang='lat' dir='ltr'><strong>rem</strong></span> <span class='ocrx_word' id='word_1_589' title='bbox 2718 5318 2968 5374; x_wconf 88' lang='lat' dir='ltr'><strong>prospere</strong></span> <span class='ocrx_word' id='word_1_590' title='bbox 3021 5305 3206 5373; x_wconf 87' lang='lat' dir='ltr'><strong>gessit.</strong></span> <span class='ocrx_word' id='word_1_591' title='bbox 3267 5304 3552 5359; x_wconf 84' lang='lat' dir='ltr'><strong>Strenualn</strong></span> 
     </span>
    </p>
   </div>
   <div class='ocr_carea' id='block_1_119' title="bbox 2553 5394 3546 5462">
    <p class='ocr_par' dir='ltr' id='par_1_119' title="bbox 2553 5394 3546 5462">
     <span class='ocr_line' id='line_1_119' title="bbox 2553 5394 3546 5462; baseline -0.001 -15"><span class='ocrx_word' id='word_1_592' title='bbox 2553 5395 2627 5448; x_wconf 93' lang='lat' dir='ltr'><strong>illi</strong></span> <span class='ocrx_word' id='word_1_593' title='bbox 2653 5409 2870 5462; x_wconf 89' lang='lat' dir='ltr'><strong>operam</strong></span> <span class='ocrx_word' id='word_1_594' title='bbox 2915 5404 3178 5447; x_wconf 86' lang='lat' dir='ltr'><strong>navarunt</strong></span> <span class='ocrx_word' id='word_1_595' title='bbox 3220 5394 3397 5447; x_wconf 70' lang='lat' dir='ltr'><strong>Judrri</strong></span> <span class='ocrx_word' id='word_1_596' title='bbox 3437 5405 3546 5446; x_wconf 80' lang='lat' dir='ltr'><strong>tum</strong></span> 
     </span>
    </p>
   </div>
   <div class='ocr_carea' id='block_1_120' title="bbox 2549 5481 3544 5547">
    <p class='ocr_par' dir='ltr' id='par_1_120' title="bbox 2549 5481 3544 5547">
     <span class='ocr_line' id='line_1_120' title="bbox 2549 5481 3544 5547; baseline -0.002 -10"><span class='ocrx_word' id='word_1_597' title='bbox 2549 5483 2908 5547; x_wconf 72' lang='lat' dir='ltr'><strong>Alexandrini,</strong></span> <span class='ocrx_word' id='word_1_598' title='bbox 2931 5493 3039 5536; x_wconf 86' lang='lat' dir='ltr'><strong>tum</strong></span> <span class='ocrx_word' id='word_1_599' title='bbox 3058 5481 3343 5546; x_wconf 64' lang='lat' dir='ltr'><strong>Pala’stini,</strong></span> <span class='ocrx_word' id='word_1_600' title='bbox 3366 5499 3544 5547; x_wconf 80' lang='lat' dir='ltr'><strong>suasu,</strong></span> 
     </span>
    </p>
   </div>
   <div class='ocr_carea' id='block_1_121' title="bbox 2551 5572 3543 5642">
    <p class='ocr_par' dir='ltr' id='par_1_121' title="bbox 2551 5572 3543 5642">
     <span class='ocr_line' id='line_1_121' title="bbox 2551 5572 3543 5642; baseline 0.002 -15"><span class='ocrx_word' id='word_1_601' title='bbox 2551 5576 2933 5627; x_wconf 84' lang='lat' dir='ltr'><strong>el-uuctoritate</strong></span> <span class='ocrx_word' id='word_1_602' title='bbox 2980 5572 3210 5641; x_wconf 80' lang='lat' dir='ltr'><strong>Hyrcani</strong></span> <span class='ocrx_word' id='word_1_603' title='bbox 3255 5577 3543 5642; x_wconf 75' lang='lat' dir='ltr'><strong>pontificis,</strong></span> 
     </span>
    </p>
   </div>
   <div class='ocr_carea' id='block_1_122' title="bbox 2551 5661 3538 5737">
    <p class='ocr_par' dir='ltr' id='par_1_122' title="bbox 2551 5661 3538 5737">
     <span class='ocr_line' id='line_1_122' title="bbox 2551 5661 3538 5737; baseline -0.002 -20"><span class='ocrx_word' id='word_1_604' title='bbox 2551 5662 2917 5717; x_wconf 75' lang='lat' dir='ltr'><strong>ct&#39;.‘\ristobuli</strong></span> <span class='ocrx_word' id='word_1_605' title='bbox 2953 5661 3084 5730; x_wconf 77' lang='lat'><strong>[105.</strong></span> <span class='ocrx_word' id='word_1_606' title='bbox 3105 5661 3196 5716; x_wconf 92' lang='lat' dir='ltr'><strong>lib.</strong></span> <span class='ocrx_word' id='word_1_607' title='bbox 3213 5678 3324 5727; x_wconf 81' lang='lat' dir='ltr'><strong>xw,</strong></span> <span class='ocrx_word' id='word_1_608' title='bbox 3349 5679 3395 5718; x_wconf 93' lang='lat' dir='ltr'><strong>c.</strong></span> <span class='ocrx_word' id='word_1_609' title='bbox 3418 5663 3538 5737; x_wconf 66' lang='lat' dir='ltr'><strong>l5]:</strong></span> 
     </span>
    </p>
   </div>
  </div>
