3918 6316
135 445 233 508 405
857 457 878 498 -’
1047 458 1386 518 CHRONOL.
1425 461 1714 521 CONSUL.
1759 466 1845 520 ET
1883 467 2053 522 C/ES.
2090 467 2252 523 ROM.
2297 470 2447 526 ETC.
2506 538 2509 540 _

203 564 348 655 Au'ni'
412 569 548 624 Anni
585 571 732 625 Rom.
759 573 1253 655 ciuilesneorumque
1277 595 1418 655 com-1
1483 580 1629 655 Anni
1726 585 1773 644 Α
1837 579 1999 655 Δᾼιιιιὶ
2084 582 2219 637 Ληιιὶ
2243 584 2453 655 Iuliani
2476 595 2592 653 pro!
2613 587 2736 655 plici
2759 599 2877 642 ante
2900 589 3088 644 ram
3177 593 3313 648 Anni

139 633 365 706 per-11!}.
448 633 1415 705 mensusrum[EraChrislieommuni
1461 648 1545 704 -U.
1586 649 1649 706 C.

142 703 181 760 et
207 703 332 772 (μετέ
445 725 492 768 et
519 729 636 767 cum
665 716 878 784 periodo
898 717 1116 772 Juliana
1141 703 1418 791 Scaligeri.
1491 703 1611 775 ante
1636 730 1684 775 et

1545 802 1620 845 οδε

1536 859 1646 916 alil.

199 786 327 853 Gl)

409 845 574 889 teram
603 829 836 898 Christi,
875 848 969 898 seu
999 833 1227 894 Periodi
1251 834 1416 892 Julia-

411 935 496 976 nte
535 921 695 976 4666.
750 921 904 978 Hunc
953 937 1154 980 annum
1209 929 1421 1000 signant

411 1013 672 1090 Consules
706 1015 758 1068 in
787 1018 1148 1078 marmoribus
1169 1018 1426 1091 Capitoli-

407 1102 490 1156 nis
517 1103 586 1156 ita
623 1105 865 1174 expressi
1217 1151 1220 1154 .
1390 1166 1395 1176 Ι

478 1205 528 1244 C.
565 1205 752 1246 IVLIVS.
788 1209 834 1248 C.
863 1210 909 1248 P.
942 1211 987 1250 C.
1111 1212 1309 1253 CAESAR
1333 1215 1416 1254 111.

471 1295 527 1333 ιι.
560 1281 809 1338 aemilius
832 1299 902 1338 ιιι.
932 1285 968 1339 f.
997 1302 1051 1357 q.
1085 1301 1140 1341 ιι.
1169 1287 1418 1356 Lepidus.

554 1383 603 1422 C.
638 1385 830 1426 IVLIVS.
858 1389 908 1444 ς.
936 1390 985 1429 F.
1037 1391 1086 1430 C.
1124 1391 1175 1430 Ν.
1219 1391 1419 1434 CAESAR

557 1471 616 1538 ut
645 1467 895 1538 metator.
1063 1536 1071 1543 ‘

557 1563 614 1602 ll.
647 1564 893 1628 AEIILIVS
909 1568 964 1608 Ι.
981 1569 1027 1608 F.
1045 1570 1095 1618 ο.
1115 1571 1164 1609 Ν.
1183 1573 1419 1616 LEPIDVS.

552 1636 692 1708 Mag.
722 1641 904 1714 Equit.
1027 1677 1029 1679 -
1181 1694 1183 1697 .

179 1719 321 1774 4667.
379 1798 384 1800 ἡ
493 1723 746 1797 Sigonius
781 1732 832 1786 in
863 1732 1163 1791 Comment.
1196 1739 1263 1792 ad
1310 1739 1416 1794 Fa-

171 1811 352 1874 l9,l2.
408 1824 527 1871 stos
572 1820 637 1874 ad
684 1822 826 1879 hunc
869 1840 1070 1882 annum
1099 1829 1162 1883 V.
1214 1829 1273 1886 C.
1313 1831 1415 1886 707

223 1893 284 1947 Ε.
415 1897 714 1985 [ineuntem
739 1921 803 1960 ex
853 1907 1128 1985 Palilibus]
1160 1914 1412 1971 observat

405 1981 580 2036 videri
610 1983 880 2044 diversam
907 1981 1249 2051 sententiam
1280 1998 1413 2068 ejus,

401 2066 497 2152 ιιιιὶ
544 2065 735 2152 Fastos
760 2071 1090 2142 Capitolinos
1133 2079 1205 2134 ita
1239 2065 1415 2152 διέσε-

399 2146 492 2229 sit,
521 2147 590 2202 ab
615 2149 783 2206 altera
807 2166 1015 2223 eorum,
1051 2159 1142 2229 qui
1183 2146 1417 2218 Annales

403 2227 684 2288 Romanos
743 2227 1108 2308 scripserunt;
1161 2258 1284 2298 cum
1332 2246 1420 2304 ille

407 2325 556 2367 anno
582 2318 847 2384 superiori
892 2321 1212 2379 dictaturam
1244 2343 1281 2381 ιι
1329 2342 1417 2384 so-

402 2390 683 2452 lummodo
720 2400 997 2467 attribuat,
1045 2404 1171 2461 huic
1200 2422 1328 2464 vero
1361 2419 1416 2464 et

401 2478 748 2544 consulatum.
780 2498 842 2538 ιιι
877 2492 932 2540 et
970 2486 1296 2549 Dictaturam
1333 2506 1414 2556 Ill,

361 2611 376 2617 -,
401 2560 655 2629 proxime
684 2564 927 2634 sequenti
969 2582 1022 2634 ιν
1056 2569 1411 2636 consulatum,

397 2647 452 2722 et
483 2656 538 2694 tv
589 2642 952 2722 Dictaturam,
993 2658 1046 2705 et
1089 2650 1240 2705 alteri
1295 2662 1416 2722 post

410 2719 558 2778 hunc
584 2719 916 2794 consulatum
949 2746 1010 2796 v;
1065 2731 1183 2787 aliis
1211 2733 1276 2787 de
1295 2719 1411 2787 _Di-

403 2808 616 2857 elatura
647 2820 675 2857 v
717 2810 1096 2877 quaarentibus,
1152 2828 1273 2881 qua:
1302 2830 1414 2880 nu-

401 2881 577 2963 spiam
626 2885 834 2955 legitur.
863 2891 1123 2947 Conciliat
1165 2891 1414 2963 Sigonius

369 2979 372 2982 ·
401 2959 485 3033 [et
508 2980 604 3022 nos
627 2983 746 3023 cum
785 2971 875 3026 illo
923 2973 1157 3028 tollimus
1192 2959 1404 3029 omnem

401 3050 853 3124 controversiam]
907 3055 1183 3123 productis
1233 3054 1410 3109 verbis

397 3123 606 3182 Dionis.
660 3128 877 3188 Postero
931 3150 1046 3190 vero
1095 3152 1232 3190 anno
1265 3135 1408 3207 [post

401 3221 550 3272 eum,
579 3225 736 3278 quem
773 3214 1001 3272 dictator
1038 3233 1080 3271 ιι
1124 3218 1398 3289 exegerat]

365 3285 738 3358 ,Di‘ctaluram‘
761 3310 960 3364 quoque
991 3313 1093 3361 una
1125 3285 1248 3351 cuni
1283 3285 1405 3354 con:-

395 3369 595 3435 sulatu,
658 3377 928 3446 utrumque
964 3381 1169 3433 tertium
1204 3383 1395 3451 gessit,

393 3450 594 3523 collega
637 3456 734 3534 sibi
782 3471 1054 3530 surrogato
1085 3464 1138 3516 in
1183 3450 1402 3534 utroque

394 3527 717 3604 magistratu.
733 3537 809 3593 Μ.
837 3527 1053 3611 Lepido.

673 3672 806 3730 RES
854 3675 1121 3734 GESTAE.

469 3773 650 3832 Caesar
712 3774 897 3834 contra
953 3781 1013 3836 P.
1089 3783 1395 3842 Cornelium

373 3852 698 3927 Scipionem
747 3859 982 3931 Pompeii
1020 3863 1196 3937 Magni
1239 3883 1391 3922 soce-

392 3950 537 4002 rum,
579 3937 649 3991 M.
682 3938 956 4010 Catonem,
987 3953 1040 3999 et
1065 3947 1400 4003 Mauritania:

390 4032 576 4089 regem
643 4021 896 4090 Jubam,'
926 4029 1262 4098 expeditione
1309 4048 1398 4086 su-

387 4110 575 4171 scepta
610 4120 701 4159 xxv
730 4106 846 4178 Kal.
876 4107 1118 4166 Januarii
1148 4112 1204 4184 [6
1230 4112 1393 4168 Octo-

395 4183 512 4263 bris
551 4186 676 4240 anni
708 4186 828 4244 Per.
863 4189 1025 4263 4667]
1073 4183 1318 4261 pervenit
1347 4194 1399 4248 in

362 4261 679 4336 Lilybaeum
707 4287 720 4322 :
749 4278 804 4324 et
826 4282 945 4340 post
967 4261 1084 4327 dies
1112 4274 1177 4328 12
1200 4274 1252 4327 in
1275 4288 1408 4328 con-

393 4355 578 4415 spectu
630 4349 824 4408 Africa:
888 4353 990 4413 fuit
1039 4354 1288 4426 [Hirtius
1333 4349 1398 4410 de

384 4429 528 4486 bello
576 4431 718 4505 Afra]
747 4432 1002 4490 Kalendis
1032 4454 1148 4491 vero
1191 4438 1400 4492 Janua-

363 4512 482 4564 rii;
531 4509 655 4583 [hoc
697 4525 780 4569 est
808 4518 932 4571 anni
979 4517 1175 4572 Juliani
1222 4520 1399 4586 prole-

391 4593 520 4672 ιιιίρί
553 4595 638 4648 die
665 4595 735 4650 25
780 4595 1049 4672 Octobris]
1096 4610 1273 4654 castra
1325 4603 1391 4654 ad

394 4669 659 4740 Oppidum
708 4675 1010 4744 Ruspinam’
1034 4669 1227 4733 habuit
1253 4679 1391 4750 [ibi].

395 4753 450 4806 In
493 4753 610 4809 acie
649 4759 891 4813 constitit
926 4775 997 4814 xu
1048 4761 1162 4815 Kal.
1216 4763 1385 4831 April.

369 4838 651 4911 [Januarii
705 4843 902 4903 Juliani
945 4848 1031 4902 die
1060 4849 1114 4920 8]
1167 4848 1393 4905 lustrato

390 4928 651 4981 exercitu.
667 4927 847 4984 Pridie
864 4938 1044 4986 'nonas
1060 4932 1226 5002 April.
1249 4935 1386 5005 [Jan.

387 5009 501 5082 22.]
529 5010 718 5066 Jubam
754 5022 808 5087 et
844 5013 1146 5084 Scipionem
1188 5034 1392 5085 memo-

387 5092 540 5146 rabili
564 5109 741 5163 pugna
765 5100 1054 5166 superavit,
1100 5099 1392 5155 cum.Cato

382 5171 483 5226 sibi
516 5188 706 5230 manus
732 5175 1017 5232 intulisset‘
1035 5178 1264 5250 [Hirtius
1295 5181 1381 5235 ubi

385 5253 589 5326 supra].
606 5256 856 5312 Africano
878 5259 1015 5315 bello
1036 5261 1394 5316 confectoldi-

380 5335 480 5390 bus
523 5336 665 5392 Junii
715 5339 823 5409 [die
853 5340 885 5393 5
928 5341 1123 5410 Aprilis
1160 5342 1377 5413 Juliani]

388 5418 453 5471 ad
479 5422 688 5486 portum
733 5420 1096 5478 Calari'tanum
1130 5426 1381 5495 appulsus

380 5510 500 5568 post
522 5502 637 5557 dies
661 5517 750 5565 xv,
785 5503 1010 5560 Romam
1040 5507 1201 5560 venit.
1236 5506 1382 5578 [I-lir-

381 5582 488 5636 tius
511 5583 564 5636 in
591 5583 680 5638 lin.
708 5585 805 5639 lib.
829 5585 896 5640 de
920 5586 1056 5642 bello
1082 5586 1220 5658 Ain]

367 5709 370 5713 ,
451 5662 692 5730 Quatuor
745 5667 1041 5737 triumphos
1086 5669 1186 5722 hoc
1243 5683 1384 5722 anno

371 5745 554 5814 Romae
611 5751 759 5806 duxit
801 5753 986 5807 eodem
1041 5767 1240 5811 mense.
1293 5754 1383 5808 sed

373 5827 661 5899 interjcctis
693 5832 881 5904 diebus
913 5831 1156 5904 [Sucton.
1192 5832 1241 5886 in
1275 5831 1374 5886 .lul.

1829 648 2033 721 Olymp.
2303 648 2499 709 Christi
2546 648 2886 713 rohtmunem.

3261 482 3366 538 406

3181 675 3306 717 ante

3129 732 3203 784 .‘E
3211 749 3322 785 ram

2079 765 2252 836 gionis
2270 766 2374 821 dux
2393 778 2558 834 esset;
2578 767 2817 826 Herodes
2833 787 2957 828 vero
2976 784 3084 829 tum

2079 857 2390 914 adolescens
2436 860 2503 914 15
2551 853 2644 915 aut
2691 867 2836 918 Certe
2863 865 3078 934 juvenis

2079 950 2150 1006 25
2171 967 2435 1007 annorum
2460 952 2541 1025 [ut
2563 968 2630 1010 ex
2652 954 2867 1012 Nicolao
2887 958 3086 1015 Dama-

2085 1056 2247 1097 sceno
2301 1042 2518 1114 Josephi
2576 1045 2790 1102 codices
2845 1051 3096 1105 emendat

2087 1129 2336 1187 Usserius
2363 1133 2452 1188 fol.
2481 1135 2586 1191 555
2622 1138 2916 1204 annalium]
2937 1140 3086 1196 Gali-

2089 1221 2238 1277 laeam
2276 1224 2698 1284 administraret.

2538 1341 2628 1394 47.

2155 1446 2343 1503 Annus
2394 1434 2529 1504 alter
2581 1440 2908 1522 prolepticus
2965 1456 3085 1532 styli

2082 1533 2276 1592 Juliani
2329 1550 2453 1596 ante
2481 1543 2656 1597 ordin.
2706 1544 2975 1614 Cmsaris,
3032 1559 3086 1603 et

2082 1626 2148 1678 47
2217 1636 2341 1684 ante
2396 1645 2556 1685 teram
2626 1632 2824 1690 Christi
2885 1653 3081 1693 comm.

2087 1712 2294 1773 Pcriodi
2341 1718 2446 1774 Jul.
2511 1721 2686 1789 4665,
2716 1726 2926 1783 obtinet
2967 1745 3092 1784 suas

2085 1804 2349 1863 Kalendas
2391 1795 2646 1872 Januarii
2695 1814 2783 1870 die
2837 1818 2924 1883 7i,
2966 1821 3089 1874 anni

2087 1895 2515 1966 Tarquiniensis,
2558 1915 2650 1957 seu
2689 1904 2860 1960 civilis
2893 1907 3091 1961 Roma-

2085 2001 2298 2053 norum,
2335 2003 2452 2058 qua:
2475 1978 2756 2048 dicebatur
2785 1997 2849 2050 M
2881 1997 3082 2064 Martii,

2094 2089 2188 2128 seu
2216 2073 2361 2131 Prid.
2381 2077 2456 2131 Id.
2475 2066 2631 2134 Mart.
2651 2082 2874 2138 Constat
2902 2086 3091 2141 diebus

2077 2166 2202 2222 565.
2248 2167 2504 2240 Signatur
2530 2174 2811 2228 consulatu
2851 2175 2886 2230 5
2914 2177 3084 2232 Caesa-

2077 2255 2169 2320 ris,
2214 2265 2268 2310 et
2313 2258 2575 2314 dictatura
2605 2261 2638 2315 5
2688 2262 2945 2331 ejusdem,
2983 2267 3086 2321 col-

2076 2344 2189 2417 lega
2219 2346 2440 2418 Lepido.
2943 2401 2946 2404 .

1800 2429 1886 2490 Ol.
1941 2434 2039 2490 l8?)
2145 2434 2206 2491 C.
2236 2436 2376 2492 Julio
2396 2438 2607 2495 Caesare
2637 2457 2750 2497 eos.
2781 2460 2838 2497 ιιι
2869 2454 2922 2498 et
2949 2446 3078 2501 dict.

1796 2538 1836 2580 ιι
1880 2535 1927 2580 et
1957 2541 2033 2580 ιιι.
2061 2524 2135 2580 ἰιι
2161 2526 2228 2582 M.
2248 2527 2466 2585 Aimilio
2481 2530 2739 2600 Lep.cos.
2761 2536 2964 2606 etMag.
2987 2539 3082 2608 Eq.

2357 2651 2490 2707 RES
2522 2652 2792 2710 GESTAE.

2060 2804 2062 2806 _
2143 2739 2381 2796 Herodes
2427 2745 2699 2812 specimen
2753 2747 2897 2806 dedit
2948 2750 3081 2820 vigi-

2059 2830 2258 2886 lantiae
2301 2832 2354 2886 in
2401 2848 2498 2890 suo
2537 2835 2869 2903 ministerio,
2925 2856 3077 2895 eom-

2074 2921 2336 2988 prehenso
2364 2923 2591 2980 Ezechia
2615 2926 2882 2984 latronum
2907 2932 3074 2996 duce;

2080 3014 2171 3065 sed
2205 3014 2255 3066 in
2287 3028 2351 3067 eo
2391 3017 2547 3076 morti
2576 3018 2869 3076 addieendo
2895 3021 3078 3078 incon-

2081 3102 2221 3157 sulto
2248 3103 2497 3171 pontiﬁce
2527 3105 2810 3180 Hyrcano,
2843 3114 3082 3168 audacia:

2073 3200 2289 3250 notatus
2332 3193 2431 3249 fuit
2475 3196 2540 3251 ab
2578 3197 2940 3267 Optimatibus
2983 3203 3075 3258 Ju-

2076 3279 2330 3346 dteorum,
2364 3292 2419 3337 et
2461 3285 2511 3338 in
2549 3284 2810 3353 judicium
2855 3302 3078 3349 vocatus

2070 3369 2209 3439 apud
2268 3375 2516 3428 eundem
2582 3377 2935 3449 Hyrcanum,
2987 3387 3075 3440 cui

2073 3461 2418 3530 detulerunt,
2481 3469 2642 3524 etiam
2713 3471 3072 3544 Phasaelum,

2071 3552 2255 3610 fratris
2268 3559 2532 3630 exemplo,
2564 3562 2914 3634 insolescere;
2941 3569 3074 3624 licet

2064 3644 2344 3714 Antipater
2373 3650 2651 3720 utriusque
2689 3663 2846 3722 pater
2883 3672 2946 3712 se
2987 3660 3078 3716 ob-

2067 3747 2375 3804 sequentem
2441 3743 2679 3810 pontilici
2747 3749 3066 3815 exhiberet,

2067 3831 2157 3898 qui
2211 3840 2387 3887 tamen
2437 3837 2570 3890 citra
2615 3855 2808 3895 nomen
2865 3844 3069 3914 regium

2067 3922 2346 3977 colebatur
2374 3943 2478 3982 non
2510 3944 2664 3985 secus
2709 3949 2770 3987 ac
2822 3934 2935 4004 ipse
2989 3953 3071 3990 re-

2064 4024 2272 4084 gnaret.
2327 4017 2550 4075 Sextum
2582 4021 2848 4079 Caesarem
2903 4026 3072 4096 Syria:

2063 4108 2434 4179 proconsulem
2459 4112 2769 4169 muneribus
2793 4114 2864 4168 ita
2887 4116 3069 4172 deme-

2039 4198 2448 4270 'rueratﬁisque
2471 4200 2802 4274 abiHyrcano
2817 4209 3071 4277 erogatis,

2065 4286 2188 4342 licet
2219 4305 2316 4344 suo
2363 4293 2579 4346 nomine
2609 4293 2851 4366 olferret]
2895 4305 2950 4350 ut
2977 4313 3071 4351 au-

2046 4391 2175 4446 .etor
2199 4381 2359 4438 fuerit
2377 4394 2560 4440 sextus
2582 4385 2827 4456 Hyrcano
2854 4389 3080 4446 Herodis

2060 4472 2407 4528 absolvendi.
2460 4475 2598 4531 Malo
2647 4487 2821 4535 tamen
2875 4495 2971 4535 suo
3020 4482 3070 4535 id

2064 4564 2314 4630 prmslitit
2337 4564 2636 4636 Hyrcanus,
2669 4581 2727 4623 ut
2765 4570 2986 4628 Sameas
3012 4576 3064 4627 in

2057 4656 2283 4710 concilio
2308 4648 2668 4725 mutuabatur.
2701 4661 2895 4716 Sextus
2917 4666 3058 4717 enim

2053 4746 2260 4812 Caesar,
2285 4759 2503 4818 accepta
2537 4751 2783 4818 pecunia,
2799 4752 3062 4808 Herodem

2057 4837 2296 4905 praefecit
2341 4839 2647 4912 leesyria:
2673 4861 2683 4895 :
2714 4856 2777 4896 ex
2805 4859 2912 4912 quo
2939 4861 3060 4898 mu-

2056 4943 2184 4984 nere
2251 4916 2423 4988 fomes
2476 4932 2551 4986 illi
2600 4933 3049 5000 ministrabatur,

2054 5035 2206 5074 arma
2237 5031 2424 5077 contra
2449 5021 2752 5093 Hyrcanum
2788 5025 3066 5092 movendi,

2061 5121 2113 5165 et
2141 5112 2559 5185 Hierosolymam
2599 5115 2909 5180 obsidendi,
2955 5115 3057 5170 nisi
3104 5188 3106 5190 ν

2057 5211 2210 5268 pater
2295 5219 2359 5258 ac
2432 5204 2602 5258 frater
2699 5205 3049 5261 obstitissent.

2053 5291 2247 5362 Joseph
2279 5294 2366 5347 lib.
2393 5311 2502 5359 xw,
2525 5311 2642 5364 cap.
2671 5298 2754 5351 17.
2779 5353 2782 5356 ,

2129 5381 2323 5449 Sextus
2368 5383 2547 5439 Caesar
2576 5402 2605 5439 a
2650 5385 2860 5442 Ctecilio
2895 5387 3060 5444 Basso

2046 5471 2426 5542 reprehensus,
2453 5476 2592 5542 quod
2627 5475 2887 5547 legionem
2932 5494 2963 5531 a
2992 5477 3053 5532 C.

2048 5561 2259 5616 Cresare
2284 5563 2384 5619 sibi
2412 5567 2774 5630 concreditam
2801 5569 3056 5624 indecen-

2044 5663 2123 5708 ter
2151 5653 2395 5722 haberet,
2429 5657 2553 5711 dum
2578 5641 2774 5713 attrahi
2795 5713 2800 5720 ,
2821 5660 3044 5714 Bassum

2044 5744 2278 5812 juberet,
2310 5763 2406 5816 per
2451 5749 2731 5804 tumultum
2765 5766 2793 5803 a
2818 5751 3050 5818 legiona-

2035 5838 2136 5900 ,riis
2181 5839 2461 5894 occiditur.
2517 5840 2810 5912 Conjurant
2862 5850 3046 5895 contu-

3199 1349 3265 1402 47
