3918 6316
197 407 285 460 ω)
1085 409 1429 465 CHRONOL.
1470 408 1760 465 CONSUL.
1803 409 1889 463 ET
1923 406 2097 465 CIES.
2140 411 2304 467 ROM.
2346 412 2495 468 ETC.
3316 410 3422 463 410

448 514 588 569 Anni
619 516 767 571 Rom.
796 519 991 605 civiles,
1022 536 1298 605 eorumque
1322 538 1463 575 com-
1532 522 1673 605 Anni
1772 526 1822 584 Α
1880 521 2058 605 ητιηηί
2128 522 2268 576 Anni
2294 522 2499 605 Iuliani
2529 533 2640 605 pro:
2664 523 2787 591 plici
2809 532 2928 576 ante
2948 520 3140 575 diram
3210 523 3349 576 Anni

224 585 408 661 period.
504 604 714 661 mensus
735 605 851 641 cum
874 590 1012 661 ra
1028 585 1222 661 Christi
1239 608 1468 645 commu-
1531 590 1594 645 U.
1622 591 1685 646 (ἰ.
1875 590 2080 661 Olymp.
2343 585 2542 647 Christi
2586 585 2930 647 communem.
3159 599 3170 612 '
3231 600 3351 661 ante

265 652 382 731 Jul._
496 657 549 709 ni
570 666 618 709 et
642 674 759 710 cum
779 659 1236 728 periodoluliana
1258 660 1458 731 Scalig.
1556 673 1673 715 ante
1943 652 1965 661 ⁷
2028 652 2041 661 ⁷
2141 717 2158 731 ,
2240 717 2254 731 ,
2346 714 2424 731 ,,,_
2496 715 2511 731 ,
2904 730 2907 731 ν
3007 713 3109 731 -...,
3200 660 3394 731 ζενέιπὲ

211 723 401 792 κενοί·
448 777 561 800 ....
904 713 1441 800 1...:
1526 713 1712 800 εὶρὸει

2127 717 2302 771 Arabs
2346 714 2565 788 [Strabo
2592 716 2683 770 lib.
2716 731 2828 782 xvr,
2854 730 2977 787 pag.
3007 713 3135 780 753,
3190 728 3388 785 ειη-ειη

447 777 563 867 erat
641 785 813 827 anuus
902 772 1184 829 dictatum
1270 775 1462 829 tertiae.

446 855 625 921 Quare
647 858 823 911 eodem
855 874 992 911 anno
1020 857 1323 931 [dictatum
1356 868 1463 915 ter-

448 938 537 994 tiae
592 942 685 997 sed
749 958 853 997 non
908 944 1098 998 eodem
1155 945 1464 1001 consulatus

450 1022 617 1095 tertii]
676 1024 951 1079 indicatur
996 1026 1160 1082 inisse
1222 1027 1465 1081 consula-

448 1113 557 1159 tum
588 1122 668 1159 llll
696 1106 807 1159 sine
842 1106 1037 1176 collega
1066 1121 1086 1159 :
1113 1108 1194 1162 vel
1224 1109 1463 1178 sculpto-

443 1184 523 1238 ris
544 1186 828 1239 oscitantia
853 1186 1113 1257 insculpta
1140 1199 1265 1243 sunt
1285 1189 1464 1243 Tabu-

448 1263 515 1319 lis
572 1265 889 1335 Capitulinis
940 1279 1065 1322 ante
1128 1269 1462 1323 consulatum

445 1346 678 1403 Caesaris
718 1366 795 1405 nu
844 1351 961 1405 sine
997 1351 1199 1422 collega
1236 1352 1343 1406 duo
1375 1352 1463 1406 illa

447 1431 609 1485 verba
648 1447 821 1487 sensu
861 1449 1021 1497 anno,
1068 1449 1189 1503 qua;
1230 1444 1349 1504 post
1379 1451 1459 1491 tm

443 1510 781 1566 consulatum
822 1521 968 1567 recte
996 1514 1327 1568 inseruntur.
1353 1516 1463 1569 An-

443 1604 545 1644 nus
588 1589 691 1645 iste
729 1590 1047 1659 confusionis
1074 1592 1279 1663 (credo)
1317 1593 1459 1649 scul-

440 1676 677 1735 pturem,
707 1670 789 1724 vel
838 1680 1112 1725 auctorem
1148 1673 1380 1727 turbavit
1409 1673 1462 1727 in

443 1745 663 1805 Tabulis
731 1750 1048 1820 Capitolinis
1117 1755 1457 1820 incidendis,

445 1828 535 1882 ubi
575 1829 850 1884 abundant
889 1834 1053 1887 verba
1098 1834 1278 1888 eodem
1321 1851 1460 1888 anno

448 1909 611 1978 priori
646 1911 763 1965 loco
795 1914 991 1981 posita,
1027 1923 1085 1968 et
1126 1914 1464 1968 desideratur

443 1989 707 2045 dictatura
758 2007 841 2046 ιιηι
886 2008 1143 2062 expressa
1194 1994 1248 2047 in
1304 1992 1461 2048 Colo-

445 2074 591 2127 tiano
638 2090 928 2140 marmore,
968 2092 1074 2130 non
1118 2090 1274 2131 secus
1311 2092 1374 2131 ac
1409 2075 1462 2130 in

446 2155 681 2211 nummis
718 2156 947 2211 Caesaris
992 2171 1115 2210 cum
1161 2170 1313 2211 cons.
1361 2170 1464 2221 nu,

444 2234 638 2303 quibus
653 2236 924 2291 ﬁdendum
942 2244 1128 2306 utpote
1149 2235 1462 2307 aequalibus.

726 2345 861 2401 RES
908 2344 1177 2403 GESTAE.

512 2433 573 2491 ϐ.
626 2436 798 2493 Julius
849 2436 1031 2492 Ctesar
1083 2436 1218 2491 inito
1271 2436 1457 2491 Roma

447 2528 730 2584 consulatu
782 2537 977 2598 quarto
1034 2527 1152 2583 sine
1219 2526 1420 2595 collega
1444 2567 1459 2591 ,

444 2618 695 2690 idemque
724 2635 992 2675 otcrnon
1039 2617 1123 2689 [ut
1157 2618 1210 2673 in
1261 2617 1466 2672 Tabula

447 2708 725 2764 Colotiana
758 2707 1117 2780 nominatur],
1158 2723 1350 2777 nempe
1390 2707 1472 2761 di-

444 2809 617 2854 ctator
632 2816 711 2864 Ill,
740 2801 1038 2870 designatus
1061 2816 1143 2854 IIII
1167 2799 1249 2871 [ut
1264 2798 1470 2854 Hirtius

446 2892 632 2947 scribit
675 2892 827 2946 initio
865 2891 986 2946 libri
1025 2893 1091 2946 de
1123 2890 1262 2946 bello
1287 2888 1464 2961 Hisp.]

448 2984 653 3051 magnis
698 2982 967 3037 itineribus
1016 2992 1136 3036 ante
1184 2980 1468 3050 confectis,

448 3089 566 3126 cum
601 3073 755 3127 celeri
789 3072 1118 3141 festinatione
1165 3072 1233 3125 ad
1277 3070 1467 3124 bellum

458 3163 834 3231 conﬁciendum
859 3166 911 3216 in
946 3161 1257 3230 Hispaniam
1286 3177 1469 3215 conue-

450 3255 523 3309 nit
549 3263 739 3309 contra
765 3252 1005 3322 Pompeii
1028 3252 1245 3307 liberos.

520 3345 700 3400 Caesar
734 3345 785 3398 in
816 3343 1074 3413 Hispania
1116 3342 1184 3397 ad
1226 3342 1369 3396 diem
1414 3356 1469 3395 ιι

447 3435 566 3491 Kal.
603 3435 822 3490 Martias
862 3434 947 3507 [in
984 3434 1102 3488 Kal.
1155 3432 1366 3488 Juliano
1398 3431 1471 3485 2%

451 3528 730 3583 Decembr.
774 3527 902 3581 anui
949 3525 1081 3585 Per.
1117 3524 1224 3579 Jul.
1280 3521 1471 3592 4667.]

446 3620 653 3689 Ategua
694 3617 890 3686 oppido
934 3617 1133 3685 potitus
1160 3623 1265 3679 est,
1298 3623 1352 3668 et
1377 3629 1464 3667 nt-

453 3724 694 3762 reauon
725 3706 1038 3777 appellatus.
1084 3705 1165 3759 Ad
1203 3706 1343 3759 diem
1380 3719 1467 3757 xv:

455 3798 571 3851 Kal.
599 3798 767 3868 April.
798 3796 955 3851 Festo
987 3794 1289 3850 liberalium
1319 3793 1468 3864 [Plu-

452 3888 639 3942 tarcho
667 3887 718 3940 in
748 3886 977 3951 Ctesare,
1011 3887 1246 3941 Διονύσια
1272 3884 1465 3938 dicun-

458 3974 566 4049 tur]
591 3977 939 4043 memorabile
958 3976 1199 4047 prtelium
1220 3977 1289 4029 ad
1311 3974 1466 4031 Mun-

453 4069 571 4121 dam
618 4068 965 4121 commissum
991 4071 1127 4135 ;est:
1158 4066 1213 4121 in
1252 4081 1361 4136 quo
1396 4068 1468 4122 50

453 4156 669 4212 circiter
698 4155 863 4209 millia
898 4154 1345 4225 Pompeianorum
1379 4151 1501 4209 ce-‘

455 4249 719 4303 cideruut.
766 4246 905 4301 Anni
947 4245 1143 4301 Juliani
1189 4245 1466 4315 proleptici

454 4355 518 4396 ea
549 4340 663 4395 dies
686 4338 786 4394 fuit
818 4340 877 4392 l7
898 4336 1157 4393 Januarii.
1182 4338 1320 4392 Ante
1348 4351 1469 4391 eam

455 4444 686 4499 pugnam
729 4428 915 4483 diebus
959 4428 1025 4481 l2
1065 4428 1270 4483 Hirtius
1321 4427 1473 4482 testis

454 4521 698 4573 oculatus
738 4519 790 4573 in
832 4534 927 4574 sua
954 4517 1311 4589 premeride
1346 4517 1468 4573 belli

455 4610 760 4682 Hispanici,
811 4610 864 4665 in
920 4626 1027 4680 quo
1069 4610 1338 4667 Caesarem
1386 4626 1474 4666 se-

458 4702 742 4772 quebatur,
771 4701 958 4757 scribit
996 4717 1056 4756 Ill
1095 4701 1275 4757 Nonas
1296 4701 1471 4757 Martii

457 4793 599 4868 [quae
638 4796 691 4851 in
730 4812 872 4851 anno
899 4793 1003 4850 Jul.
1044 4795 1336 4866 proleptico
1378 4811 1465 4851 re-

459 4888 687 4958 Spondet
732 4888 835 4943 diei
876 4888 910 4942 5
954 4887 1218 4960 Januarii]
1272 4886 1470 4942 Ctesari

459 4994 640 5039 castra
669 4986 903 5040 moventi
932 4985 1112 5040 lunam
1143 4986 1309 5040 visam
1342 4987 1473 5042 hora

462 5078 637 5132 noctis
668 5087 819 5131 sexta
848 5087 1144 5149 opportune
1184 5076 1467 5134 affulsisse.

462 5168 518 5223 ld
544 5184 671 5223 vero
694 5170 911 5224 evenire
939 5185 1273 5241 nequaquam
1304 5172 1475 5240 potuit

462 5274 609 5314 anno
655 5262 830 5330 primo
887 5262 1009 5315 novi
1061 5262 1184 5333 styli
1248 5262 1477 5317 Caesaris

462 5350 570 5421 [cui
611 5353 807 5419 passim
843 5352 1138 5405 attribuunt
1162 5352 1473 5423 chronologi

463 5442 601 5493 hanc
632 5439 1044 5513 expeditionem]
1073 5456 1195 5494 cum
1234 5455 1298 5495 eo
1338 5456 1477 5495 anno

473 5525 676 5580 ferente
727 5525 1066 5579 Novilunium
1121 5541 1185 5581 ex
1238 5528 1474 5581 omnium

470 5616 732 5667 sententia
763 5615 1011 5670 Kalendis
1043 5613 1302 5678 Januarii,
1332 5616 1477 5669 Luna

466 5703 551 5755 die
584 5717 613 5752 ν
647 5702 818 5756 Martii
858 5704 1032 5758 triduo
1068 5712 1187 5773 post
1217 5704 1476 5774 synodum

471 5801 593 5846 Cum
619 5793 728 5848 sole
746 5793 882 5849 infra
902 5793 1239 5851 horizontem
1261 5795 1480 5850 descen-

1782 4558 1830 4616 Ι)

2122 818 2177 863 et
2201 808 2320 873 Dio,
2350 810 2445 863 lib.’
2476 806 2643 880 xrvn]
2676 806 2785 861 Sub
2806 807 2931 861 anni
2957 814 3137 861 extre-

2124 915 2269 955 mum
2296 900 2480 954 Parthi
2509 915 2722 969 quoque
2748 899 3076 954 advenerant
3104 912 3137 953 a

2126 992 2293 1047 Basso
2343 991 2395 1045 in
2434 992 2647 1062 Syriam
2681 991 2860 1054 acciti,
2893 991 2983 1045 sed
3010 990 3140 1061 bye¢

2130 1084 2231 1138 mis
2259 1085 2561 1137 interventu
2598 1098 2701 1137 non
2738 1083 2828 1136 diu
2858 1082 3144 1135 adfuerunt

2127 1174 2268 1248 [ibi].
2293 1175 2493 1229 Bellum
2526 1184 2701 1229 tamen
2733 1190 2762 1227 a
2793 1174 3009 1228 Parthis
3035 1173 3142 1227 rei—

2124 1265 2347 1335 publica:
2358 1265 2562 1336 sibique
2576 1265 2859 1319 imminens
2874 1264 2944 1317 ita
2958 1263 3139 1318 Caesar

2130 1357 2411 1427 praevidit,
2451 1364 2509 1410 ut
2549 1356 2715 1410 redux
2750 1355 2818 1409 ab
2859 1353 3147 1424 Hispanica

2133 1446 2473 1515 expeditione
2502 1445 2645 1499 circa
2672 1444 2960 1499 Octobrem
2982 1444 3143 1513 hujus

2131 1537 2278 1603 anni,
2310 1537 2361 1590 in
2392 1546 2632 1591 aestatem
2662 1544 2973 1605 sequentem
3007 1516 3144 1589 Pa;-

2128 1630 2327 1683 thicam
2376 1638 2633 1699 pararet:
2670 1636 2723 1683 et
2765 1627 2828 1683 C.
2864 1626 3142 1682 Octavium

2122 1719 2420 1774 studiorum
2530 1733 2693 1773 causa
2806 1716 3142 1788 Apolloniam

2112 1833 2119 1859 τ
2135 1808 2470 1878 praemissum
2499 1807 2681 1880 [quem
2718 1807 2994 1876 Hispanici
3018 1804 3142 1861 belli

2127 1899 2377 1953 comitem
2431 1898 2753 1953 adhibuerat
2797 1896 2897 1952 sibi
2943 1909 3144 1965 cogna-

2132 1990 2275 2045 tione
2339 2005 2435 2059 per
2490 1989 2711 2044 Acciam
2767 1987 2922 2043 Julia:
2978 1986 3143 2041 ﬁliam

2130 2078 2458 2151 proximum]
2498 2077 2799 2133 destinaret
2831 2076 3144 2149 Magistrum

2129 2168 2390 2237 equitum.
2422 2168 2469 2223 ls
2491 2177 2675 2239 postea
2706 2167 3005 2237 imperavit,
3040 2167 3142 2221 hae-

2133 2274 2222 2313 res
2248 2275 2277 2312 a
2300 2259 2513 2313 Czesare
2536 2258 2765 2327 scriptus
2792 2258 2844 2311 in
2877 2255 3145 2326 supremis

2128 2350 2362 2415 tabulis,
2421 2366 2556 2418 quas
2616 2350 2717 2404 hoc
2777 2363 2919 2401 anno
2969 2347 3148 2403 Idibus

2133 2437 2543 2507 Septembribus
2564 2436 2806 2491 conditas
2833 2435 3025 2505 virgini
3054 2449 3152 2489 ve-

2129 2527 2246 2581 stali
2284 2527 2533 2581 maxima:
2560 2523 2936 2579 custodiendas
2971 2521 3143 2577 tradi-

2132 2618 2227 2672 dit.
2260 2616 2480 2671 Sueton.
2517 2618 2570 2671 iu
2591 2614 2720 2679 Jul.,
2743 2630 2862 2684 cap.
2890 2612 2981 2668 85.

2204 2709 2485 2781 Hyrcanus
2537 2708 2818 2778 pontifex,
2869 2706 3031 2760 missa
3077 2704 3148 2758 ad

2134 2798 2401 2855 Ctesarem
2426 2798 2710 2869 legatione,
2735 2812 2892 2867 quem
2916 2795 3149 2850 maxime

2137 2893 2189 2947 in
2232 2893 2474 2947 Romana
2512 2890 2780 2960 republica
2828 2886 3149 2942 auctoritate

2133 2986 2205 3040 ita
2234 2994 2448 3040 auctum
2479 2986 2530 3039 in
2564 2992 2878 3055 perpetuum
2919 2980 3143 3046 audivit,

2134 3078 2595 3133 conﬁrmationem
2613 3075 2768 3146 petiit
2784 3073 3145 3135 decretorum,

2132 3185 2252 3239 quae
2288 3169 2582 3224 honoriﬁca
2633 3176 2688 3221 et
2732 3166 2993 3237 prolicua,
3034 3172 3146 3218 tum

2136 3261 2280 3325 sibi,
2346 3270 2459 3315 tum
2525 3259 2791 3314 universae
2845 3255 3151 3311 Judzeorum

2130 3352 2297 3421 genti,
2328 3351 2380 3405 in
2406 3348 2642 3420 Egypto
2668 3357 2722 3403 et
2756 3348 2808 3401 in
2835 3345 2993 3416 Syria
3020 3359 3150 3398 con-

2132 3443 2360 3496 diderat.
2404 3440 2637 3495 Parthici
2686 3436 2811 3492 belli
2859 3442 2915 3489 et
2954 3431 3162 3505 Syriaci

2136 3542 2320 3588 contra
2366 3532 2588 3586 Bassum
2639 3527 2923 3583 imminens
2957 3522 3155 3579 sollici-

2143 3624 2301 3688 tudo,
2353 3631 2548 3691 prteter
2608 3618 2827 3686 antiqua
2887 3611 3156 3684 pontiﬁcis

2138 3712 2370 3785 Hyrcani
2392 3720 2447 3765 et
2474 3710 2776 3765 Judmorum
2809 3706 3000 3763 merita
3026 3716 3151 3757 cum

2131 3806 2362 3869 Caesare,
2389 3804 2745 3872 impetrarunt
2784 3795 3147 3854 cumulatissi-

2135 3911 2278 3948 mam
2306 3893 2551 3963 gratiam.
2582 3890 2897 3945 Hecitantur
2927 3903 2957 3941 a
2996 3884 3151 3939 Jose-

2134 3985 2262 4052 pho,
2295 3982 2386 4037 lib.
2428 3997 2515 4034 xw
2549 3980 2754 4047 Antiq.,
2788 3992 2909 4047 cap.
2942 3974 3027 4037 l7,
3056 3972 3147 4027 lit-

2135 4083 2262 4127 tenc
2283 4088 2344 4127 ac
2368 4072 2580 4125 decreta
2607 4068 2835 4122 Caesaris
2854 4064 3088 4122 consulis
3105 4061 3145 4117 ν

2126 4175 2182 4217 et
2208 4160 2487 4217 dictatoris
2516 4157 2758 4229 perpetui
2803 4156 2971 4210 titulis
3014 4152 3143 4207 insl-

2135 4252 2311 4323 gnita',
2348 4270 2366 4303 ο
2402 4249 2595 4319 quibus
2636 4247 2881 4319 Hyrcano
2937 4243 3149 4299 Judzeo-

2133 4359 2250 4397 rum
2295 4340 2533 4412 pontiﬁci
2574 4339 2796 4409 ejusque
2836 4334 3018 4390 liberis
3056 4346 3143 4387 sa-

2135 4432 2433 4488 cerdotium
2480 4438 2534 4485 et
2580 4430 2922 4500 pontiﬁcatus
2960 4423 3150 4479 Hiero-

2140 4525 2467 4596 solymorum
2491 4538 2554 4578 ac
2579 4522 2743 4576 totius
2764 4519 2939 4591 gentis
2952 4514 3148 4572 astrui-

2140 4625 2226 4669 tur
2254 4630 2317 4669 eo
2337 4612 2460 4681 jure
2484 4628 2591 4681 quo
2624 4620 2677 4666 et
2702 4609 2932 4678 majores
2960 4621 3146 4662 eorum

2140 4709 2241 4761 hoc
2282 4706 2638 4761 sacerdotium
2684 4710 2960 4773 gesserunt
2998 4716 3011 4753 :
3051 4699 3151 4753 ha-

2143 4801 2270 4855 bere
2316 4807 2371 4853 et
2418 4796 2627 4851 munire
2664 4792 3151 4861 Hierosolymorum

2140 4889 2349 4947 urbem,
2374 4894 2428 4939 et
2455 4884 2754 4953 gubernare
2793 4894 2913 4934 eam
2950 4876 3154 4947 Hyrca—

2142 4992 2268 5029 num
2314 4975 2479 5029 ﬁlium
2513 4968 2797 5025 Alexandri
2843 4965 3149 5037 pontiﬁcem

2142 5064 2448 5119 Judzeorum
2493 5071 2547 5117 et
2583 5058 2933 5114 ethnarcham
2964 5070 3154 5109 secun-

2137 5158 2261 5210 dum
2290 5171 2440 5210 suam
2468 5153 2829 5215 voluntatem;
2860 5158 2915 5203 et
2955 5147 3158 5210 Judzeis

2141 5248 2378 5302 secundo
2413 5242 2691 5298 locationis
2723 5255 2867 5296 anno
2902 5241 2977 5302 de
3018 5248 3163 5302 redi-

2143 5341 2283 5394 tibus
2304 5339 2415 5393 suis
2439 5336 2759 5400 subducant,
2784 5335 3173 5411 immunesque.

2145 5430 2252 5485 sint
2293 5430 2361 5482 ab
2395 5427 2651 5499 angariis,
2690 5433 2748 5480 et
2784 5431 3161 5503 vectigalibus,

2148 5530 2251 5575 etc.
2300 5519 2541 5591 Hyrcano
2578 5518 2808 5596 ejusquc
2858 5523 2982 5578 ﬁliis
3017 5520 3164 5577 (ieci.

2149 5630 2265 5668 mas
2320 5614 2662 5685 persolvant,
2710 5621 2849 5673 sicut
2904 5619 3163 5671 hactenus

2146 5721 2331 5761 eorum
2396 5706 2711 5774 major-ibus.
2772 5711 2943 5777 thue
2989 5703 3163 5759 nullus

2149 5798 2227 5851 vel
2254 5812 2470 5866 primos.
2498 5804 2583 5857 Vel
2608 5803 2734 5865 dus,
2768 5800 2849 5855 vel
2881 5800 3084 5868 legatus
3108 5795 3162 5847 in
