3918 6316
144 397 240 451 4ὶὸ

195 579 370 637 Pcriod

189 650 291 707 Jul.
313 658 358 699 et

210 718 329 789 aldi
477 718 538 743 νο
577 718 748 741 dtu-ua
775 718 942 737 mea".
989 718 1196 734 seu“...
1241 718 1398 729 ...ι-η.

215 801 273 860 (θ
306 799 340 854 1)
408 784 571 852 phum
601 779 710 849 egit
734 789 900 830 ovans
927 789 990 827 ex
1022 778 1201 826 monte
1228 768 1433 827 Albano

1043 371 1390 456 CllliO-‘NOL.
1431 365 1724 440 CONSUL.
1764 363 1850 418 ET
1893 360 2068 416 CxES.
2113 357 2274 414 ROM.
2318 355 2466 409 ETC.

1885 477 2023 528 Anni
2096 473 2403 526 Jmhrormn
2457 478 2502 518 et
2541 455 3124 532 finitimorumpopulo-
3194 453 3325 503 Anni

217 510 341 564 Auni
397 506 768 574 Imperatores,
801 496 1050 574 Consules
1087 493 1460 565 Romanorum,
1493 483 1638 574 {irini

569 589 648 626 res
676 553 832 640 gesta!
857 579 901 621 ct
944 567 1275 620 documenta.
1383 557 1391 565 ⁷
1491 553 1642 640 Urbis;

477 688 538 743 C.
577 686 748 741 Julius
773 683 954 737 Czesar
987 685 1196 734 sextum
1239 676 1426 729 trium-
1509 622 1641 745 22,7?

395 873 473 949 $6
501 867 766 948 Januarii.

401 979 450 1019 c.
484 951 657 1016 ivuvs
696 973 743 1011 c.
768 951 816 1009 r.
846 971 897 1008 (ι.
919 967 1186 1007 mensae
1211 966 1261 1004 vi
1290 949 1429 1002 uter.

479 1066 560 1106 nn
590 1062 844 1103 omaso.
871 1058 1021 1097 nccxx
1047 1058 1114 1096 ex
1142 1056 1316 1098 MONTE
1342 1041 1433 1093 AL-

481 1156 618 1197 nmo
641 1155 709 1193 vn
734 1154 785 1193 ις.
810 1150 964 1190 rana.
991 1133 1135 1186 Fasti
1163 1119 1419 1202 triumph.

481 1230 655 1300 Capit.
680 1227 834 1282 Grut.
869 1241 989 1296 pag.
1015 1279 1018 1282 ,

407 1309 410 1311 ‘
482 1321 668 1376 idibus
691 1317 864 1372 Martii
891 1315 950 1371 c.
990 1313 1170 1369 Caesar
1195 1312 1250 1366 in
1282 1310 1432 1366 curia

410 1415 438 1466 a
464 1409 758 1481 conjuratis
782 1407 854 1462 25
886 1404 1198 1460 vulneribus
1220 1400 1434 1457 confos-

411 1518 504 1557 sus
529 1509 633 1555 est.
668 1497 937 1554 Sul‘l‘ectus
965 1493 1120 1551 Coss.
1153 1492 1212 1548 P.
1239 1491 1439 1547 Corne-

411 1592 518 1647 lius
558 1589 847 1645 Dolabella.
891 1595 894 1598 ’
995 1589 998 1592 ’

483 1681 544 1736 C.
573 1681 827 1750 Octavius
857 1679 1048 1749 haeres,
1074 1686 1127 1733 et
1151 1678 1202 1732 in
1241 1673 1436 1730 Juliam

392 1770 686 1826 'familiam
751 1770 1073 1839 adoptatus,
1141 1753 1200 1822 C.
1270 1765 1440 1821 Julius

423 1863 606 1918 Caesar
643 1862 763 1915 inde
795 1861 969 1915 dictus
1009 1869 1130 1940 est.‘
1165 1859 1244 1913 Ex
1276 1856 1438 1926 Apol-

428 1955 567 2006 lonia
602 1954 652 2005 in
686 1943 883 2008 Urbem
917 1951 1130 2006 rediens
1161 1950 1301 2005 circa
1333 1948 1444 2002 Ka-

402 2043 538 2096 ‘lend
600 2041 723 2095 Maii
779 2039 929 2111 [nam
1010 2056 1100 2095 xxv
1147 2038 1244 2093 Kal
1295 2039 1440 2101 Maii,

417 2129 663 2200 Neapoli,
707 2139 760 2184 et
794 2130 1054 2200 postridie
1100 2129 1153 2183 in
1201 2127 1443 2184 Cumano

419 2236 540 2279 cum
579 2213 838 2278 Cicerone
867 2221 967 2276 fuit
997 2220 1093 2294 [lib
1121 2222 1234 2286 xiv,
1268 2221 1434 2290 Epist.

431 2315 522 2378 10,
575 2314 642 2366 ad
697 2311 874 2383 Attic]
939 2303 1085 2366 tanta
1141 2312 1442 2365 amicorum

434 2403 735 2472 frequentia
797 2401 1030 2472 stipari,
1090 2409 1144 2456 et
1196 2400 1444 2471 populari

425 2496 596 2565 gratia
670 2495 916 2556 roborari
987 2494 1151 2564 cmpit
1226 2491 1447 2554 Senatui

431 2585 839 2638 commendatus
861 2600 889 2637 a
923 2583 1204 2646 Cicerone,
1230 2592 1286 2636 ut
1305 2583 1448 2636 circa

429 2675 726 2746 Augustum
783 2691 1022 2729 mensem
1074 2673 1243 2745 [tunc
1290 2674 1453 2727 sexti-

427 2768 531 2824 lcm
555 2769 780 2840 dictum]
806 2767 1102 2822 exercitum
1127 2783 1190 2821 ex
1223 2765 1447 2821 coloniis

436 2875 627 2930 cogere
666 2861 871 2929 privata
903 2859 1142 2927 impensa
1176 2858 1448 2911 institerit.

427 2951 544 3026 [Liv
570 2953 644 3007 lib
668 2969 830 3007 cxvn.
872 2953 1062 3006 Florus
1093 2951 1166 3004 lib
1206 2966 1278 3012 tv,
1311 2965 1357 3003 c.
1395 2947 1451 3012 4,

436 3054 486 3096 et
502 3043 615 3096 Tab
633 3042 970 3116 Ancyranae].
988 3028 1190 3096 Bellum
1209 3040 1446 3094 Macedo-

421 3133 614 3188 nicum
630 3143 815 3187 contra
833 3132 1022 3196 Getas,
1038 3138 1091 3186 et
1113 3129 1442 3190 Parthicum,

437 3232 490 3278 et
541 3223 802 3294 Legiones
837 3239 866 3276 a
904 3224 965 3277 C.
998 3222 1210 3277 Caesare
1241 3228 1458 3289 parauit,

425 3313 496 3367 Μ.
526 3314 758 3368 Antonio
785 3313 1012 3367 decreta:
1046 3322 1170 3366 sunt
1195 3326 1316 3364 cum
1346 3324 1452 3378 quo

428 3405 682 3463 Octavius
704 3404 1081 3460 reconciliatus
1106 3402 1296 3457 fuerat.
1329 3401 1459 3454 Pro-

440 3495 632 3550 vincizn
692 3495 996 3564 assignate.
1047 3493 1181 3547 Acta
1231 3490 1459 3546 Caesaris

441 3587 699 3658 pleraque
730 3586 1071 3641 confirmata.
1105 3583 1460 3636 Pcrcussores

424 3667 709 3743 "Caesaris,
739 3677 972 3742 Brutus,
997 3685 1052 3730 et
1081 3674 1300 3731 Cassius
1319 3715 1331 3735 ,
1366 3655 1460 3741 spe

453 3769 660 3839 abjecta
681 3769 983 3845 retinendae
1019 3767 1134 3836 reip
1163 3765 1458 3836 pepularis,

447 3865 501 3918 in
548 3862 908 3917 voluntarium
934 3860 1186 3915 exsilium
1229 3858 1470 3912 Athenas

447 3956 766 4012 concedunt.
807 3953 1041 4010 Velleius
1078 3953 1152 4008 lib
1185 3969 1245 4020 ιι,
1275 3967 1324 4008 c.
1377 3949 1466 4005 62.

441 4050 548 4104 ‘Dio
573 4047 644 4101 lib
672 4045 858 4100 van.
931 4047 939 4050 ’
1210 4045 1212 4048 ’
1439 4053 1443 4058 ·

522 4140 715 4195 Cicero
760 4141 864 4193 hoc
903 4151 1045 4192 anno
1092 4137 1195 4191 iter
1232 4136 1286 4190 in
1334 4133 1474 4190 Grat-

444 4235 596 4289 'ciam
633 4228 996 4300 suscepturus
1041 4237 1168 4284 ante
1220 4223 1467 4297 Olympia

457 4326 547 4399 [ad
578 4325 816 4379 Atticum
841 4323 934 4377 lib.
961 4338 1054 4387 xv,
1083 4336 1169 4392 ep.
1198 4320 1268 4373 24
1293 4329 1344 4374 et
1376 4317 1468 4371 lib.

456 4431 566 4480 xw,
584 4429 670 4483 ep.
686 4413 741 4485 7]
756 4412 990 4468 ostendit
1019 4410 1346 4482 Olympiadis
1376 4407 1476 4463 184

459 4507 695 4563 ineuntis
711 4519 909 4559 annum
926 4503 1215 4572 plurimum
1241 4501 1367 4554 huic
1381 4515 1474 4554 an-

464 4613 535 4653 no
564 4597 728 4652 caedis
752 4594 813 4651 C.
836 4593 1067 4650 Caesaris
1096 4607 1218 4649 esse
1243 4590 1481 4661 allegan-

463 4688 626 4744 dum.’

536 4778 800 4834 Antonius
843 4775 1076 4840 Consul,
1117 4781 1381 4844 potestate
1427 4771 1478 4825 ei

476 4869 615 4924 facta
643 4883 742 4937 per
763 4866 820 4923 S.
844 4866 905 4921 P.
932 4866 994 4932 ρ.
1019 4865 1086 4919 R.
1111 4862 1487 4932 cognoscendi,

469 4969 523 5014 et
573 4957 901 5026 exsequendi
948 4955 1015 5010 de
1048 4953 1199 5008 Actis
1236 4950 1489 5014 Caesaris,

476 5065 596 5119 qua:
651 5050 698 5104 is
741 5047 1010 5118 iussisset,
1063 5044 1389 5106 libertatem,
1436 5049 1492 5095 et

469 5143 560 5213 jus
589 5141 842 5196 Romana:
869 5137 1137 5202 Civitatis,
1162 5143 1216 5190 et
1239 5133 1492 5188 immuni-

487 5240 622 5290 tates
651 5233 876 5303 pop'ulis,
910 5245 972 5285 ac
1006 5229 1256 5302 Dynastis
1294 5227 1494 5298 passim

459 5326 748 5383 .vendebat
773 5342 786 5379 :
813 5326 984 5394 deque
997 5309 1081 5378 his
1104 5319 1352 5376 omnibus
1377 5327 1491 5372 toto

477 5418 742 5488 Capitolio
782 5416 978 5471 tabula:
1017 5414 1338 5489 ﬁgebantur.
1377 5409 1492 5464 Cic.

484 5509 681 5576 Philip.
711 5508 746 5560 2
769 5514 825 5561 et
851 5505 941 5560 lib.
968 5519 1027 5569 ιι,
1055 5503 1140 5558 ad.
1169 5502 1297 5557 fam.
1328 5514 1414 5567 ep.
1446 5499 1497 5551 1.

488 5603 701 5656 Patere.
741 5598 830 5653 lib.
874 5614 910 5652 ιι
950 5596 1089 5652 Plut.
1141 5597 1192 5650 in
1233 5595 1359 5648 Ant.
1404 5591 1501 5645 Dio

487 5693 582 5747 lib.
607 5706 754 5754 xuv,
798 5705 916 5760 qum
945 5688 1126 5743 omnia
1146 5682 1497 5756 comprobant

492 5783 776 5848 historiam
806 5779 1046 5850 Iosephi.

1475 776 1518 818 ct
1549 773 1661 829 post

1485 833 1646 886 I’u't'l.

1854 549 2072 616 Olymp.‘

2175 558 2288 593 rum
2330 538 2629 605 Ponti/ires,
2653 532 2832 601 Reges,
2862 545 2940 582 res
2971 535 3123 596 geslw

2169 625 2220 664 et
2254 611 2584 663 documenta.
2612 629 2614 632 ν
2789 643 2798 649 .
2913 625 2916 628 ~

3266 399 3268 402 ,
3285 340 3314 392 εἰ
3331 338 3388 391 Μ

3211 533 3330 572 (τηεμ

3179 592 3249 646 Λῗ
3261 608 3367 642 runt

2015 685 2020 700 ἶ
2102 719 2223 762 cum
2249 700 2823 756 eisrenovaverunt,et
2849 687 3108 760 quidquid
3158 661 3371 718 ωινιδίτ·

2015 839 2019 843 λ
2093 797 2381 864 petierunt.
2413 783 2888 843 Senatusconsulto
2909 782 2989 836 eis
3012 781 3104 834 de-

1995 899 2008 913 "
2097 877 2320 942 cretum‘~
2345 871 2457 936 est.~
2493 866 2762 932 Dolabella
2809 869 2996 937 etiam,
3025 885 3113 925 ac-

2073 978 2269 1046 ..ccptis
2292 975 2361 1027 ab
2387 972 2636 1042 Hyrcano
2664 967 2877 1028 litteris,
2905 955 3123 1033 scripsit
3152 1019 3157 1026 ι

2100 1085 2194 1140 per
2234 1067 2543 1120 universam
2590 1060 2797 1122 Asiam,
2833 1066 2889 1112 et
2931 1056 3120 1125 primae

2096 1159 2212 1229 ejus
2258 1154 2548 1228 provincias
2595 1149 2800 1206 civitati
2855 1146 3116 1216 Ephesio-

2095 1267 2216 1323 rum
2260 1251 2312 1304 in
2355 1249 2500 1301 hunc
2553 1243 2791 1298 modum.
2846 1235 3118 1292 Dolabella

2101 1344 2395 1412 imperator
2416 1335 2769 1406 Ephesiorum
2795 1325 3123 1399 magistrati-

2103 1434 2202 1488 bus
2255 1429 2312 1485 S.
2356 1428 2418 1482 P.
2465 1425 2529 1492 Q.
2589 1424 2652 1477 Β.
2705 1420 2763 1476 S.
2818 1416 3123 1474 Alexander

2086 1521 2248 1574 'filius
2304 1514 2570 1570 Theodori
2629 1512 2836 1581 legatus
2889 1503 3124 1577 llyrcani

2085 1608 2376 1680 'pontifieis
2399 1620 2461 1659 ac
2486 1601 2792 1659 ethnarcbze
2822 1596 3128 1651 Judzeorum

2103 1702 2233 1757 mihi
2270 1699 2453 1753 retulit
2481 1697 2547 1751 de
2576 1692 2781 1749 civibus
2813 1689 2945 1752 suis,
2989 1685 3131 1756 quod

2091 1790 2340 1845 militare
2371 1802 2476 1841 non
2510 1783 2736 1854 possint,
2764 1795 2829 1835 eo
2856 1776 2996 1848 quod
3032 1788 3127 1828 nec

2102 1899 2206 1954 que
2242 1896 2391 1934 arma
2434 1885 2670 1948 gestare,
2714 1886 2885 1942 neque
2914 1870 3018 1922 iter
3046 1865 3123 1920 fa-

2108 1991 2231 2030 cere
2265 1973 2345 2026 fas
2366 1971 2435 2024 sit
2467 1968 2654 2023 diebus
2681 1961 2991 2022 Sabhatbis,
3023 1972 3119 2031 nel-

2092 2077 2210 2136 ‘quc
2260 2049 2480 2118 victum
2506 2074 2656 2114 more
2696 2056 2869 2127 patrio
2909 2057 3125 2121 possent

2093 2158 2203 2212 sibi
2273 2165 2532 2224 quzurere.
2590 2146 2948 2214 Quamobrem
3022 2153 3121 2207 ego

2095 2259 2342 2318 quoque,
2382 2239 2829 2313 quemadmodum
2869 2235 2954 2287 alii
3004 2235 3128 2283 ante

2113 2357 2197 2392 me
2248 2339 2640 2405 imperatores,
2709 2328 2974 2380 immunes
3039 2335 3132 2374 eos

2117 2434 2235 2486 volo
2267 2447 2296 2484 a
2327 2421 2536 2490 militia,
2570 2421 2926 2493 permittoque
2957 2423 3014 2469 ut
3044 2428 3132 2481 pa-

2111 2525 2227 2578 triis
2265 2523 2444 2575 vivant
2482 2515 2750 2577 moribus;
2800 2506 3120 2564 convenien-

2100 2629 2202 2670 tes
2257 2627 2556 2682 sacrarii.
2578 2621 2762 2668 causa,
2807 2602 2946 2655 sicut
2993 2597 3136 2664 leges

2105 2721 2298 2764 eorum
2344 2699 2632 2772 postulant,
2689 2701 2744 2748 et
2789 2688 3132 2746 conferentes

2116 2797 2166 2850 in
2222 2791 2490 2845 oﬂ'erenda
2553 2783 2752 2854 templo
2821 2775 3129 2834 sacrificia:

2103 2884 2344 2950 .\'ol0que
2381 2887 2438 2933 ut
2463 2879 2578 2931 lucc
2618 2875 2730 2942 ipsa
2766 2866 3019 2924 scribatis
3045 2875 3138 2929 per

2121 2975 2279 3028 urbes
2301 2966 2590 3040 provincia:
2613 2961 2875 3031 singulas,
2892 2966 3001 3010 'ete.
3039 2952 3136 3006 Lu-

2125 3066 2240 3125 cius
2276 3071 2454 3116 antem
2505 3055 2768 3113 Lentulus
2816 3046 3001 3104 consul
3049 3057 3146 3112 pro

2111 3155 2391 3214 sententia
2420 3153 2486 3206 de
2507 3148 2705 3206 ludazis
2731 3144 2868 3198 dixit
2893 3159 2905 3193 :
2931 3137 3142 3194 ιιιύιῐξος

2133 3250 2278 3304 cives
2333 3246 2606 3300 Romanos
2661 3235 2856 3305 templa
2925 3229 3144 3285 Judaica

2107 3342 2405 3406 habentes,
2437 3343 2491 3390 et
2526 3331 2784 3390 facientes
2825 3321 3015 3393 Ephesi
3046 3330 3142 3388 pro

2110 3427 2412 3492 tribunali,
2448 3420 2718 3492 religionis
2765 3429 2914 3484 ergo,
2963 3411 3158 3465 immu-

2137 3537 2297 3584 nes-a
2328 3518 2512 3580 militia
2552 3507 2895 3584 pronuntiari
2921 3519 2993 3557 xu
3041 3499 3148 3554 lia-

2129 3613 2312 3668 lendas
2340 3607 2619 3665 Octobres.
2642 3602 2753 3658 Jos.
2782 3598 2875 3652 ibi.
2916 3594 3005 3664 qui
3033 3593 3145 3646 lucc

2130 3707 2347 3760 decreta
2397 3705 2582 3755 narrat
2634 3696 2687 3749 in
2745 3690 2901 3748 mrcis
2947 3682 3143 3741 tabulis

2141 3796 2245 3849 fixa
2309 3793 2361 3846 in
2423 3785 2706 3858 Capitolio.
2782 3778 3144 3846 Sutl‘ragantu.

2137 3884 2370 3954 .Iosepho
2401 3879 2642 3936 historici
2689 3872 2918 3930 Romani
2967 3871 3018 3923 in
3065 3867 3158 3921 ad-

2118 3978 2370 4041 .lizerente
2434 3971 2682 4030 columna
2750 3963 3003 4022 indicati,
3059 3958 3150 4026 qui

2148 4067 2346 4138 passim
2374 4063 2440 4116 ab
2467 4059 2698 4116 Antonio
2726 4057 2887 4110 etiam
2919 4042 3160 4120 pluribus

2140 4158 2257 4212 aliis
2317 4153 2566 4214 vendita,
2621 4150 2842 4203 obtentu
2896 4146 3151 4197 Actorum
3238 4199 3246 4204 ι

2139 4235 2388 4312 (lmSaris,
2439 4240 2744 4312 hujusmodi
2791 4234 3062 4308 privilegia
3099 4232 3150 4285 iu

2141 4341 2304 4394 :uncis
2343 4336 2539 4392 tabulis
2576 4334 2741 4388 incisa
2774 4337 2934 4398 atque
2968 4328 3018 4380 in
3059 4325 3160 4377 (Ia-
3189 4327 3194 4332 ’

2150 4417 2334 4504 pitolio
2363 4430 2466 4483 fixa
2499 4422 3034 4481 fuissc'con'firmant.

2228 4523 2434 4576 Mortuo
2465 4519 2752 4573 Ptolemmo
2781 4513 2893 4568 sola
2924 4512 2974 4564 in
3000 4508 3164 4578 {Egy-

2158 4625 2247 4686 plo
2294 4621 2479 4684 regnat
2517 4605 2911 4681 CleopatraJos
2943 4603 3015 4657 lib
3061 4615 3147 4662 xv,

2115 4703 2124 4710 ’
2159 4722 2254 4774 Cap
2279 4705 2327 4758 αἱ.
2585 4696 2590 4702 ’
