3832 5354
63 255 153 308 “7

120 369 249 424 Auni
322 364 961 437 lmperatares,Consules
981 365 1355 431 Romanorum,
1432 364 1573 422 Auni
1669 369 1719 424 Α
1818 359 1954 412 Anni
2026 357 2337 413 Juda'ormn
2360 370 2406 411 et
2433 356 2776 426 ﬁnitimorum
2806 349 3019 421 populo-

127 440 240 484 Per-
465 453 548 484 res
583 447 739 484 nam
759 446 806 484 et
841 436 1173 484 documenta.
1431 436 1586 484 Urbis
1787 428 1997 484 Oimun.
2091 445 2207 482 rum
2234 428 2535 484 Ponti/ires.
2557 426 2738 484 Renes,
2765 439 2843 477 res
2865 432 3019 484 gerite

1855 446 1997 500 ειπερ.

127 440 240 491 Per.
406 436 412 437 “
465 453 548 495 res
581 447 739 508 gesta:
759 446 806 491 et
841 436 1173 490 documenta.
1431 436 1586 491 Urbis

90 506 195 561 lui.
207 578 217 599 ο
229 521 280 585 et
586 506 599 508 ⁷
1390 511 1617 566 condita:

113 593 257 647 "ym-
1438 593 1560 637 ante

123 671 184 730 (S9
218 669 260 725 Ὦ
1399 666 1447 709 et
1470 662 1583 721 post

1406 723 1571 780 l'alil.

89 1035 256 1091 .1673.
402 1036 507 1093 Cn.
540 1038 806 1093 Domitius
835 1053 909 1092 m.
940 1037 978 1091 f.
1010 1036 1264 1093 Calvinus
1283 1050 1347 1092 ιι.

92 1126 173 1179 25.
199 1128 280 1182 18.
410 1128 475 1183 C.
500 1130 729 1184 Asinius
748 1146 837 1185 cn.
864 1132 902 1183 Γ.
926 1129 1118 1184 Pollio.

105 1215 255 1271 15.0.
406 1216 617 1273 lnniani
681 1218 938 1273 Carinani
1010 1218 1145 1289 agrii
1221 1217 1349 1272 Nor.

318 1307 455 1365 Cen.
486 1307 595 1363 Pis.
619 1326 675 1379 p.
703 1309 824 1363 159.

399 1398 515 1455 Suf.
563 1400 625 1453 L.
653 1398 936 1454 Cornelius
964 1398 1000 1452 Ι.
1044 1397 1085 1452 f.
1116 1396 1232 1453 Suf.
1283 1397 1346 1452 P.

393 1490 675 1546 Cassidius
704 1490 763 1543 P.
800 1489 840 1543 f.

389 1578 546 1635 Fasti
598 1579 817 1650 Lapidis
870 1579 1139 1636 Cetottant
1190 1577 1346 1632 Grut.

323 1669 458 1728 298.

393 1762 541 1833 lmp.
572 1762 772 1826 Caesar,
804 1762 869 1819 L.
897 1761 1133 1817 Antonio
1156 1761 1226 1816 ad
1260 1760 1358 1815 de-

323 1851 592 1909 ditionem
628 1853 927 1923 compulso,
960 1852 1239 1907 Perusiam
1269 1851 1353 1905 \‘i—

331 1954 456 2000 σιοε-
478 1944 778 2014 ingressus,
802 1942 1011 1998 Italiam
1042 1950 1209 1997 totam
1239 1956 1368 2010 par-

324 2036 423 2089 tim
460 2036 761 2102 voluntate,
792 2036 985 2105 partim
1028 2036 1077 2089 vi
1115 2035 1169 2089 in
1201 2044 1355 2104 pote-

327 2135 535 2181 statem
578 2128 793 2195 redigit.
827 2126 1094 2182 Antonius
1122 2141 1204 2179 ιιι.
1242 2122 1354 2187 Vir,
1442 2123 1566 2179 712.

332 2225 556 2272 mortua
588 2233 763 2273 uxore
796 2217 1004 2280 Fulvia,
1040 2216 1240 2273 Ctesari
1280 2231 1368 2269 re-
1420 2214 1485 2267 Λ.
1520 2212 1588 2267 Ρ.

330 2308 681 2371 conciliatus.
703 2325 824 2364 cum
848 2308 937 2363 illo
957 2308 1149 2363 dividit
1170 2307 1365 2362 Roma-
1444 2307 1567 2360 7l'5.

330 2414 466 2453 num
492 2398 806 2468 Imperium.
830 2398 1132 2454 Orientales
1158 2412 1351 2453 omnes
1412 2394 1477 2449 Ρ.
1511 2395 1574 2449 Ρ.

227 2562 241 2573 .
332 2498 494 2543 trans
531 2489 713 2544 sinum
745 2488 951 2543 Ionium
991 2499 1100 2544 tum
1142 2487 1350 2551 insuhc,

323 2596 495 2652 quam
518 2580 815 2637 Provinciae
834 2596 1004 2650 usque
1020 2582 1091 2635 ad
1109 2580 1353 2649 Euphra-

336 2682 455 2728 tam
482 2673 726 2728 Antonio
754 2681 1067 2743 paruerunt.
1089 2672 1360 2728 Occiden-

327 2762 474 2817 tales
510 2777 643 2817 vero
684 2763 968 2827 Dalmatia,
1000 2762 1277 2832 Hispania.
1303 2772 1357 2817 et

324 2855 530 2921 Callia,
565 2855 787 2920 Caesari,
812 2856 903 2926 qui
932 2854 1167 2910 Africam
1197 2855 1361 2925 Lepi—

332 2943 406 3000 do
432 2946 558 3014 jam
598 2945 985 3016 assignaverat.
1027 2943 1254 3014 Appian.
1302 2959 1355 3012 p.

327 3038 461 3103 709,
505 3038 629 3092 Dio.
668 3052 721 3106 p.
770 3036 899 3101 574,
946 3030 1085 3089 Plut.
1129 3036 1183 3089 in
1226 3037 1354 3089 Ant.

334 3126 533 3184 Mense
550 3126 817 3183 Octobris.
841 3126 1001 3182 Noris
1016 3142 1066 3181 c.
1084 3141 1135 3180 ι».
1156 3141 1211 3195 p.
1228 3125 1355 3179 140.

98 3338 241 3394 ιϐιδ.
464 3340 542 3397 ι..
575 3339 804 3396 Marcius
830 3340 1177 3395 Censorinus.
1455 3338 1518 3393 7t
1540 3340 1584 3392 ί.

87 3428 167 3481 26.
195 3429 277 3485 i9.
466 3432 534 3487 C.
560 3431 824 3485 Calvisius
854 3430 1109 3485 Sabinus.
1452 3429 1516 3481 Α.
1556 3428 1601 3482 Ρ

149 3517 205 3575 C.
408 3520 548 3575 Kal.
576 3521 826 3574 Januarii
863 3519 925 3573 L.
960 3519 1193 3573 Marcius
1225 3517 1284 3573 L.
1319 3520 1360 3588 Ῑ.
1462 3518 1585 3573 715.

335 3631 383 3668 c.
420 3632 477 3671 ιι.
514 3612 829 3667 Camerinus
858 3611 979 3666 Cos.
1019 3628 1081 3665 ea:
1121 3609 1367 3664 Macedo-
1457 3610 1503 3664 Ρ
1535 3610 1601 3664 Ρ.

336 3706 430 3759 nia
478 3704 803 3771 triumphat.
849 3703 998 3757 Fasti
1046 3702 1335 3773 Capitolini

342 3794 733 3863 triumphales.
758 3793 912 3849 Grut.
939 3809 994 3863 p.
1026 3794 1150 3848 296.

416 3881 708 3939 Ventidius
785 3884 961 3953 primo
1039 3883 1372 3949 Labienum,

332 3972 539 4030 deinde
563 3973 723 4027 etiam
750 3971 981 4027 Parthos
1003 3973 1185 4041 prmlio
1206 3991 1372 4044 supe-

333 4073 494 4118 ratos
524 4060 743 4132 expellit
763 4062 975 4127 Cilicia,
993 4072 1047 4116 et
1073 4062 1249 4132 Syria.
1276 4063 1373 4117 Dio

337 4155 438 4210 lib.
462 4170 635 4208 sum
655 4153 1056 4209 etPalzestinam
1073 4165 1374 4224 recuperat,

334 4256 399 4304 et
445 4247 640 4301 Romae
683 4264 715 4301 γ
738 4245 859 4299 Kal.
884 4245 1010 4300 Dec.
1036 4244 1280 4301 Pro-cos.
1312 4260 1378 4300 ex

342 4340 539 4395 Tauro
584 4337 797 4403 Monte,
841 4346 895 4391 et
931 4336 1142 4391 Parthis
1188 4336 1375 4391 trium~

337 4432 481 4502 pltat
505 4444 650 4483 anno
668 4437 945 4498 sequente.
970 4428 1114 4481 Fasti
1140 4426 1371 4497 triumph

339 4518 643 4590 Capitolini
672 4532 760 4587 ap.
789 4516 947 4571 Grut.
979 4515 1071 4571 fol.
1102 4516 1227 4571 296.

108 4684 254 4740 4675.
493 4683 637 4740 Ann.
671 4679 926 4735 Claudius
948 4679 1199 4735 Pulcher.
1476 4678 1596 4731 7H.

108 4774 188 4828 23.
221 4792 257 4830 ι.

493 4683 637 4752 App.
671 4679 926 4735 Claudius
948 4679 1199 4735 Pulcher.

491 4774 558 4828 C.
589 4771 877 4827 Norbanus
903 4770 1143 4826 Flaccus.
1449 4768 1512 4820 Α.
1546 4764 1613 4820 Ρ.

161 4865 223 4919 Β.
419 4864 567 4919 Hinc
597 4876 743 4916 uana
772 4875 1041 4915 msuauca
1076 4857 1375 4916 deducitur.
1474 4857 1594 4912 715.

418 4953 700 5009 Domitius
732 4949 979 5005 Calvinus
1002 4949 1293 5006 Proconsul
1324 4950 1375 5005 in
1454 4950 1517 5006 Ρ.
1550 4948 1617 5002 Ρ.

344 5055 686 5118 potestatem
713 5041 938 5096 Caesaris
957 5060 1094 5099 anno
1113 5042 1377 5113 superiori

346 5141 653 5192 reduxerat
694 5130 1009 5197 Hispaniam
1038 5134 1245 5202 jussam
1288 5132 1384 5186 tri.

963 248 1307 306 CllttONOL.
1348 244 1637 303 CONSUL.
1672 243 1758 301 ET
1795 209 1970 299 ca-is.
2013 241 2180 298 non.
2222 241 2377 298 mc.

3203 236 3308 294 418

3112 350 3248 401 Auni

2091 445 2207 482 rum
2234 428 2535 495 Pontiﬁces,
2557 426 2738 497 Reges,
2765 439 2843 477 res
2865 432 3020 492 gesta:
3128 429 3255 497 ante

2100 510 2147 553 et
2184 490 2531 553 (locante-atas
2632 490 2653 497 ’
2726 490 2730 491 ν
2869 490 2879 492 ⁷
3095 490 3289 543 .I'Iram

3089 558 3288 615 Christi

2041 605 2273 659 cumque
2322 588 2753 659 pt'wstantiorem
2835 585 2892 641 in
2946 597 3041 651 rep

2037 678 2464 733 administranda
2502 678 2780 732 asserebat
2804 715 2819 739 ,
2863 674 3038 727 Anto-

2034 770 2193 834 nius,
2244 767 2488 837 neglecta
2541 765 2923 827 accusatione,
2964 772 3042 816 te-

2028 859 2300 913 trarcham
2325 868 2613 927 utrumque
2632 856 2854 910 fratrem
2884 867 3011 908 crea

2029 960 2198 1007 \‘erat.
2224 949 2316 1005 Jos
2340 949 2414 1005 lib
2443 964 2553 1013 xw,
2595 964 2645 1004 c.
2675 948 2770 1002 25.

2097 1044 2333 1098 Parthia
2357 1043 2597 1098 Labieno
2620 1042 2780 1097 exciti
2806 1039 3041 1112 Syriam,
3154 1039 3246 1091 Η.

2018 1150 2143 1188 cum
2189 1141 2591 1203 occupassent,
2648 1131 2714 1185 ab
2767 1131 3037 1201 Antigono
3137 1125 3253 1181 Bm

2026 1226 2232 1279 incitati
2294 1223 2678 1293 Hierosolymis
2739 1223 3036 1290 potiuntur.

2038 1315 2346 1385 Hyrcanum
2407 1313 2718 1383 pontiﬁcem
2772 1313 3045 1381 captivum

2028 1407 2322 1471 abducunt,
2370 1414 2423 1459 et
2463 1404 2751 1473 instigante
2780 1403 3048 1472 Antigono

2034 1498 2258 1553 auribus
2281 1495 2553 1558 mutilant,
2579 1512 2645 1551 ne
2675 1493 3044 1565 pontificatum

2022 1595 2307 1657 recuperet
2338 1626 2351 1651 ,
2394 1586 2448 1640 in
2500 1600 2661 1653 quem
2712 1583 3039 1653 Antigonum

2029 1678 2310 1733 intruduut
2348 1676 2416 1730 ab
2446 1676 2659 1728 Aarone
2689 1689 2838 1728 ιγιιι.
2865 1672 3031 1726 Hero-

2032 1769 2129 1824 des
2200 1767 2594 1837 necquidquam
2658 1773 2883 1819 conatus
2945 1778 3045 1833 pro

2030 1857 2317 1929 llyearno,
2370 1864 2424 1911 et
2471 1854 2583 1909 suis
2632 1852 2934 1916 dimicare,
2981 1851 3051 1906 ad

2024 1949 2233 2003 Arabas
2259 1948 2456 2016 primo,
2484 1954 2592 1999 tum
2616 1944 2683 1997 ad
2700 1942 3041 2013 Cleopatram

1901 2098 1908 2104 _
2014 2055 2079 2095 se
2123 2038 2333 2107 recipit.
2383 2034 2681 2090 Phasaelus
2721 2033 2839 2103 ejus
2882 2031 3053 2086 frater

1785 3270 1992 3339 Olymp.

1820 3340 1923 3395 185

1748 3428 1921 3463 annus
1954 3424 1990 3461 1.

1811 3490 1931 3533 ante

1791 3559 1907 3602 a'st.
1934 3560 1979 3602 et

1773 3635 1839 3673 ea:
1867 3630 1979 3673 (1⁵81.

1794 3706 1901 3743 ann
1933 3704 1991 3743 Il.

1795 4681 1853 4719 11.
1893 4681 1978 4720 Ill.

2023 2146 2150 2185 cum
2179 2128 2430 2198 Hyrcano
2481 2126 2535 2180 in
2566 2124 2844 2180 Calilzeam
2878 2122 3049 2178 abdu-

2028 2229 2171 2285 ctus,
2187 2228 2241 2274 et
2257 2219 2308 2273 in
2339 2217 2550 2273 vincula
2576 2217 2875 2287 eonjectus,
2900 2215 3053 2270 alliso

2043 2310 2110 2364 ad
2137 2309 2400 2379 parietem
2443 2308 2642 2377 capite,
2673 2307 2780 2360 vita
2811 2304 3046 2359 excedit.

2028 2401 2267 2457 Herodes
2296 2400 2524 2455 Romam
2548 2407 2825 2469 properat,
2856 2397 2945 2452 ubi
2979 2396 3048 2450 ab

2022 2491 2296 2557 Antonio,
2343 2500 2398 2545 et
2443 2490 2659 2546 Caesare
2699 2489 2773 2543 ita
2822 2487 3055 2558 benigne

2029 2583 2321 2652 excipitur,
2380 2592 2437 2635 ut
2500 2591 2700 2651 praeter
2755 2595 2906 2650 spem
2973 2578 3042 2634 iis

2032 2675 2378 2739 auctoribus,
2436 2690 2505 2728 ex
2572 2672 2630 2727 S.
2707 2673 2769 2727 C.
2825 2686 3051 2742 regnum

2028 2765 2227 2821 Judaea:
2254 2766 2515 2829 obtineat,
2540 2762 2801 2817 deductus
2824 2763 2878 2816 in
2908 2761 3063 2830 Capi-

2038 2859 2111 2914 tol
2146 2860 2356 2913 medius
2410 2859 2550 2911 inter
2596 2858 2713 2912 Cms
2739 2866 2795 2911 et
2826 2856 2934 2909 Ant
2957 2856 3054 2911 Dio

2026 2949 2099 3005 lib
2124 2948 2220 3007 Jos
2266 2949 2339 3004 lib
2370 2964 2484 3013 xw,
2515 2962 2565 3002 c.
2596 2947 2687 3001 24.
2717 2947 2810 3001 25.
2850 2946 2939 3001 26.

2102 3065 2242 3120 llinc
2282 3079 2491 3120 tantoa
2523 3078 2679 3117 necat
2722 3075 2946 3116 ιιειιουιδ
2982 3076 3049 3114 ex

2038 3169 2087 3209 8.
2118 3170 2170 3209 (Ζ.

2114 3266 2347 3338 Hyrcani
2421 3263 2697 3321 Pontificis
2760 3263 2851 3317 50.
2911 3261 3059 3315 Anti.
3164 3257 3256 3314 40.

2036 3363 2158 3430 geni
2193 3358 2414 3414 instrusi
2459 3373 2499 3412 ι.
2534 3355 2761 3411 Herodis
2803 3353 3053 3423 [κείς-1.

2031 3454 2088 3507 2.

2112 3566 2351 3621 Herodes
2395 3578 2463 3618 ex
2510 3561 2660 3617 Italia
2713 3560 2880 3615 redux
2935 3576 3056 3613 cum

2042 3660 2311 3715 mandatis
2340 3658 2406 3711 ad
2455 3654 2810 3716 Ventidium;
2843 3660 2905 3705 ut
2960 3650 3056 3703 Ile-

2036 3753 2223 3809 rodem
2279 3759 2468 3803 contra
2534 3744 2859 3814 Antigonum
2885 3742 3067 3811 juvet;

2041 3842 2185 3913 quod
2261 3840 2422 3893 etiam
2499 3837 2560 3891 C.
2660 3835 2814 3890 Sosio
2890 3833 3061 3903 Syriae

2045 3928 2328 3987 chilicitB
2368 3924 2623 3996 przefecto
2673 3923 2910 3977 mandat.
2966 3920 3072 3973 ile-

2045 4021 2206 4077 rodes
2274 4020 2329 4072 in
2407 4014 2661 4071 Parthica
2725 4010 3066 4080 expeditione

2037 4113 2313 4185 egregiam
2339 4123 2556 4179 Operam
2584 4112 2746 4159 naval
2776 4102 3021 4156 Ventidio
3049 4118 3062 4153 :

2035 4208 2110 4263 ita
2137 4214 2192 4260 ut
2220 4201 2432 4266 Parthi,
2455 4200 2655 4254 amisso
2680 4196 2880 4251 Pacoro
2904 4194 3058 4258 duce,

2036 4308 2092 4356 et
2162 4313 2234 4352 xx
2294 4294 2534 4349 millibus
2593 4304 2812 4345 suorum
2868 4286 3063 4348 cmsis,

2041 4396 2183 4450 intra
2213 4390 2473 4452 Mediam,
2524 4395 2580 4441 et
2621 4381 3064 4452 MeSOpotamiam

2041 4483 2244 4540 redacti
2284 4481 2411 4536 sint.
2438 4477 2554 4534 Vell
2596 4474 2693 4529 Pat
2726 4474 2761 4527 Ι.
2795 4489 2857 4537 ιι,
2898 4489 2948 4527 c.
2988 4474 3088 4527 78.-

2046 4574 2140 4631 Jos
2168 4572 2206 4627 l.
2238 4586 2346 4625 xw.
2367 4584 2421 4622 e.
2444 4568 2535 4621 27.
2561 4566 2660 4620 Dio
2683 4564 2775 4617 lib.
2803 4578 2954 4628 xux,
2977 4571 3083 4615 etc.
3190 4568 3205 4574 ‘

2052 4664 2269 4735 llyrcan
2312 4659 2399 4714 51.
2452 4656 2609 4711 Antis
2645 4654 2702 4707 2.
2750 4651 2984 4706 Herodis
3026 4650 3080 4703 ευ..
3190 4649 3284 4705 '59.

2041 4757 2094 4810 '5.

2043 4844 2184 4899 Vere
2214 4842 2433 4896 ineunte
2477 4833 2721 4890 Herodes
2751 4829 2888 4885 duas
2928 4828 3096 4899 legio-

2060 4950 2175 4997 nes,
2200 4932 2262 4987 C.
2297 4928 2485 4981 Sosius
2506 4925 2577 4979 XI
2617 4925 2683 4976 ad
2714 4921 3104 4990 Hierosolyma:

2060 5022 2395 5082 obsidionem
2435 5015 2729 5068 adducunt.
2778 5006 3107 5079 Expugnant
3165 5019 3365 5061 mano-

2070 5126 2242 5171 mense
2270 5104 2420 5157 tertio
2451 5109 2508 5157 in
2539 5102 2733 5170 jejunii
2764 5096 3096 5154 solemnitate
3155 5111 3368 5153 seum

2188 5208 2258 5226 ιοι.
2290 5215 2374 5226 ...σε
2423 5200 2477 5226 2..
2503 5200 2569 5226 η..
2628 5198 2778 5226 Ᾱηηὶη
2807 5192 3104 5226 ξηιιιυιίῖηη
3142 5209 3251 5226 cncl
3279 5213 3290 5226 ι
3320 5210 3337 5226 ι
3357 5207 3391 5226 Il
