3918 6316
464 711 476 811 Ξ

514 286 621 342 455

549 432 572 448 ν.
585 394 728 449 Anni

511 461 640 517 Per.
655 463 768 519 Jul.

533 533 754 660 ags“.

558 660 584 680 ρ

569 869 712 926 4706

508 959 695 1025 ,2,15

614 1048 668 1103 Ε

576 2312 715 2368 4707

575 2404 716 2469 5,14

572 3502 713 3560 4708

556 3592 612 3660 ι,
632 3595 698 3650 15

540 5416 687 5477 4709

545 5508 681 5573 5,16

555 5598 607 5656 Β
618 5602 665 5657 Α

1233 295 1328 351 AD
1362 297 1802 359 ANASTASIUM
1835 304 2341 365 PROLEGOMENA
2376 312 2551 370 EDIT.
2588 315 3012 376 ROM.-VATIC.

940 484 1021 523 res
1051 481 1228 540 gestit,
1256 485 1303 528 et
1330 476 1661 532 documenta.

791 581 991 637 omisso
1003 584 1069 638 ad
1091 600 1215 641 ann.
1233 604 1330 643 xu.
1347 589 1615 649 Bissextili
1631 595 1804 650 corri-

790 673 889 745 git.
931 662 1070 730 Plin.
1099 676 1194 733 tib.
1242 680 1326 746 ιε,
1350 697 1468 753 cap.
1496 684 1586 740 25.
1627 685 1798 743 Solio.

792 777 842 817 c.
883 763 938 817 5.
977 763 1214 822 Macrob.
1242 769 1355 824 Sat.
1386 771 1478 827 lib.
1510 774 1565 840 4,
1591 790 1641 848 c.
1675 777 1764 833 14.

863 874 1132 945 Augustus
1166 877 1226 932 Ρ.
1256 879 1326 934 M.
1361 890 1429 935 tr.
1459 898 1516 952 p.
1557 902 1649 941 xv:
1676 903 1809 944 xvn.

788 994 925 1054 Coss
1104 967 1356 1057 99‘“?
1504 974 1715 1057 fuNHO
1739 996 1801 1035 "-

977 1034 1072 1089 Cn.
1111 1036 1392 1108 Caipurius
1418 1042 1516 1097 Cn.
1541 1043 1581 1098 ι.
1599 1034 1799 1104 Piso".

861 1122 993 1179 δυσ.
1013 1140 1079 1180 ex
1102 1127 1166 1181 Κ.
1191 1128 1328 1199 Aug.
1347 1129 1410 1185 L.
1429 1131 1698 1193 Manilius.
1721 1137 1790 1206 Ω.

788 1207 1111 1282 Torquatus.

828 1302 991 1374 Lapis
1005 1307 1322 1376 ap.Panvin.
1336 1312 1447 1370 Hoc
1457 1324 1540 1372 est
1552 1320 1800 1387 sequenti

788 1406 951 1449 anno.
974 1396 1245 1468 Augustus
1263 1404 1521 1461 militibus
1560 1410 1806 1466 emeritis

781 1485 1013 1552 pretium
1031 1504 1126 1557 pro
1146 1492 1295 1561 agris
1311 1493 1601 1551 distribuit.
1636 1497 1802 1567 Lapis

787 1572 992 1658 Ancyr.
1019 1578 1150 1632 'l‘ab.
1181 1580 1237 1647 5,
1271 1597 1356 1652 ap.
1387 1584 1543 1640 Grut.
1585 1603 1639 1658 p.
1670 1589 1797 1645 251.

783 1655 1223 1738 Arcus'Augusto
1273 1683 1485 1731 erectus
1512 1663 1563 1732 in
1586 1655 1807 1737 'Norico

784 1762 856 1809 tr.
891 1772 947 1825 p.
985 1773 1120 1826 xm,
1156 1762 1223 1817 de
1247 1778 1353 1833 quo
1380 1765 1587 1826 Plinius
1606 1770 1701 1827 lib.
1739 1772 1795 1842 5,

782 1858 833 1898 e.
871 1844 928 1899 2.

851 1936 971 1992 Kal.
991 1936 1113 1995 Jan.
1138 1942 1220 1998 Ti.
1235 1960 1347 2002 eos.
1366 1963 1426 2014 ιι,
1440 1949 1509 2005 de
1519 1950 1808 2011 Germanis

782 2025 1041 2098 triumph.

852 2116 952 2171 Dio
973 2118 1063 2175 lib.
1083 2120 1172 2176 54.
1202 2123 1336 2182 Vide
1358 2116 1515 2186 Neris
1533 2129 1662 2187 Cen.
1684 2132 1799 2190 Pis.

876 2207 999 2261 198.

784 2219 840 2277 p.
876 2208 999 2264 198.

855 2317 992 2390 Aug.
1034 2320 1094 2375 P.
1145 2322 1217 2378 Μ.
1262 2333 1333 2380 tr.
1369 2341 1427 2398 p.
1468 2344 1604 2397 xm,
1638 2346 1792 2388 xmt.

964 2410 1027 2465 D.
1052 2411 1244 2469 Laelius
1264 2415 1463 2475 Balbus

787 2442 923 2500 coss
964 2442 1027 2465 υ.
1053 2442 1463 2497 υπιξυδοωιυιιδ

962 2479 1023 2535 C.
1059 2483 1325 2542 AnllSllllS
1354 2486 1523 2545 Vetus

846 2568 1083 2627 Monum.
1103 2573 1305 2647 Ancyr.
1322 2577 1454 2635 Tab.
1471 2582 1526 2647 5,
1541 2596 1606 2652 ap
1640 2582 1797 2639 Grut.

784 2675 839 2729 p.
866 2661 993 2717 252.
1039 2664 1265 2721 Panvin.
1301 2669 1363 2724 in‘
1404 2671 1551 2727 Fast.
1584 2688 1651 2728 ex
1680 2685 1793 2730 ant.

783 2747 892 2817 lap.
920 2750 1162 2811 Fabrett.
1214 2756 1352 2814 lusc.
1405 2774 1529 2832 pag.
1561 2763 1684 2831 698,
1706 2764 1867 2822 habet

784 2840 1038 2898 Aulestia.

848 2945 1010 2986 Mst
1037 2950 1274 2992 τειιτιυιι
1298 2954 1509 2997 nwsus.
1537 2941 1669 2999 Vide
1692 2943 1798 3001 No-

781 3020 859 3076 ris
887 3020 1017 3077 Ceu.
1068 3024 1176 3081 Pis.
1205 3041 1259 3097 p.
1302 3029 1423 3094 195,
1445 3031 1538 3087 ubi
1557 3048 1655 3103 per
1683 3044 1795 3092 tres

787 3126 959 3168 annos
985 3113 1227 3174 clausum
1260 3119 1473 3190 prohat.

848 3508 987 3579 Aug.
1016 3508 1076 3565 P.
1102 3510 1171 3566 Μ.
1198 3521 1265 3567 tr.
1302 3529 1358 3584 p.
1381 3530 1539 3585 xvm,
1570 3532 1686 3578 ιιι.

789 3630 923 3690 coss
969 3600 1589 3738 miserisa-11:."-

847 3758 1010 3830 Lapis
1038 3777 1124 3832 ap.
1142 3762 1362 3820 Panvin.
1392 3767 1447 3821 in
1468 3768 1615 3824 Fast.
1637 3769 1790 3829 ludu-

788 3859 877 3904 ctu
913 3852 1081 3922 Aqua
1125 3854 1337 3912 Marcia.-
1372 3872 1531 3928 supra
1574 3870 1791 3931 portam

780 3939 1120 4011 Exquilinam
1155 3946 1417 4016 Augustus
1463 3947 1531 4004 P.
1580 3949 1659 4006 Η.
1715 3962 1784 4007 tr.

779 4045 837 4101 p.
882 4047 1001 4088 ιιι.
1050 4050 1165 4092 eos.
1220 4053 1317 4094 xu.
1378 4040 1514 4096 rivos
1559 4045 1791 4100 omnium

779 4120 1051 4192 Aquarum
1094 4127 1298 4196 refecit.
1339 4129 1498 4186 Numi
1546 4147 1665 4187 eum
1716 4144 1767 4189 tr

778 4225 834 4279 p.
862 4226 1014 4278 xrm,
1042 4229 1155 4270 eos.
1186 4232 1264 4282 χι,
1287 4227 1483 4274 etcum
1505 4228 1571 4275 tr.
1592 4237 1645 4292 p.
1669 4238 1781 4287 xtx,

774 4313 889 4352 COS.
917 4316 1013 4355 ΧΠ.
1102 4354 1109 4361 .

850 4388 1052 4447 Sueton
1088 4394 1140 4448 in
1164 4396 1299 4468 Aug.
1315 4413 1364 4452 c.
1392 4399 1481 4464 26,
1510 4404 1665 4457 annis
1692 4405 1778 4470 17,

774 4479 845 4535 ab
863 4496 917 4535 ιιι
947 4482 1237 4540 Consulatu
1283 4488 1477 4558 elapsis
1502 4508 1598 4556 xu,
1630 4493 1772 4549 hunc

773 4569 917 4626 ultro
939 4574 1159 4641 petiisse
1185 4577 1260 4632 ait
1281 4587 1335 4633 et
1362 4595 1481 4647 xm,
1508 4590 1663 4637 antea
1695 4598 1779 4639 re-

775 4675 900 4717 cusa
909 4671 1009 4718 108.

844 4751 1098 4818 Quirinus
1117 4771 1237 4811 cum
1261 4758 1532 4814 extraord.
1557 4761 1780 4831 imperio

774 4839 827 4894 in
884 4840 1096 4913 Syriam
1134 4846 1331 4902 missus
1356 4863 1547 4905 census
1581 4851 1690 4922 agit
1721 4854 1776 4907 in

764 4929 969 4988 ludam.
1027 4936 1159 4992 Vide
1213 4939 1372 4995 Neris
1420 4941 1609 4999 Cenot.
1665 4944 1776 5001 Pis.

768 5037 824 5091 ι).
852 5023 975 5079 522.

838 5604 1108 5675 Angustus
1135 5605 1194 5663 P.
1228 5605 1298 5661 M.
1329 5616 1396 5664 tr.
1432 5626 1485 5681 p.
1523 5627 1634 5680 xxx,
1677 5628 1771 5667 xx.

1862 478 1927 535 Π.
1978 482 2042 538 C.

1865 563 1987 607 ante
2009 562 2060 609 et

1919 631 1997 674 οδε

1909 689 2023 746 alii.

1909 892 2017 950 745

1910 983 2022 1040 746

1903 2332 2009 2389 746

1902 2423 2007 2479 747

1895 3523 2001 3581 767

1893 3614 2001 3674 718

1883 5524 1985 5579 718

1880 5614 1983 5670 749

2220 487 2428 561 Olymp.

2284 987 2327 1028 ιι

2282 2455 2343 2495 lll

2277 3650 2330 3689 ιν

2540 572 2590 617 et
2624 564 2949 623 documenta.

2537 884 2650 940 Sim
2677 885 2762 941 16.
2788 886 3014 945 Herodis
3039 905 3104 946 ex
3134 891 3193 948 S.
3223 893 3282 950 C.
3321 895 3408 960 55,
3433 911 3465 951 a

2468 990 2542 1033 tn.
2572 976 2638 1030 A.
2669 975 2757 1031 50.
2789 978 2958 1034 Matth
2997 998 3035 1037 ι.
3068 981 3160 1054 Sy.
3184 984 3327 1040 Praef
3362 986 3467 1042 Sa-

2459 1067 2675 1120 turnino
2700 1067 2819 1123 Prae
2838 1068 2939 1122 Jud
2968 1071 3174 1128 Volum.

2534 1152 2719 1209 Simon
2758 1154 2943 1212 Boetbi
2991 1160 3242 1217 Summus
3271 1162 3469 1220 Sacer-

2459 1242 2555 1298 dos
2580 1244 2651 1298 ob
2683 1247 3065 1303 conscientiam
3093 1252 3335 1308 veneﬁcii
3365 1256 3470 1309 im-

2455 1335 2624 1402 putati
2640 1336 2889 1405 ejustiliae
2910 1338 3137 1396 llerodis
3160 1359 3314 1398 uxor.
3337 1360 3471 1412 pon-

2459 1423 2662 1480 tiﬁcatu
2702 1426 2960 1494 privatur.
3017 1428 3271 1486 Succedit
3324 1432 3466 1487 Mat-

2461 1516 2598 1570 titius
2658 1514 2750 1589 [ab
2784 1517 2996 1574 Aarone
3038 1521 3215 1594 um].
3265 1521 3468 1593 Joseph

2462 1606 2498 1660 l.
2528 1607 2614 1671 17,
2642 1623 2691 1662 c.
2720 1608 2784 1662 15
2813 1618 2867 1663 et
2890 1611 2979 1675 18,
3002 1625 3051 1664 c.
3077 1610 3130 1676 5,
3162 1612 3222 1667 C.
3251 1611 3470 1668 Sentius

2461 1695 2779 1754 Saturninus
2830 1699 3034 1771 legatus
3085 1702 3343 1772 Propraet.
3401 1704 3460 1759 in

2462 1787 2671 1860 Syriam
2696 1789 2858 1853 venit,
2884 1805 3004 1844 cum
3034 1787 3311 1845 Volumnio
3336 1790 3469 1847 Pro-

2455 1892 2721 1933 curatore.
2791 1878 3003 1934 Nummi
3075 1882 3271 1951 signati
3334 1882 3470 1939 Era

2455 1966 2572 2035 Aug
2597 1965 2731 2022 Vide
2753 1967 2900 2022 card.
2930 1967 3087 2024 Neris
3106 1969 3216 2025 Cen
3242 1970 3332 2026 Pis
3361 1986 3468 2041 pag

2456 2056 2579 2123 506,
2609 2073 2676 2114 ex
2703 2058 2795 2115 Jos
2814 2060 2889 2116 lib
2916 2060 3004 2126 16,
3027 2077 3075 2116 c.
3107 2061 3194 2116 16.

2519 2148 2738 2203 Aretam
2766 2164 2948 2221 regem
2975 2152 3114 2207 datis
3146 2153 3463 2210 muneribus

2452 2236 2570 2309 Aug
2597 2240 2881 2295 conﬁrmat
2912 2243 3005 2298 ibi.

2525 2348 2718 2407 Joasar
2752 2368 2770 2408 ι
2798 2353 3024 2412 Herodis
3049 2371 3116 2412 ex
3153 2357 3213 2412 S.
3243 2357 3304 2413 C.
3334 2357 3431 2425 54,

2449 2456 2523 2496 m.
2548 2442 2615 2497 A.
2647 2443 2737 2499 51.

2516 2530 2739 2590 Mattbia
2766 2544 2966 2591 coacto
2981 2538 3233 2596 abdicare
3258 2538 3458 2595 Joaaar

2459 2619 2556 2694 [aL
2591 2622 2788 2697 Gozar]
2831 2626 3072 2696 pontifex
3103 2639 3319 2685 creatur
3342 2630 3462 2704 [los

2455 2710 2552 2784 ibi]
2583 2713 2650 2769 ab
2677 2714 2888 2771 Aarone
2914 2733 3060 2774 1.x".

2524 2802 2752 2860 Herodis
2776 2806 2870 2861 lilii
2916 2809 3151 2864 damnati
3180 2810 3233 2865 in
3271 2811 3460 2867 Concil

2457 2891 2737 2965 Berytensi
2776 2899 3175 2969 strangulantur
3208 2899 3461 2957 Sebaste.

2454 2984 2546 3040 .los
2576 2986 2649 3039 lib
2681 2986 2767 3052 16,
2790 3002 2838 3042 c.
2870 2990 2957 3042 17.
2987 2989 3280 3046 Saturnino
3322 3007 3462 3061 prm-

2451 3074 2568 3130 side
2613 3074 2780 3146 Syria:
2823 3076 2964 3151 [ibi]
3008 3096 3129 3135 cum
3184 3080 3471 3138 Volumnio

2450 3165 2676 3236 aliisque
2694 3168 2759 3221 ad
2782 3168 2882 3222 150
2895 3171 3212 3225 sententiam
3233 3170 3455 3228 ferente.

2459 3257 2741 3327 Antipater
2764 3258 3018 3317 fratribus
3039 3263 3105 3318 de
3138 3263 3312 3319 medio
3339 3265 3470 3320 sub-

2452 3346 2575 3403 latis
2631 3348 2793 3404 etiam
2852 3359 3059 3420 patrem
3092 3352 3276 3410 tollere
3304 3354 3467 3426 impie

2450 3436 2755 3493 meditatur.
2796 3439 2870 3494 lbi
2898 3439 2971 3497 lib
3002 3442 3092 3507 17,
3126 3457 3175 3496 c.
3203 3443 3256 3497 1.

2512 3547 2703 3605 Joasar
2733 3551 2785 3616 1,
2816 3551 2870 3615 2,
2903 3551 3081 3610 Herod
3109 3570 3177 3611 ex
3202 3554 3260 3611 S.
3289 3555 3352 3612 C.
3380 3557 3450 3613 55

2446 3650 2515 3691 ex
2541 3647 2716 3693 morte
2737 3638 2900 3711 Antig
2933 3641 3022 3697 52.

2521 3723 2636 3781 Hoc
2661 3742 2801 3782 anno
2837 3730 2968 3784 orbe
2998 3729 3050 3784 in
3081 3746 3212 3801 pace
3236 3748 3459 3806 compo-

2446 3815 2489 3871 si
2498 3828 2552 3871 to
3116 3814 3123 3819 ’

2504 3945 2713 3988 VERBUM
2749 3948 2835 3987 DEI
2871 3950 3006 3989 CAR”
3042 3952 3253 3992 FACTUI
3290 3953 3410 3994 EST.

2513 4018 2760 4078 Christus
2788 4023 2840 4077 in
2863 4033 3015 4104 utero
3038 4042 3088 4080 ιι.
3104 4041 3285 4082 manu;
3300 4028 3479 4100 Virgi-

2453 4110 2555 4175 nis,
2603 4112 2809 4184 Angelo
2852 4117 3135 4173 nuntiante
3162 4129 3453 4189 conceptus

2452 4201 2519 4256 de
2565 4218 2774 4260 srmrru
2803 4220 3002 4261 ssucro
3036 4223 3134 4262 vm
3176 4208 3274 4262 Kal
3301 4208 3453 4278 April
3510 4276 3513 4279 _

2451 4291 2551 4347 ss.
2581 4292 2685 4347 PP.
2717 4309 2783 4349 ex
2808 4295 2966 4352 Luca.-
2984 4282 3291 4369 Evangelio.
3321 4299 3459 4355 Prte-

2447 4397 2638 4437 cursor
2681 4380 2796 4451 ejus
2825 4384 3057 4441 Joannes
3082 4386 3322 4457 Baptista
3358 4403 3459 4442 na-

2321 4530 2329 4541 .
2432 4470 2603 4524 scitur
2643 4487 2826 4528 mense
2868 4472 3073 4529 Junio:
3118 4484 3174 4529 et
3208 4490 3302 4531 rm
3357 4475 3455 4530 Kal

2227 5163 2379 5237 Olym

2247 5256 2350 5311 195

2266 5364 2321 5402 IV

2215 5436 2403 5509 OMmp

2439 4559 2538 4615 Jan
2562 4576 2789 4618 nouimus
2812 4580 3013 4621 nomen
3030 4560 3181 4622 isses
3197 4552 3453 4623 cnmsrus

2439 4666 2697 4707 NASCITUB
2713 4668 2778 4707 DE
2795 4670 2953 4709 MARIA
2974 4672 3186 4712 VIRGINE
3208 4675 3261 4713 IN
3286 4676 3445 4716 ΒΕἸἮ·

2448 4760 2620 4800 ιειιειι
2647 4764 2791 4802 ιυοκε
2818 4765 2869 4803 IN
2891 4765 3074 4807 DIEBUS
3094 4768 3320 4809 HERODIS
3361 4770 3450 4809 RE-

2448 4850 2533 4890 cls
2562 4852 2678 4890 cum
2720 4839 2906 4892 exisset
2941 4840 3163 4895 edictum
3187 4860 3219 4896 a
3246 4842 3449 4898 Curare

2440 4926 2692 4994 Augusto,
2707 4938 2761 4980 ut
2782 4929 3156 4985 describantur
3176 4935 3455 4989 universus-

2443 5018 2602 5071 orbis.
2637 5017 2732 5072 lbi.

2513 5141 2629 5183 Ill-SC
2694 5142 3005 5187 DESCRIPTIO
3063 5147 3223 5186 PRIHA
3273 5148 3439 5187 FACTA

2439 5231 2537 5271 EST
2568 5233 2599 5272 Δ
2637 5232 2871 5274 ιιιιέεειυε
2902 5234 3067 5275 δΥΜΔΕ
3106 5236 3316 5277 εῑιιικο.
3354 5222 3457 5276 Lu-

2437 5307 2595 5363 catﬁ.

2527 5414 2757 5488 Tigrane
2802 5426 3013 5475 mortuo
3062 5420 3317 5477 Armenia
3363 5437 3442 5476 re-

2252 5507 2379 5583 195‘
2446 5507 2625 5565 bellat.
2659 5509 2743 5564 Vi.
2770 5509 2878 5566 Cen
2904 5511 2994 5568 Pis
3028 5511 3150 5568 185.

2285 5621 2308 5673 1

2502 5619 2693 5679 Joasar
2716 5622 2772 5690 2,
2803 5623 2855 5692 5,
2888 5622 3012 5680 llcr.
3050 5639 3114 5681 ex
3145 5625 3203 5681 S.
3251 5626 3310 5682 C.
3343 5624 3427 5692 56,
3481 5618 3513 5675 5
3560 5614 3670 5670 Bis:-

3628 331 3719 389 456

794 394 1160 505 Imperatores:
1185 400 1434 505 Conficiet
1456 406 1810 465 Romanorum
1865 412 2021 505 gauli.
2105 422 2157 481 Α
2224 421 2341 505 “Am

1001 486 1021 505 .
1087 487 1207 505 ..ω
1258 490 1283 505 ρ
1369 488 1636 505 “nam”-

2127 422 2157 481 ι
2224 421 2389 505 “Anni
2457 421 2764 505 Μάτων-αρτ
2800 430 3231 505 egﬁnitimorum
3260 437 3479 505 populo—
3548 440 3674 496 Anni

2539 509 2654 547 rum
2687 495 2967 566 Pontiﬁces
2983 540 3000 569 ,
3025 518 3190 574 reges,
3217 495 3296 560 res
3323 495 3480 577 pesta:
3548 495 3667 566 ante

2540 572 2590 617 et
2624 564 2949 623 documenta.
3515 577 3694 637 diram

3552 645 3643 703 Cit.
