3918 6316
114 311 211 364 557
1050 317 1394 376 CIIIIONOL
1436 320 1696 377 CONSUI.

1782 323 1860 378 ET
1898 325 2074 383 (ΗΕΒ.
2119 328 2284 386 ROM.
2325 331 2477 390 ETC.

178 436 320 490 Anni
396 432 769 506 Imperatores,
821 433 1093 495 Consules,
1148 435 1416 489 Romano-
1456 436 1591 506 Anni

177 507 302 561 Per.
463 503 603 572 rum,
630 524 712 561 res
741 516 898 577 gesta:
934 516 980 559 et
1009 506 1342 559 documenta.
1453 503 1517 558 U.
1559 505 1622 560 (Σ.

187 577 299 631 Jul.
1457 584 1577 628 ante
1605 586 1650 630 et

141 661 183 704 et
207 645 361 716 cycli.
1397 656 1509 716 post
1533 643 1696 699 Palil.

122 758 235 818 @D

405 878 490 926 III,
521 877 614 916 cos
641 868 702 914 ut
736 860 772 914 Ι.
805 877 844 915 I.
870 858 930 914 C.
957 858 1022 914 de
1049 857 1224 928 pactis
1248 865 1351 911 etc.

180 953 316 1009 4914
447 951 591 1021 'Imp
629 950 744 1006 Czes
768 949 832 1003 L.
870 948 1163 1020 Septimius
1197 947 1429 1002 Severus
1509 945 1614 1000 955

162 1045 249 1108 14,
289 1043 359 1099 12
395 1043 533 1114 Aug.
588 1051 656 1095 tr.
710 1057 764 1110 p.
812 1042 846 1095 8
893 1051 948 1095 et
995 1040 1049 1094 9.
1091 1039 1253 1094 Parth
1295 1039 1414 1092 Max
1516 1037 1623 1093 954

208 1135 253 1188 D
405 1149 498 1187 cos
543 1148 602 1194 II,
651 1134 746 1185 des
792 1147 874 1193 III,
921 1131 1034 1200 Imp
1068 1146 1144 1184 χι.
1194 1129 1260 1183 Et
1306 1129 1420 1199 Imp

405 1223 714 1278 Antoninus
740 1221 924 1276 Severi
950 1221 1022 1274 fil.
1053 1229 1122 1276 tr.
1149 1235 1204 1290 Ι).
1233 1219 1285 1285 5,
1315 1219 1366 1272 4.

617 1313 677 1368 L.
714 1309 920 1366 A'nnius
947 1311 1240 1366 Fabianus.
1351 1363 1356 1368 .

619 1384 690 1438 Μ.
733 1382 940 1436 Nonius
982 1381 1278 1436 Mucianus.

472 1475 813 1544 Vetinscript
839 1474 891 1527 in
923 1473 1039 1528 Mus
1065 1473 1166 1528 coll
1199 1473 1424 1526 Romani

395 1571 533 1628 Grut
564 1570 655 1635 52,
687 1569 720 1622 6
745 1577 799 1622 et
824 1568 950 1633 510,
979 1568 1011 1621 6
1039 1576 1094 1622 et
1115 1567 1242 1630 515,
1269 1565 1302 1619 6
1323 1575 1430 1620 etc.

402 1663 548 1733 leges
576 1677 664 1731 ap.
697 1659 902 1715 Reland
927 1659 963 1712 l.
993 1657 1050 1724 4,
1083 1657 1142 1712 C.
1174 1657 1240 1712 de
1277 1665 1438 1727 negot

405 1765 524 1824 gest
552 1762 608 1808 ct
644 1752 680 1805 ι.
714 1768 755 1808 I.
784 1750 846 1806 (Ξ.
885 1748 1059 1818 dejur
1087 1749 1180 1804 dot
1207 1759 1314 1803 etc.

485 1842 764 1899 Caracalla
791 1851 913 1911 toga
938 1840 1080 1894 virili
1106 1854 1134 1892 a
1167 1847 1317 1909 patre
1342 1838 1436 1894 do-

407 1944 591 2000 natur,
619 1944 676 1989 et
721 1949 813 1990 cos
857 1935 1188 2002 designatur.
1220 1931 1430 1986 Mediob

403 2043 474 2083 ex
489 2043 640 2092 num,
656 2036 710 2080 et
731 2026 839 2086 hist
855 2025 1224 2095 Septizonium
1249 2023 1435 2078 Romae

413 2128 790 2184 exstructum,
841 2127 898 2174 et
963 2118 1215 2172 Thermaa
1271 2115 1434 2171 Seve-

410 2209 597 2264 riana.
626 2210 906 2281 Lydiatus.

189 2301 323 2360 4915
484 2302 596 2372 Imp
618 2303 734 2359 Caes
756 2302 814 2357 ι..
837 2301 1042 2370 Septim
1068 2299 1304 2354 Severus
1318 2297 1434 2369 Aug

172 2393 346 2460 15,15
411 2393 580 2448 Parth
623 2394 738 2447 Max
770 2402 836 2448 tr.
863 2409 915 2463 p.
941 2393 973 2447 9
1000 2400 1054 2446 et
1095 2391 1184 2454 10,
1217 2405 1309 2444 cos
1352 2405 1432 2454 III,

175 2484 214 2540 ϐ
416 2483 531 2556 Imp
553 2501 625 2540 xI.
650 2485 715 2540 Et
744 2484 856 2554 Imp
879 2484 1112 2538 Antoniu
1143 2481 1248 2536 Sev
1276 2481 1330 2535 ﬁl
1359 2491 1427 2534 tr.

417 2590 470 2647 p.
499 2576 555 2643 4,
587 2575 620 2629 5
656 2591 767 2630 cos.

573 2687 686 2756 Imp
711 2687 771 2741 C.
799 2684 860 2740 L.
879 2684 1172 2755 Septimius
1200 2681 1437 2738 Severus

678 2777 917 2918 ιέιῖῗζ.
945 2843 1106 2900 Aurel
1133 2841 1438 2897 Antoninus

687 2938 825 2992 Aug.

687 2954 766 2992 nu
812 2978 825 2991 .

489 3030 675 3085 Tubus
703 2954 887 3100 plugmb
916 3029 968 3084 in
1000 3023 1184 3083 nostro
1213 3025 1431 3082 Musaeo.

417 3122 643 3177 Fabrett
669 3122 893 3191 inscript
922 3135 1025 3192 pag
1049 3120 1175 3174 250.

494 3216 694 3270 Gruter
735 3214 942 3280 500,1,
983 3213 1074 3268 ubi
1121 3211 1431 3267 consulatus

409 1351 543 1406 Coss

417 2813 552 2869 Coss
621 2848 676 2902 In

425 3307 525 3361 iste
572 3305 914 3375 componitur
946 3320 1066 3359 cum
1115 3318 1259 3358 anno
1305 3310 1427 3372 post

421 3398 648 3453 Romam
683 3396 952 3452 conditam
981 3410 1250 3450 nccccuv.

497 3488 731 3543 Severus
779 3497 829 3543 et
876 3487 1178 3542 Antoninus
1210 3485 1436 3538 Romam

427 3580 629 3634 reversi
695 3577 1008 3634 decennalia
1059 3575 1240 3630 Severi
1321 3589 1440 3645 per-

179 3743 190 3752 κ
424 3679 590 3740 agunt
616 3678 671 3723 et
698 3669 978 3724 Pantheon
1006 3667 1316 3722 restituunt.

211 3761 344 3817 4916
503 3762 615 3832 imp
630 3762 745 3816 Caes
769 3761 831 3815 L.
849 3760 1050 3830 Seplim
1074 3758 1309 3814 Severus
1329 3757 1445 3828 Aug

197 3852 365 3919 16,14
431 3853 596 3908 Parth
631 3851 751 3906 Max
779 3861 847 3906 tr.
873 3867 927 3921 p.
957 3849 1022 3904 10
1047 3858 1101 3903 et
1124 3850 1212 3912 11,
1239 3863 1331 3902 cos
1360 3863 1442 3910 III,

196 3942 241 4000 Β
429 3944 544 4016 Imp
572 3962 650 4000 χι.
695 3945 758 3998 Et
805 3944 916 4014 Imp
963 3942 1196 3996 Autonin
1239 3939 1343 3995 Sev
1391 3939 1444 3993 Iil

445 4047 514 4094 tr.
541 4055 595 4110 p.
622 4037 678 4102 5,
707 4037 738 4092 6
765 4051 879 4093 eos.

433 4165 567 4222 ρο..
631 4128 692 4222 ε)-

635 4199 696 4252 L.
722 4202 750 4233 "
772 4195 993 4251 Fulvius
1023 4195 1331 4249 I’lautianus
1361 4212 1420 4251 II.

505 4290 700 4360 Pagius
725 4304 791 4342 ex
827 4289 956 4344 card
981 4287 1213 4341 Norisio.
1241 4286 1448 4341 Reland

433 4395 502 4435 ex
534 4379 569 4432 I.
598 4379 655 4446 2,
685 4379 712 4451 §
744 4379 832 4444 47,
866 4379 920 4431 ιι.
948 4377 1013 4432 ad
1054 4377 1112 4431 S.
1147 4377 1208 4431 C.
1239 4376 1448 4431 Tertul-

436 4475 660 4537 liauum,
721 4474 948 4541 aliisque
1008 4471 1234 4541 legibus,
1276 4478 1326 4524 et
1377 4485 1443 4523 ex

438 4566 704 4622 Fontanin
732 4567 890 4635 Antiq
925 4565 1056 4620 IIort
1082 4563 1154 4618 lib
1185 4563 1236 4628 1,
1266 4580 1314 4617 c.
1348 4563 1400 4616 5.

508 4658 682 4713 Arcus
713 4659 764 4711 in
797 4657 935 4711 Foro
962 4655 1207 4711 Romano
1243 4654 1450 4723 positus

443 4752 644 4807 Severo
671 4761 724 4804 et
744 4750 1034 4803 Antonino.
1066 4747 1200 4802 Vota
1229 4763 1300 4801 xx
1331 4761 1451 4800 sus-

444 4839 895 4912 cepta.|Mediob
950 4853 1017 4893 ex
1067 4837 1152 4906 lap
1213 4852 1341 4890 num
1401 4844 1456 4890 et

444 4935 570 4989 hist.

236 5023 360 5081 4917
515 5025 632 5095 Imp
657 5023 772 5078 Cms
805 5022 865 5077 L.
896 5020 1028 5092 Sept
1065 5019 1299 5076 Severus
1341 5020 1460 5090 Aug
1564 5019 1670 5075 956

224 5116 298 5178 I7,
329 5119 388 5174 15
448 5118 612 5173 Parth
643 5116 760 5171 Max
803 5127 870 5170 tr.
900 5131 954 5185 p.
986 5115 1045 5168 11
1079 5122 1132 5168 et
1162 5113 1249 5178 12,
1277 5128 1370 5167 cos
1397 5128 1454 5166 III
1563 5112 1667 5167 9‘57

216 5208 262 5263 Α
287 5208 324 5264 G
446 5211 575 5282 Imp.
607 5211 672 5264 Et
697 5209 808 5279 Imp
827 5209 1061 5262 Antoniu
1093 5205 1277 5261 Severi
1315 5204 1353 5259 f.
1386 5213 1452 5259 tr.

440 5318 494 5373 p.
514 5307 565 5367 6,
596 5303 627 5355 7
655 5316 748 5355 cos

453 5428 586 5483 eos.
652 5392 714 5483 ξ-ςο
732 5387 1241 5483 sarissae”
1263 5386 1378 5441 δίιο

651 5463 719 5515 111.
752 5460 964 5513 Flavius
987 5459 1120 5513 Libo

527 5551 688 5619 Lapis
708 5549 835 5603 oliIn
862 5546 1016 5601 Vatic
1036 5561 1179 5598 nunc.
1199 5545 1315 5599 Mus
1336 5544 1464 5598 card

456 5641 646 5695 Albani
683 5640 769 5693 ed.
801 5654 831 5692 a
879 5637 1132 5693 Fabretto
1171 5637 1315 5690 inscr
1337 5635 1466 5699 494,

437 5733 543 5817 ‘qui
591 5731 902 5788 consulatus
954 5729 1295 5799 componitur
1343 5741 1464 5781 eum

1553 3754 1658 3810 935

1553 3842 1658 3901 956

3281 344 3383 399 Ξι58

1726 440 1777 501 Α
1875 441 2012 515 Auni
2084 441 2526 510 Cln'istianorum,
2560 445 2946 503 Juda'orumel
2985 450 3105 515 lini-
3177 452 3314 504 Anni

1838 511 2030 581 olymp.
2143 517 2387 589 [urorum
2434 519 2765 584 populorum,
2797 511 3096 589 Pontifices,
3173 520 3328 574 ZErw

2155 581 2338 654 Reges,
2370 581 2449 640 res
2483 581 2638 656 gesta:
2667 599 2712 642 et
2749 581 3093 645 documenta.
3143 590 3360 650 (ΠΗ-ἰαὶ.

1841 925 1906 979 Ο.
1930 926 2037 982 244
2165 928 2454 1000 Zephyrini
2481 929 2532 990 4,
2559 931 2612 985 5.

1842 1031 1895 1070 Iv
2159 1018 2445 1076 Parthicus
2471 1021 2770 1090 triumphus
2794 1019 2996 1076 Severo
3017 1020 3109 1075 de—
3178 1019 3276 1074 201

1841 1119 1888 1164 et
1915 1125 1978 1164 ex
2086 1123 2284 1174 cretus,
2323 1129 2483 1182 quem
2528 1120 2760 1167 recusat.
2797 1111 3104 1166 Antoninus

1842 1203 2022 1258 diebus
2091 1203 2277 1260 Severi
2312 1204 2452 1259 ﬁlius
2472 1205 2536 1258 de
2565 1203 2764 1257 Judwis
2789 1203 3105 1272 triumphat,

1846 1298 2038 1351 wstivis
2096 1306 2150 1352 et
2183 1306 2303 1367 toga
2330 1297 2470 1352 virili
2505 1299 2754 1353 donatur.
2803 1295 3014 1351 Mediob
3043 1309 3106 1340 et

1850 1391 1914 1447 Ο.
1943 1392 2048 1445 215
2099 1407 2282 1448 numm
2303 1401 2358 1448 et
2381 1391 2505 1446 hist.

1849 1502 1866 1541 ι

1931 2325 1952 2366 I
2169 2305 2457 2376 Zephyrini
2488 2304 2521 2358 5
2542 2312 2598 2358 et
2625 2301 2658 2358 6

1925 2414 1963 2454 ιι
2176 2396 2372 2462 Quinta
2403 2395 2740 2447 PERSECUTIO
2760 2401 2946 2446 contra
2969 2387 3121 2443 Chri-

2098 2490 2303 2544 stianos
2337 2494 2602 2541 commota
2645 2481 2946 2552 praesertim
2989 2479 3115 2532 Ale-

2104 2578 2346 2636 xandrim
2373 2586 2428 2631 et
2453 2577 2505 2630 in
2533 2574 2789 2644 Egypto,
2817 2571 2964 2625 Laeto
2995 2582 3124 2637 prae-

2103 2669 2366 2724 fecturam
2431 2666 2728 2720 obtinente.
2795 2660 3010 2714 Judaeos
3068 2666 3124 2711 et

2113 2761 2453 2817 Christianos
2489 2756 2606 2812 ﬁeri
2659 2755 2905 2810 vetitum.
2955 2751 3121 2804 Petav

2103 2873 2171 2914 ex
2196 2857 2379 2925 Spart.

2177 2945 2473 3001 Antiochiae
2525 2939 2826 3010 procedunt
2887 2935 3122 2989 Severus

2108 3053 2202 3093 eos
2234 3051 2328 3098 III,
2358 3042 2413 3088 et
2453 3029 2756 3084 Antoninus
2802 3026 2840 3078 f.
2889 3024 3116 3091 collega.

2110 3127 2345 3197 Egypto
2372 3121 2721 3192 perlustrata,
2773 3117 3001 3170 Romam
3046 3114 3119 3165 in-

2103 3218 2344 3291 greditur
2366 3211 2699 3280 triumphans
2722 3209 2974 3268 Severus,
2991 3217 3112 3258 cum

2106 3309 2217 3363 tilio
2243 3307 2418 3360 dictus
2448 3301 2733 3356 Parthicus
2759 3295 3041 3353 Arabicus,
3068 3301 3123 3345 et

2103 3399 2389 3455 Parthicus
2412 3391 2790 3448 Adiabeuieus.
2815 3382 3122 3441 Mediubarb

2107 3508 2174 3548 ex
2204 3503 2385 3546 numm
2411 3493 2464 3541 et
2493 3485 2619 3539 hist.

1935 3769 1972 3809 ιι
2183 3742 2470 3816 Zephyrini
2505 3741 2535 3794 6
2562 3747 2617 3792 et
2644 3737 2697 3788 τ.

1917 3861 1976 3899 ιιι
2173 3839 2327 3892 Anno
2380 3833 2591 3888 decimo
2656 3825 2864 3895 imperii
2937 3821 3124 3877 Severi

2103 3933 2312 3985 labente
2338 3922 2640 3996 persecutio
2664 3921 2714 3973 in
2737 3917 2971 3987 IEgypIo
2995 3913 3128 3967 Leo-

2114 4023 2292 4078 nidem
2340 4026 2544 4088 patrem
2585 4009 2830 4078 Origenis
2875 4015 3001 4058 tunc
3028 4019 3126 4056 an-

2115 4130 2242 4169 num
2296 4126 2405 4165 xvn
2461 4103 2668 4176 agentis
2732 4111 2784 4154 ct
2861 4095 3128 4151 desiderio

2117 4201 2361 4273 martyrii
2407 4193 2679 4266 ﬂagrantis
2714 4197 3007 4260 martyrem
3054 4183 3130 4238 fe-

2122 4294 2211 4348 cit.
2249 4291 2304 4344 In
2350 4287 2536 4343 Galliis
2568 4297 2696 4337 vero
2743 4280 3028 4339 Irenaeum,
3078 4281 3135 4326 et

2116 4381 2519 4440 innumerabiles
2551 4378 2708 4441 alios,
2731 4380 2998 4428 utcontra
3029 4369 3132 4422 Do-

2115 4479 2348 4535 duellum
2373 4474 2604 4530 ostendit
2630 4471 2828 4541 Pagius
2851 4483 2916 4522 ex
2964 4465 3132 4520 Euse-

2120 4573 2234 4634 bio,
2284 4569 2544 4639 Gregorio
2592 4562 2926 4627 'I‘uroncusi,
2983 4559 3132 4613 alits-

2126 4678 2249 4734 que.

1937 5024 1999 5062 III
2200 5002 2488 5074 Zephyrini
2524 5000 2553 5051 7
2587 5007 2638 5053 et
2669 4998 2721 5052 8.

3223 2381 3332 2438 202

3232 3723 3342 3779 205

3250 4984 3356 5038 204

1946 5115 1996 5153 Iv
2099 5083 2101 5085 1
2201 5093 2823 5152 AunoAntiochenorum
2847 5084 2952 5140 252
2978 5089 3164 5136 aestate
3238 5078 3356 5132 Bias

2116 5194 2273 5262 hujus
2303 5190 2428 5244 anni
2463 5187 2738 5242 desinente
2777 5181 2927 5250 juxta
2949 5178 3119 5231 Chro-

2133 5285 2291 5338 nicon
2320 5281 2559 5340 Eusebii,
2593 5275 2725 5330 Ludi
2777 5271 3064 5328 smculares
3110 5283 3139 5320 a

2135 5375 2338 5428 Severo
2364 5370 2640 5426 celebrati.
2667 5366 2944 5438 Lydiatus.
2978 5361 3084 5415 llos
3111 5377 3141 5412 a

2135 5464 2433 5520 Censorino
2458 5461 2598 5516 male
2647 5458 2952 5513 nominatos
2987 5452 3145 5507 Octa-

2139 5575 2223 5612 uos
2251 5555 2525 5610 contendit
2568 5553 2810 5607 Norisius
2839 5550 2892 5603 in
2920 5545 3144 5616 cpistola

2137 5649 2426 5704 consulari.
2459 5645 2781 5716 Refragalur
2814 5641 3024 5696 Norisio
3052 5637 3146 5690 I‘a-

2135 5741 2272 5805 gius,
2301 5753 2434 5806 quos
2465 5737 2602 5790 vide.
