3918 6316
1049 336 1394 396 CIIRONOL.
1429 345 1721 403 ‘CONSUL.
1766 351 1851 405 nr
1890 353 2062 408 axes.
2111 353 2270 408 non.
2312 351 2465 407 me.
3262 352 3367 407 stu

408 442 1039 529 Imperatores,Consu{es
1065 448 1440 522 Romanorum,
1485 458 1626 529 Anni
1727 467 1779 523 Α
1875 462 2009 514 Anni
2081 461 2519 526 Christianorum,
2553 459 2942 515 Judmorumet
2973 461 3092 529 fini-
3163 463 3302 517 Anni

161 510 348 585 Perio-
489 510 516 528 ³
572 530 658 568 ηε
697 527 854 585 gesta:
872 528 921 571 et
953 520 1282 576 documenta.
1428 510 1438 522 ⁷
1481 510 1626 580 υζϐ.

143 583 196 634 di
220 581 334 635 Jul.
698 581 717 585 ⁷
1494 607 1612 649 ante

156 663 202 703 et
224 652 359 721 τριειί
1455 677 1504 720 et
1529 675 1643 733 post

183 739 300 806 (θ)
1470 734 1636 788 Palil.

193 870 330 926 4914
469 881 584 948 Imp
603 878 720 934 Caes
742 877 814 934 hi.
837 880 950 936 Aur
968 881 1078 938 Ser
1105 884 1409 942 Alexander
1503 887 1608 944 983

193 963 329 1025 16.4
399 974 488 1022 etc
524 977 594 1022 tr.
630 985 684 1039 p.
706 971 760 1036 9,
800 972 884 1036 10,
909 973 1014 1028 Cos
1034 974 1085 1028 5.

408 1092 544 1150 coss
616 1099 634 1114 .
678 1101 693 1114 .
728 1099 744 1115 .
772 1064 789 1081 ‘
820 1064 998 1150 {lixica
1022 1065 1402 1136 Pompeianus.

615 1168 629 1182 .
675 1170 691 1185 .
737 1169 753 1184 .
829 1133 1214 1205 'Peliguanu's.

463 1220 748 1292 Inscriptio
800 1222 958 1279 (ἱυάἱὶ
1017 1229 1156 1296 apud
1218 1230 1422 1287 Reiand

397 1309 453 1364 in
489 1310 669 1366 Fastis
703 1320 757 1367 et
778 1312 812 1366 1.
835 1314 871 1368 5
896 1313 958 1369 C.
995 1315 1062 1370 de
1092 1319 1419 1387 probationi-

397 1399 501 1454 bus
540 1411 644 1455 etc.

464 1492 598 1546 Vota
624 1493 940 1550 Decennalia
994 1497 1192 1564 soluta,
1216 1509 1272 1555 et
1324 1501 1418 1557 τί·

383 1583 636 1637 cennalia
663 1593 991 1655 nuncupata.
1023 1589 1261 1646 Victoria
1291 1591 1419 1649 Per-

382 1671 523 1726 sica.
556 1672 766 1729 Mediob
791 1691 859 1731 ex
890 1693 1019 1733 num
1067 1689 1122 1735 et
1145 1681 1271 1737 hist.

217 2209 354 2266 ιθιδ
455 2212 571 2284 Imp
611 2212 729 2271 Cms
777 2213 880 2270 Sev
936 2214 1241 2270 Alexander
1300 2224 1405 2270 etc.

195 2301 323 2364 ",5
396 2311 467 2356 tr.
494 2319 546 2373 ι).
577 2304 664 2370 10,
695 2304 901 2369 11,(ἶοε
923 2302 981 2369 5,

619 2435 633 2446 .
673 2432 690 2448 .
731 2433 744 2447 .
772 2393 974 2464 Lupus.

618 2503 633 2516 .
676 2501 693 2518 .
738 2503 752 2520 .
793 2464 1080 2518 Maximus;

403 2427 541 2483 Coss

473 2555 715 2610 Fabretti
741 2556 885 2609 inscr
906 2571 962 2625 p.
994 2553 1118 2620 676,
1150 2562 1203 2608 et
1221 2553 1416 2623 Cuperi

393 2661 646 2700 menum.
706 2646 869 2716 Antiq
916 2663 980 2716 ,p.
1011 2645 1136 2711 250,
1165 2655 1222 2700 et
1276 2645 1422 2716 leges

392 2737 544 2806 apud
572 2736 776 2792 Rcland
799 2745 1144 2801 enumerata},
1175 2743 1232 2790 ut
1284 2735 1320 2787 I.
1379 2735 1412 2789 5

388 2827 455 2882 C.
489 2828 555 2881 de
583 2827 800 2881 Testam
841 2837 948 2882 etc.

469 2917 802 2988 Triumphus
825 2917 1081 2974 Persicus
1130 2918 1420 2975 Alexandri

395 3005 625 3061 Romam
658 3009 883 3074 reversi,
907 3010 998 3063 ubi
1029 3009 1178 3064 Felix
1200 3011 1415 3065 dicitur.

389 3097 738 3167 Congiarium
775 3098 840 3152 γ.
873 3098 1082 3155 Medioh
1143 3117 1208 3155 ex
1257 3115 1416 3154 num-

398 3189 522 3240 mis.

466 3279 576 3334 Res
601 3281 831 3337 feliciter
857 3291 1089 3352 peraelze
1139 3282 1190 3336 in
1213 3281 1416 3337 Mauri-

400 3371 544 3423 tania
576 3371 861 3440 Tingitana
897 3389 996 3443 per
1031 3374 1250 3429 Furium
1293 3373 1417 3428 Cel-

405 3474 547 3524 sum,
579 3460 632 3514 iu
658 3461 869 3533 Illyrico
896 3479 998 3532 per
1041 3464 1264 3518 Varium
1305 3463 1414 3518 Ma-

396 3551 707 3612 crinum.in
735 3555 992 3609 Armenia
1051 3571 1149 3624 per
1193 3554 1410 3609 Junium

395 3640 716 3697 Palmatum.
740 3643 928 3715 Lydiat
952 3662 1018 3701 ex
1045 3647 1170 3701 hist.

235 3731 364 3785 49-56
469 3734 582 3804 Imp
628 3735 744 3790 Cazs
798 3736 904 3792 Sex
955 3737 1257 3792 Alexander
1287 3746 1391 3792 etc.

206 3821 328 3885 I8,6
403 3833 473 3878 tr.
497 3839 550 3894 p.
583 3826 641 3878 11
680 3825 769 3891 12,
799 3825 904 3881 Cos
940 3827 994 3881 5.

245 3912 288 3963 θ’
403 3950 534 3972 n-__
615 3917 977 3972 Maximus

705 3988 971 4043 Paternus

479 4077 684 4132 Reland
744 4093 811 4132 ex
875 4077 1103 4147 inscript
1151 4076 1413 4132 Gudianis

405 4179 546 4223 ctex
579 4170 613 4221 l.
668 4168 722 4233 1,
775 4179 824 4223 et
870 4184 936 4223 ex
976 4168 1036 4222 S.
1099 4167 1162 4222 (Ξ.
1210 4169 1275 4222 de
1326 4184 1418 4222 su-

404 4272 552 4332 spect
573 4263 859 4323 tutoribus,
889 4261 1134 4327 aliisque,
1184 4276 1412 4329 quarum

404 4356 670 4410 nonnullae
701 4370 737 4407 tt
761 4353 840 4407 vel
867 4369 925 4406 ιιι
949 4352 1166 4423 adigunt
1191 4353 1409 4406 Cousuli

405 4446 637 4501 Maximo
665 4455 851 4501 contra
898 4443 1054 4498 ﬁdem
1102 4443 1413 4514 inscriptio-

402 4554 552 4594 num.

402 3950 536 4007 Coss

204 5009 326 5066 ιθιτ
483 5011 597 5080 Imp
636 5009 752 5064 Caes
787 5008 894 5062 Sev
925 5004 1249 5070 Alexander,
1277 5014 1378 5061 etc.

206 5102 325 5166 I93
413 5113 482 5157 tr.
521 5117 572 5171 p.
607 5099 705 5165 12,
738 5101 839 5164 15,
871 5113 984 5153 eos.
1021 5097 1078 5150 5.

197 5188 237 5241 Ε
430 5227 470 5282 C
751 5187 1017 5240 Maximus
1045 5202 1108 5240 ιι.

473 5241 561 5282 "ss
631 5260 694 5314 C.
723 5257 916 5312 Caelius
950 5255 1194 5312 Urbanus

484 5371 704 5426 Fabrctt
731 5384 833 5439 pag
859 5367 996 5432 565,
1021 5375 1076 5422 et
1101 5364 1304 5436 Aringh
1343 5365 1415 5420 lib

417 5465 481 5527 5,
512 5465 694 5518 Romae
722 5462 860 5516 Subt
888 5477 986 5531 cap
1014 5461 1105 5526 57,
1146 5475 1250 5532 pag
1294 5460 1418 5523 527,

420 5556 622 5610 habent
675 5553 965 5607 Maximum
1015 5560 1072 5606 et
1115 5551 1423 5615 Urbanum,

421 5656 477 5698 ut
522 5643 718 5700 Reines
746 5659 800 5713 p.
845 5641 983 5706 638,
1023 5643 1115 5698 sed
1155 5659 1260 5712 pag
1295 5641 1420 5705 407,

420 5736 675 5788 observat
732 5731 792 5788 C.
869 5731 1089 5786 Caelium
1156 5733 1426 5787 Urbanum

427 5823 692 5886 Ριτιιοι..
738 5825 1048 5885 CXXVII.

1506 980 1609 1034 984

1501 2217 1610 2272 984

1506 2306 1610 2361 985

1501 3737 1607 3791 983

1503 3827 1606 3881 986

1526 5005 1630 5062 986

1527 5095 1628 5152 987

1840 530 2044 600 Olymp.

2156 534 2400 601 timorum
2428 531 2756 601 pepulerunt,
2783 529 3085 600 Pontiﬁces,
3161 531 3315 586 Adm-

2156 600 2342 670 Reges,
2365 600 2444 656 m
2471 610 2627 670 gest-ce
2646 611 2694 654 et
2719 602 3049 656 documenta.
3114 601 3333 658 Christi;

1917 890 1961 928 ἠ
2152 875 2400 931 Pontiani
2429 878 2453 931 1
2485 887 2539 932 et
2561 877 2620 932 2.
3160 877 3262 935 251

1917 981 1977 1019 m
2155 967 2414 1037 Origenes
2440 983 2583 1024 anno
2604 986 2638 1022 x
2666 968 2956 1026 Alexandri
2977 970 3092 1025 Ca3-

2080 1069 2294 1108 sarcam
2337 1054 2613 1126 confugit,
2666 1056 2853 1111 relicta
2902 1059 3084 1112 schola

2084 1143 2464 1206 Alexandrina,
2488 1145 2571 1199 cui
2587 1154 2834 1213 praeerat.
2853 1146 2929 1200 'Ibi
2947 1161 3091 1201 mor-

2085 1244 2179 1289 tuo
2220 1234 2492 1289 Demetrio
2538 1236 2790 1305 episcopo
2832 1235 3089 1293 Ileraclas

2078 1324 2338 1378 succedit.
2373 1323 2475 1378 Per
2503 1324 2554 1378 id
2577 1332 2787 1393 tempus
2827 1325 3087 1396 Origenes

2079 1415 2320 1470 creditur
2343 1413 2600 1484 Ilexapla,
2627 1430 2834 1470 necnon
2866 1416 3086 1487 Octapla

2072 1491 2461 1576 composuisse,
2487 1521 2610 1560 cum
2647 1507 2728 1562 sui
2753 1507 3086 1563 studiosissi-

2079 1611 2197 1650 mos
2226 1596 2508 1664 episcopos
2548 1604 2738 1650 nactus
2775 1605 2923 1651 esset
2967 1597 3092 1651 Fir-

2084 1683 2360 1738 milianum
2405 1685 2665 1739 Caesareae
2717 1684 2769 1738 in
2809 1684 3090 1756 Cappado-

2076 1774 2560 1837 cia,Alexandrum
2590 1773 3086 1847 Hierosolymorum

2074 1874 2129 1921 et
2150 1866 2520 1921 Theoctistum
2549 1867 2809 1921 Cresarea:
2833 1867 2891 1921 in
2916 1867 3086 1921 Palae-

2070 1957 2234 2011 stina.
2259 1955 2426 2010 Petav
2465 1972 2530 2011 ex
2573 1957 2818 2026 Epiphan
2850 1960 2915 2014 de
2945 1959 3088 2029 pond

2069 2056 2125 2100 et
2174 2061 2326 2100 mens
2364 2056 2419 2101 et
2460 2063 2525 2100 ex
2564 2047 2742 2102 Euseb
2779 2049 2885 2103 hist
2926 2049 2986 2103 C.
3021 2049 3089 2112 6,

2074 2153 2174 2207 cap
2201 2138 2290 2193 20.
2331 2181 2334 2184 .

1897 2245 1963 2283 .m
2144 2229 2388 2286 Pontiani
2417 2230 2452 2285 2
2479 2239 2532 2286 et
2560 2231 2594 2283 5
3174 2232 3280 2285 252

1909 2333 1966 2370 ιν
2147 2318 2332 2374 Floret
2355 2320 2666 2375 Theodorus
2687 2322 2775 2390 qui
2802 2330 2856 2376 et
2881 2320 3080 2394 Grego-
3154 2323 3290 2376 Bias.

2084 2411 2194 2464 rius
2232 2421 2589 2480 cognomento
2627 2413 3088 2486 Thaumarturgus

2097 2501 2388 2571 discipulus
2437 2502 2682 2572 Origenis
2733 2520 2854 2558 cum
2920 2505 3090 2560 fratre

2074 2591 2439 2646 Athenodoro.
2499 2593 2674 2648 Euseb
2721 2595 2792 2649 ibi
2835 2611 2934 2666 cap
2985 2597 3086 2659 25,

2075 2698 2283 2738 necnon
2326 2685 2632 2742 Africanus.
2679 2687 2844 2742 Pctav
2883 2705 2947 2743 ex
2982 2688 3088 2743 Eu-

2077 2775 2192 2828 seb.

2147 2867 2464 2923 Ammonius
2528 2869 2870 2925 Christianus
2913 2871 3088 2941 philo-

2074 2958 2323 3027 sophiam
2365 2958 2697 3037 Platonicam
2751 2961 3091 3016 Alexandria:

2079 3048 2392 3115 proﬁtetur,
2437 3037 2599 3119 cujus
2645 3051 2938 3120 discipulus
2984 3049 3087 3106 fuit

2072 3138 2403 3212 Porphyrius
2455 3141 2754 3214 Lycopolit.
2802 3143 2969 3198 Petav
3023 3160 3092 3199 ex

2072 3230 2342 3302 l’orphyr.

1863 3738 2016 3809 Olym
2142 3739 2388 3798 Pontiani
2415 3741 2449 3796 5
2478 3752 2531 3798 et
2554 3743 2606 3798 ι.
2797 3797 2800 3800 ,
3175 3747 3280 3806 255

1877 3830 1985 3884 252
2148 3830 2305 3885 Circa
2345 3832 2397 3885 id
2431 3840 2642 3902 tempus
2684 3835 2925 3890 nuntiata
2954 3837 3093 3892 irru-

1906 3934 1966 3972 IV
2075 3919 2257 3988 ptione
2299 3917 2690 3975 Germanorum
2732 3931 3094 3994 transgresso-

1865 4009 2023 4079 Olym
2087 4025 2203 4063 rum
2226 4009 2472 4062 Rhenum
2496 4018 2550 4063 et
2567 4011 2886 4078 Danubium,
2907 4015 3072 4067 Roma

1875 4099 1982 4156 255
2082 4115 2182 4154 nos
2217 4099 2381 4165 lines,
2434 4110 2713 4156 revocatus
2761 4117 2826 4156 ex
2865 4104 3083 4158 Oriente

1927 4207 1945 4245 ι
2076 4190 2308 4246 Severus
2395 4191 2698 4247 Alexander
2794 4195 3087 4265 imperator

2071 4281 2424 4350 triumphavit
2489 4281 2555 4336 de
2599 4281 2892 4338 Artaxerce
2961 4299 3086 4355 rege.

2078 4371 2398 4427 Parthorum
2437 4387 2620 4428 mense
2659 4371 2926 4428 Octobris.
2981 4373 3091 4428 Nn-

2078 4462 2212 4518 meri
2257 4463 2495 4532 corrupti
2546 4463 2684 4532 apud
2727 4463 3090 4518 IIerodianum

2083 4551 2334 4606 videntur
2349 4551 2624 4622 impulisse
2641 4551 2926 4622 plerosque
2941 4554 2993 4607 in
3008 4569 3094 4608 er-

2086 4655 2262 4694 rorem
2347 4642 2414 4695 de
2489 4649 2729 4710 tempore
2811 4654 3086 4712 gestorum

2087 4730 2378 4785 Alexandri
2405 4731 2743 4800 imperatoris
2781 4731 3006 4786 Romani
3034 4734 3088 4787 in

2084 4821 2325 4886 Oriente,
2367 4821 2603 4890 alioquin
2641 4821 2885 4884 incertis,
2927 4831 2982 4876 et
3012 4822 3095 4875 in-

2078 4919 2371 4965 certorum.
2397 4908 2606 4980 Lydiat.

2151 5001 2396 5056 Pontiani
2418 5001 2471 5065 4,
2507 5010 2561 5056 et
2583 5002 2638 5056 5.
3200 5005 3305 5060 εει

1859 5109 1896 5148 II
2146 5092 2177 5124 ⁸
2204 5091 2516 5161 Hippolytus
2535 5091 2844 5146 Portuensis
2875 5093 3096 5162 :equalis

2054 5183 2246 5236 horum
2281 5189 2580 5248 temporum
2604 5181 2654 5232 in
2671 5169 2936 5250 excerptis
2951 5182 3091 5251 apud

2092 5268 2366 5322 Canisium
2419 5268 2587 5323 Tomo
2633 5284 2712 5333 II,
2761 5286 2790 5323 a
2839 5269 3095 5325 Passione

2094 5359 2293 5413 Christi
2317 5373 2486 5428 usque
2506 5359 2578 5412 ad
2605 5360 2748 5414 hunc
2775 5374 2973 5414 annum
3005 5361 3092 5414 15.

2100 5451 2390 5507 Alexandri
2431 5459 2702 5520 computat
2734 5467 2903 5506 annos
2947 5450 3054 5506 206
3078 5493 3093 5515 ,

2094 5551 2225 5613 quot
2286 5543 2449 5596 etiam
2511 5542 2832 5610 respondent
2904 5549 3103 5596 nostra:

2094 5631 2462 5702 Chronologia:
2506 5630 2760 5685 statuenti
2793 5623 3103 5685 Passionem

2101 5724 2308 5779 Domini
2336 5723 2570 5794 vulgaris
2766 5738 2906 5777 anno
2918 5723 2988 5776 28

2925 5815 2999 5875 18
