3918 6316
83 359 184 413 569

87 539 294 593 Periodi
509 554 587 591 res
615 550 770 608 gesta:
796 549 842 591 et
864 539 1193 592 documenta.

94 609 200 664 Jul.
229 619 279 660 et

117 678 242 747 cycli

152 751 268 815 «ἐ»

379 903 520 974 apud
557 917 692 972 quos
744 902 1037 958 miserabili
1094 902 1384 958 servirtute

372 993 731 1053 consenescit.

437 1080 742 1150 Regiliauus
801 1081 856 1134 in
925 1080 1100 1136 locum
1164 1080 1378 1150 ingenui

365 1173 486 1244 Aug
507 1173 722 1236 dicitur,
744 1171 1016 1226 Gallienus
1038 1169 1261 1224 Romam
1292 1186 1374 1224 re-

360 1265 459 1318 dit.
509 1261 793 1316 Postumus
829 1262 883 1315 in
911 1260 1097 1316 Galliis
1133 1259 1375 1315 rebellat.

360 1354 573 1409 Mediob
598 1370 664 1409 ex
693 1367 877 1408 numm
899 1359 956 1406 et
983 1350 1112 1406 hist.

135 1445 270 1501 4973
431 1445 544 1516 lmp
566 1444 682 1500 Caes
705 1444 980 1500 Gallienus
1006 1443 1123 1512 Aug
1149 1440 1384 1513 [captivo

123 1535 286 1600 l7,“
362 1545 515 1603 patre
544 1535 682 1604 apud
716 1535 910 1590 Persas
935 1529 1178 1603 detento]
1214 1541 1281 1586 tr.
1318 1549 1370 1601 p.

121 1629 191 1680 Ἀ
232 1625 273 1682 G
364 1624 764 1681 7et8.Cos.‘5.

577 1761 590 1774 .
619 1757 634 1774 .
663 1719 942 1774 Cornelius
982 1716 1269 1773 Sazcnlaris
1312 1731 1370 1771 ll.

576 1831 592 1846 .
623 1831 636 1844 .
663 1789 852 1844 Junius
882 1790 1121 1844 Donatus

433 1882 494 1936 L.
523 1882 577 1935 2.
605 1881 665 1935 C.
691 1881 756 1935 de
786 1878 1024 1943 incend.,
1048 1888 1152 1933 etc.
1179 1877 1382 1930 Reland

361 1972 614 2027 Saeculari
631 1987 669 2025 ιι
685 1980 738 2024 et
752 1969 955 2023 Donato
966 1966 1386 2023 coss.Comelius

362 2062 648 2119 chularis
673 2061 736 2115 P.
769 2058 834 2114 υ.
865 2056 1120 2129 Opuscul.
1151 2056 1380 2111 Bucher.

431 2154 540 2209 llos
593 2161 647 2208 et
692 2151 1058 2222 praecedentes
1114 2163 1257 2203 coss.
1317 2146 1386 2201 ab

360 2246 658 2300 Annalibus
687 2251 984 2312 expunctos
1016 2239 1374 2294 restituendos

362 2339 590 2406 probant
617 2331 948 2401 chronologi.
982 2330 1118 2385 Vide
1151 2329 1381 2396 Pagium

367 2445 472 2480 ann
519 2425 646 2479 280.
691 2421 994 2476 Macrianus
1031 2420 1148 2490 Aug
1186 2418 1384 2473 dicitur

373 2533 493 2571 cum
524 2515 648 2569 ﬁliis
678 2513 746 2566 ab
775 2509 1101 2567 exercitibus
1128 2507 1382 2568 Orientis,

365 2618 420 2662 et
454 2607 523 2661 ab
553 2603 785 2659 Aureolo
812 2602 1066 2666 vincitur,
1107 2611 1159 2656 et
1189 2599 1387 2654 occidi-

367 2712 457 2755 tur
483 2714 605 2754 cum
637 2697 820 2751 liberis
849 2704 903 2750 et
931 2693 1142 2762 Quieto.
1179 2691 1391 2747 Mediob

365 2807 435 2845 cx
461 2805 591 2844 num
621 2797 676 2843 et
700 2787 827 2842 hist.

371 1761 505 1813 Coss

150 2969 278 3024 497a
442 2967 557 3037 Imp
582 2967 698 3020 Caes
727 2963 1000 3020 Gallienus
1026 2961 1143 3030 Aug
1184 2967 1270 3015 etc
1314 2967 1380 3014 tr.

136 3059 294 3119 18,15
366 3074 425 3129 p.
453 3058 486 3112 8
521 3065 574 3110 et
599 3056 652 3110 9.
687 3070 798 3110 cos.
828 3052 883 3106 4.

181 3149 226 3203 F
371 3184 507 3241 Coss
578 3140 1382 3241 νυν..ίέἓὲ,ΕῩΡίνΞῖἶξέῗέῖἫηξΧῖ

586 3209 961 3272 Ι..Ῥειι·οιιίυε
991 3212 1198 3267 Taurus
1229 3209 1389 3266 Volu-

655 3287 856 3342 sianus.

443 3404 644 3458 Gruter
669 3399 828 3466 1028,
849 3398 886 3452 2
914 3396 1129 3452 Fabrett
1154 3395 1379 3464 lnscrip.

371 3495 503 3556 556.

443 3584 684 3640 Gallieno
712 3596 764 3634 IV
797 3588 852 3634 et
885 3577 1173 3634 Volusiano
1220 3573 1392 3629 Num-

372 3675 511 3728 mius
564 3671 780 3724 Albinus
822 3668 884 3724 P.
930 3666 997 3722 U.
1053 3666 1114 3720 C.
1175 3663 1396 3720 Cassius

369 3763 661 3819 Postumus
724 3776 792 3816 cx
868 3756 1123 3828 praefecto
1202 3755 1389 3809 limitis

374 3854 573 3915 Rheni,
622 3851 802 3906 occiso
858 3848 1170 3910 Valeriano,
1237 3845 1393 3899 tertio

379 3943 490 3997 lilio
522 3941 770 4005 Gallieni,
801 3938 955 4008 cujus
999 3946 1216 3992 curator
1241 3943 1381 3999 erat,

372 4050 496 4089 cum
536 4033 648 4088 tilio
691 4046 787 4087 suo
819 4029 1075 4086 Posunno
1106 4027 1158 4081 in
1197 4025 1388 4081 Galliis

373 4125 598 4182 assumit
635 4122 938 4194 imperium,
963 4129 1018 4175 et
1045 4121 1076 4173 7
1102 4117 1260 4172 annis
1298 4117 1396 4172 ob-

380 4222 530 4273 tiuct.
554 4218 730 4274 Calvis
750 4230 815 4270 ex
843 4215 954 4269 Aur
987 4215 1107 4269 Vict
1132 4211 1391 4275 Pollione,

378 4323 486 4366 etc.

158 4405 289 4460 1975
456 4403 568 4474 Imp
601 4401 718 4458 Caes
762 4399 1040 4458 Gallienus
1065 4397 1182 4469 Aug
1208 4404 1294 4453 etc
1317 4404 1386 4452 tr.

140 4495 288 4558 19,16
373 4510 427 4566 p.
459 4494 493 4550 9
517 4504 571 4549 et
601 4493 668 4548 10
697 4508 788 4549 eos
817 4508 868 4545 ν.

109 4585 115 4590 ’
187 4619 234 4674 E
360 4581 916 4674 n___hn_p__c§r§__r.
966 4577 1119 4634 Licin
1187 4577 1385 4634 Gallic-

359 4655 494 4711 Coss
565 4669 665 4708 nus
691 4654 808 4724 Aug
833 4667 883 4704 v.

505 4762 519 4774 .
597 4762 610 4774 .
677 4760 690 4774 .
770 4759 784 4774 .
847 4760 860 4774 .
931 4759 946 4773 .
1024 4758 1038 4773 .
1079 4717 1385 4774 Faustinus.

458 4816 516 4868 L.
541 4815 598 4879 2,
623 4830 672 4870 c.
698 4813 765 4870 de
798 4811 1012 4868 ordinat
1027 4807 1375 4880 iudiciorum.

385 4907 612 4962 Reland.

451 5019 695 5076 Gallieno
707 5034 740 5073 v
752 5028 805 5074 et
818 5017 1075 5074 Faustino
1089 5032 1210 5073 coss
1227 5010 1280 5069 Ν
1282 5031 1394 5069 um-

393 5118 529 5170 mius
560 5114 776 5169 Albinus
805 5113 863 5168 Ρ.
886 5112 949 5170 U.

454 5207 816 5261 Terrzemotus
875 5203 1062 5273 ingens
1095 5201 1302 5263 Romae.
1339 5199 1392 5255 in

384 5297 553 5368 Libya
581 5305 636 5352 et
661 5293 809 5350 Asia.
836 5293 1011 5348 Pestis
1043 5292 1228 5345 [lenne
1253 5299 1308 5344 et
1334 5289 1386 5343 in

383 5389 606 5444 Achaia.
646 5387 723 5442 Ex
769 5385 921 5440 libris
959 5379 1236 5455 Sybillinis
1283 5396 1386 5449 pax

385 5479 553 5532 Deum
599 5475 824 5546 quaesita
851 5482 956 5530 etc.
1003 5469 1276 5527 Mediobar
1320 5484 1388 5524 ex

387 5585 516 5624 num
542 5576 597 5622 et
628 5567 754 5622 hist.

455 5655 771 5712 Decennalia
787 5670 816 5708 a
838 5653 1078 5710 Gallieno
1103 5651 1390 5708 celebrata.

385 5747 602 5803 Nummi
630 5755 855 5802 veteres.

1427 537 1494 591 U.
1531 536 1592 591 C.

1442 619 1562 659 ante

1485 687 1596 744 post

1439 745 1598 800 [ἀίει.

1474 1443 1612 1496 1012

1475 1531 1614 1586 1013

1480 2955 1616 3011 1015

1477 3043 1615 3101 1014

1483 4393 1618 4450 1014

1485 4485 1622 4542 1015

1695 3153 1741 3216 C

1698 4489 1750 4549 D

1859 1556 1902 1593 Π

1781 2950 1844 3004 0.
1873 2950 1977 3005 259

1871 3061 1920 3098 ιν

1867 3150 1912 3192 et

1005 354 1348 412 CllllO-NOL.
1389 357 1681 413 CONSL'L.
1725 359 1811 412 ΕΤ
1848 361 2021 415 ΕίΕΞ.
2066 361 2226 417 ROM.
2266 363 2396 417 ETC

133 473 266 523 Aram
350 467 1370 538 ImperatoreleousulesRomanorum,
1437 470 1582 538 Anni
1680 473 1730 530 A
1830 474 1965 527 Auni
2040 475 2476 536 Christianorum,
2505 474 2812 529 Juda'orum
2845 484 2890 527 et

1802 543 1990 616 Olymp

2108 547 2352 597 timorum
2383 546 2717 612 papulorum,
2744 543 3044 611 Pontiﬁces,

3223 363 3330 418 570

2928 475 3050 541 ﬁni-
3119 473 3261 528 Auni

3124 543 3192 595 [Ε
3200 560 3272 596 ra:

2112 613 2292 684 Reges,
2327 631 2405 668 res
2431 625 2588 683 gesta:
2609 624 2657 667 et
2683 615 3011 668 documenta.
3077 612 3291 668 Christi.

2107 898 2274 966 Capto
2297 897 2578 952 Valeriano
2599 914 2629 952 a
2651 897 2852 960 Persis,
2867 896 3048 965 plures

2038 991 2093 1045 in
2149 990 2373 1044 diversis
2421 989 2710 1059 provinciis
2765 989 3046 1056 imperium

2041 1088 2318 1149 usurpant,
2353 1094 2580 1148 quorum
2613 1079 2854 1132 meminit
2881 1076 3049 1131 Pollio

2039 1171 2092 1226 in
2115 1187 2243 1236 xxx,
2277 1169 2557 1241 Tyrannis.
2591 1169 2773 1224 Petav.

2039 1451 2272 1520 Dionysii
2304 1451 2324 1503 'l
2356 1460 2410 1504 et
2431 1451 2483 1503 2.

2110 1539 2418 1594 Persecutio
2437 1556 2465 1592 a
2489 1538 2727 1594 Gallieno
2744 1539 2918 1594 desiit.
2947 1538 3048 1592 Eu-

2043 1630 2136 1684 seb
2162 1629 2251 1683 lib.
2284 1644 2380 1690 vu,
2401 1645 2451 1683 c.
2483 1629 2546 1684 M
2568 1638 2622 1684 et
2648 1631 2733 1683 l7.

2114 1718 2328 1788 Scythis
2343 1719 2780 1787 irrumpentibus,
2798 1719 3050 1788 templum

2048 1809 2228 1863 Diana:
2271 1808 2554 1877 Ephesinze
2598 1809 2961 1872 succenditur,
3000 1817 3055 1862 et

2045 1901 2242 1965 Nicma,
2267 1901 2477 1970 capitur
2500 1899 2822 1960 Chalcedon,
2853 1900 3054 1968 Trape-

2049 1991 2215 2044 zunlii
2253 1990 2600 2058 diripiuntur,
2644 1999 2748 2043 etc.
2791 1989 2955 2046 Petav
2998 2000 3053 2046 et

2046 2081 2222 2134 Euseb
2251 2081 2465 2134 Zosimo
2491 2093 2543 2135 et
2566 2080 2853 2134 Trebellio.

2115 2172 2309 2225 Ριιιιιυδ
2336 2172 2717 2226 Samosatenus
2755 2170 2812 2224 lit
2837 2171 3046 2239 episco-

2046 2277 2144 2331 pus
2164 2263 2553 2318 Antiochenus.
2579 2261 2686 2332 Pag
2715 2263 2779 2315 ad
2802 2276 2909 2314 ann
2929 2260 3058 2325 201,

2053 2369 2106 2411 ll.
2135 2369 2186 2406 ν.

2119 2946 2356 3017 Dionysii
2384 2945 2419 2998 2
2438 2955 2493 3000 et
2514 2945 2567 2999 3.

2122 3041 2440 3096 IEmilianus
2469 3038 2619 3109 praef.
2647 3035 2865 3107 [Egypti
2895 3035 2947 3089 in
2974 3049 3060 3089 sc-

2057 3135 2257 3192 ditioue
2291 3151 2450 3205 quam
2489 3133 2696 3187 fortiter
2725 3144 3058 3200 compresse-

1842 3233 1949 3292 260
2058 3241 2139 3286 rat
2165 3229 2438 3298 occupatis
2467 3226 2675 3281 horreis
2701 3223 2924 3278 assumit
2959 3222 3062 3276 ini-

2053 3324 2294 3393 perium;
2344 3320 2436 3374 sed
2491 3335 2521 3372 a
2578 3316 2857 3372 Theodoro
2921 3314 3065 3367 Duce

2057 3411 2280 3469 Gallieni
2316 3411 2467 3464 vivus
2495 3407 2722 3478 capitur,
2751 3413 2806 3459 et
2838 3404 2903 3458 ad
2939 3401 3066 3457 Gal-

2057 3506 2255 3559 lienntn
2299 3501 2550 3556 mittitur.
2589 3497 2766 3554 Calvis
2801 3512 2868 3550 ex
2897 3495 3068 3548 Aure-

2060 3599 2151 3653 lio.

2131 3688 2258 3742 Post
2317 3685 2570 3739 Macriani
2621 3690 2843 3736 mortem
2887 3677 3062 3750 [cujus

2063 3780 2281 3835 rebellio
2312 3778 2362 3831 in
2401 3776 2632 3847 Egyplo
2665 3776 2716 3828 in
2757 3788 2916 3827 causa
2945 3770 3063 3833 fuit,

2058 3888 2124 3926 ne
2174 3870 2490 3925 henelicium
2541 3867 2775 3921 remissa:
2819 3877 3073 3934 persecu-

2057 3963 2216 4018 tionis
2263 3960 2387 4014 alibi
2454 3971 2765 4012 concessum
2832 3951 3067 4023 {Egyptii

2059 4052 2349 4111 Christiani
2392 4045 2749 4120 perciperent]
2786 4046 2841 4098 h.
2887 4059 2936 4097 a.
2979 4058 3064 4097 re-

2055 4144 2242 4201 scribit
2282 4141 2573 4198 Gallienus.

2143 4386 2378 4458 Dionysii
2410 4385 2443 4439 ’5
2465 4393 2517 4438 et
2540 4384 2596 4437 4.

2134 4479 2416 4550 Dionysius
2444 4472 2838 4530 Alexandrinus
2865 4469 3069 4540 episco-

2059 4591 2158 4646 pus
2191 4574 2398 4627 tlelatus
2435 4571 2498 4624 ad
2533 4567 2840 4636 Dionysium
2881 4579 3071 4632 papam

2061 4682 2222 4737 super
2274 4665 2504 4718 obscure
2567 4658 2818 4726 scriptis,
2871 4655 3068 4724 quibus

2058 4753 2242 4810 Ariani
2273 4761 2456 4822 postea
2500 4749 2581 4802 usi
2625 4753 2768 4808 sunt,
2811 4744 3070 4811 suspicio-

2064 4861 2185 4901 nem
2215 4849 2407 4914 purgat
2441 4839 2581 4895 datis
2617 4837 2684 4891 ad
2723 4849 2845 4889 eum
2877 4833 3072 4887 litteris

2063 4935 2247 4990 Petav.

2128 5027 2286 5082 Gotlu
2319 5020 2591 5091 occupatis
2620 5016 2866 5072 Thraciis
2891 5015 3068 5069 Mace-

2067 5118 2281 5174 tloniam
2324 5122 2558 5175 vastant,
2599 5125 2722 5164 mox
2763 5107 2889 5161 victi
2925 5121 3070 5160 rece-

2066 5209 2218 5263 dunt.
2247 5202 2652 5275 ScythaeAsiam
2668 5205 2899 5260 vastant,
2930 5204 3068 5275 teni—

2066 5302 2211 5370 phnn
2258 5269 2438 5351 Dianae
2481 5291 2732 5364 spoliant.
2775 5269 2975 5358 Pugio?
3002 5285 3069 5338 ad

2066 5391 2119 5445 li.
2153 5406 2204 5441 a.
2236 5401 2300 5441 ex
2337 5384 2574 5440 Pollione

2135 5476 2461 5546 Porphyrius
2480 5472 2789 5529 Platonicus
2815 5467 3048 5524 Christi-.1

2064 5573 2147 5626 nis
2182 5569 2418 5624 infensus
2447 5567 2674 5636 scripto'
2706 5581 2737 5618 c
2771 5561 2912 5634 Tyro
2956 5559 3062 5612 lle-

2071 5681 2210 5720 mam
2241 5666 2294 5720 h.
2321 5681 2370 5718 a.
2408 5662 2552 5718 venit
2577 5661 2666 5715 Ibi.

3155 1447 3262 1502 260

3142 1535 3264 1591 Bis:

3168 2937 3265 2991 26!

3173 4372 3279 4428 2G2
