3918 6316
646 301 748 358 587
1382 301 1474 356 AD
1510 299 1950 359 ANASTASIUM
2000 302 2508 360 PROLEGOMENA
2550 305 2724 361 EDIT.
2765 306 3182 366 ROM.-VATIC.
3735 319 3802 373 588

683 411 819 488 {limi
893 408 1910 488 Imperatores,Consulesliomnnorum,
1997 413 2134 488 {Inui
2214 419 2266 477 Α
2341 413 2498 488 ‘Anni
2614 412 3051 482 Christianorum,
3081 417 3388 488 Juda'ornm
3409 427 3453 472 et
3483 421 3593 488 ﬁni—
3655 425 3759 478 Auni

682 481 808 558 ξεῖ.
1063 496 1142 534 res
1167 491 1342 550 gesta’,
1369 489 1416 533 et
1442 481 1769 536 documenta.
1997 483 2063 536 U.
2088 481 2149 536 C.
2329 481 2536 553 Oiymp.
2673 488 2917 558 timorum
2943 481 3270 556 populorum,
3301 481 3592 558 Pontiﬁces,
3641 491 3758 547 λειω

685 547 821 672 Iuli.
1169 547 1183 550 ’
1963 565 2097 674 amet
2107 562 2152 606 et
2397 547 2417 553 ⁷
2481 547 2491 553 ’
2683 554 2861 625 Reges,
2890 547 2970 610 res
2989 547 3145 626 g'esta:
3163 567 3211 610 et
3234 547 3557 612 documenta.
3578 547 3591 558 ’
3623 560 3782 616 Christi.

692 633 782 674 σξιο
803 638 840 674 ι.
1983 639 2076 674 nos

627 630 676 675 te
692 630 840 676 cycti.
1983 639 2076 676 nos

1956 633 2100 747 ﬁt???

907 831 962 887 in
989 830 1126 888 Villa
1166 831 1479 904 Burghesia.
1515 832 1739 890 Reland.
1779 833 1815 888 ι.
1856 832 1910 888 6.
2575 809 2965 904 Pioclelianum
2994 824 3054 867 se
3088 812 3301 904 adorari
3327 822 3389 867 ιιι
3416 814 3578 904 Deum

906 921 965 977 C.
1012 926 1078 979 de
1121 921 1232 992 jur.
1279 899 1333 978 et
1377 923 1509 980 facti
1557 924 1752 994 ignor.,
1801 934 1908 979 etc.

2583 899 2839 969 iussisse,
2888 911 2944 956 et
2977 917 3216 973 gemmas
3257 903 3310 958 in
3345 901 3581 962 vestibus

969 990 1270 1087 Αεμηάίηιιε
1303 1016 1366 1070 ρ,
1393 1016 1459 1071 υ,
1579 990 1600 994 ⁷
2575 990 3074 1087 “calceamentisque
3095 993 3421 1087 adhibuisse,
3451 997 3588 1087 Quod

969 1107 1329 1162 Diocletianus
1380 1107 1636 1162 adversus
1686 1108 1907 1162 Basmr-

2575 1078 2771 1150 Pagius
2818 1082 3100 1137 conﬁrmat
3148 1083 3216 1137 ad
3275 1098 3400 1138 ann.
3450 1084 3578 1152 501,

901 1213 1018 1266 nas,
1046 1197 1269 1268 Carpos,
1300 1206 1354 1252 et
1382 1196 1658 1253 Sarmatas
1679 1198 1909 1253 rebelles
2419 1219 2424 1223 -
2570 1184 2662 1225 πυ·
2703 1172 2757 1226 5-

897 1289 1169 1344 Galerium
1191 1289 1572 1343 Maximianum
1599 1287 1783 1342 mittit.
1807 1286 1909 1342 Pa-

895 1379 1013 1448 gius
1036 1378 1107 1433 ad
1135 1379 1189 1432 h.
1219 1393 1270 1432 a.
1301 1394 1354 1432 ιι.
1383 1377 1438 1441 4,
1464 1393 1531 1432 ex
1557 1375 1746 1432 Idatio.

669 1509 806 1566 5008
965 1510 1098 1581 Imp.
1127 1508 1491 1565 Diocletianus
1517 1508 1654 1579 Aug.
1688 1519 1754 1562 tr.
1796 1516 1907 1578 pot.
2003 1507 2138 1563 1047
2417 1503 2458 1542 ¹¹
2643 1486 2759 1581 93“
2785 1487 2872 1543 η’
2900 1485 3192 1542 Marcellini
3215 1489 3263 1542 ί·
3317 1579 3328 1581 μ
3366 1512 3370 1516 ’
3435 1580 3461 1581 η
3653 1488 3733 1545 295

647 1601 818 1664 24,11
898 1600 958 1654 11
989 1579 1160 1655 etv12.
1187 1599 1308 1654 Cos.
1331 1614 1383 1652 γ.
1411 1599 1542 1666 Imp.
1569 1613 1621 1651 κ.
1645 1597 1778 1668 Imp.
1803 1597 1912 1651 Μει-
2002 1597 2140 1653 1048

2026 1597 2140 1653 ,048
2395 1595 2456 1634 ιιι
2636 1579 2796 1635 Caius
2816 1580 3136 1651 martyrium
3157 1579 3389 1650 complet
3415 1580 3497 1636 die
3522 1596 3573 1635 ιι.

715 1690 763 1744 Ε
894 1690 1161 1744 ximianus
1204 1688 1338 1758 Aug.
1387 1696 1454 1742 tr.
1496 1695 1608 1758 pot.
1653 1686 1687 1741 9
1726 1696 1780 1742 et
1819 1687 1905 1742 10.

2574 1669 2673 1724 Kal
2711 1669 2864 1737 Maii,
2904 1685 3027 1724 cum
3067 1670 3294 1725 sedisset
3339 1685 3446 1724 ann
3491 1687 3576 1734 vr,

889 1780 1009 1835 Cos.
1043 1793 1095 1833 tv
2215 1761 2264 1821 B
2573 1775 2725 1815 mens
2774 1777 2850 1825 IV,
2906 1760 3020 1815 dies
3071 1776 3191 1814 vui.
3248 1759 3383 1816 Vide
3428 1770 3580 1815 notas

905 1869 1016 1924 ;-__
1101 1909 1115 1924 .
1159 1910 1170 1922 .
1219 1905 1234 1922 .
1277 1908 1289 1922 .
1351 1867 1578 1922 Tuscus.

2573 1867 2674 1922 pag
2716 1851 2842 1906 252.
2891 1850 3059 1907 Sedes
3100 1858 3256 1906 vacat
3295 1866 3468 1922 usque
3512 1853 3575 1906 ad

889 1906 1039 1962 Coss‘
1159 1979 1170 1992 .
1216 1979 1230 1992 .
1274 1980 1286 1992 .
1349 1937 1634 1993 Anulinus.
2569 1941 2710 1996 diem
2737 1957 2805 1994 xx
2835 1940 3156 1996 Decembris.

945 2031 1174 2088 Boldett.
1192 2031 1258 2086 ad
1272 2025 1903 2098 Cmmel.p.82.Gruler.
2640 2031 2741 2085 llis
2770 2048 2882 2085 coss
2911 2030 3199 2100 Carporum
3229 2047 3370 2104 gens.
3386 2032 3440 2085 in
3473 2030 3578 2086 Ro-

890 2127 980 2191 27,
1008 2127 1041 2180 5
1063 2133 1118 2180 et
1135 2124 1223 2189 58,
1241 2124 1297 2178 4.
1325 2121 1549 2178 Reland.
1577 2134 1644 2175 ex
1666 2119 1702 2174 1.
1721 2118 1812 2173 25.
1841 2119 1904 2174 C.
2567 2124 2746 2177 mania
2773 2139 2828 2176 se
2859 2122 3100 2175 tradidit.
3131 2121 3264 2175 ldat.
3284 2122 3454 2177 Erant
3485 2138 3578 2192 po-

888 2212 1053 2268 famil.
1086 2211 1413 2274 erciscund.,
1440 2217 1544 2264 etc.
2563 2210 2674 2282 puli
2718 2209 2875 2280 Carpi
2917 2211 2970 2264 in
3013 2210 3281 2266 Sarmatia
3319 2211 3576 2282 Ευτοοω

961 2304 1288 2359 Aristobulus
1317 2300 1384 2356 P.
1403 2300 1470 2357 U.
2566 2305 2708 2358 inter
2735 2303 3020 2372 Carpatem
3051 2313 3283 2358 montem
3303 2343 3319 2367 ,
3359 2313 3415 2357 et
3452 2305 3572 2360 Vis-

954 2394 1901 2467 Fleetvoodinseript.reiertinSyl-
2562 2390 2728 2444 tulam
2786 2389 3025 2443 ﬂuvium.
3085 2388 3219 2444 Vide
3272 2391 3469 2446 Cluver
3521 2401 3574 2445 et

883 2491 1001 2562 loge
1029 2506 1148 2560 pag.
1182 2487 1306 2553 117,
1335 2489 1401 2542 ad
1431 2487 1604 2541 lacum
1634 2486 1898 2541 Constan-
2560 2483 2672 2552 Pag
2699 2483 2766 2538 ad
2795 2483 2850 2536 b.
2895 2498 2944 2536 a.
2984 2496 3346 2539 IIARCELLINUS
3373 2483 3573 2540 electus

888 2579 994 2644 tiae,
1026 2579 1118 2632 ubi
1148 2577 1511 2632 Diocletianus
1539 2575 1673 2646 Aug.
1700 2574 1899 2631 dicitur
2556 2589 2838 2630 successor
2875 2573 2989 2630 Caii
3039 2575 3319 2631 ordinatur
3363 2577 3571 2646 episeo-

885 2680 954 2725 tr.
980 2677 1093 2740 pot.
1121 2684 1200 2724 ιιι.
1228 2670 1360 2738 Imp.
1387 2685 1440 2721 ιι.
1469 2667 1593 2723 Cos.
1620 2683 1674 2732 v,
1702 2676 1756 2722 et
1783 2667 1895 2722 Ma-
2555 2677 2657 2733 pus
2694 2663 2780 2718 die
2810 2662 3084 2718 Dominica
3135 2665 3206 2718 22
3231 2665 3566 2720 Decembris:

882 2762 1153 2818 ximianus
1185 2770 1248 2816 tr.
1283 2775 1333 2831 p.
1372 2777 1424 2814 Χ.
1458 2761 1587 2830 Imp.
1610 2776 1728 2815 vnr.
1765 2760 1890 2816 Cos.
2555 2771 2623 2812 ex
2665 2772 2774 2826 quo
2819 2766 3056 2828 tempore
3101 2760 3254 2815 sedet
3290 2775 3398 2815 ann
3440 2777 3564 2826 vm,

883 2870 957 2920 tv,
999 2862 1226 2923 uterque
1267 2852 1423 2905 Pont.
1469 2852 1610 2906 Max.
1655 2851 1888 2907 Sarmat.
2555 2862 2711 2902 mens
2736 2863 2806 2914 ιι,
2846 2849 2962 2903 dies
2995 2865 3121 2914 xxv,
3150 2865 3321 2920 usque
3367 2853 3436 2906 ad
3477 2868 3562 2906 xvi

884 2943 1024 2998 Max.
1053 2943 1257 2999 Persic.
1291 2941 1428 2998 Max.
2555 2939 2728 2994 Martii
2778 2943 2904 2996 anni
2954 2941 3080 2997 504.
3121 2940 3251 2997 Vide
3291 2953 3448 2998 notas
3498 2944 3563 2998 ad

2555 3031 2765 3086 Caium.

655 3121 796 3176 5009
956 3120 1086 3189 Imp.
1119 3117 1478 3173 Diocletianus
1504 3116 1640 3183 Aug.
1673 3126 1741 3170 tr.
1773 3125 1888 3186 pot.
1981 3116 2119 3174 1018
2199 3101 2245 3166 (ἶ
2379 3137 2442 3177 ιιι
2549 3121 2839 3178 Marcellini
2869 3123 2894 3178 1
2924 3133 2979 3178 et
3010 3124 3046 3178 2
3639 3123 3722 3176 296

635 3210 812 3272 23,12
885 3209 953 3264 12
1001 3218 1055 3264 et
1107 3208 1192 3263 15.
1233 3207 1356 3262 Cos.
1395 3223 1466 3272 rv,
1505 3223 1537 3260 χ
1579 3205 1712 3276 Imp.
1758 3205 1886 3278 Imp.
1982 3206 2118 3262 1049
2386 3229 2441 3274 tv
2621 3212 2943 3270 Alexandria
2981 3230 3101 3270 cum
3140 3214 3286 3270 omni
3333 3215 3559 3288 Egypto
3635 3215 3728 3269 Bis:

675 3300 771 3352 Η)
885 3299 1242 3354 Maximianus
1271 3298 1405 3368 Aug.
1438 3307 1507 3352 tr.
1537 3313 1592 3367 p.
1626 3297 1692 3353 10
1720 3308 1776 3354 et
1804 3299 1889 3354 11.
2548 3304 3066 3375 li.a.receptajuxta
3080 3305 3556 3370 Eusebium,sexto

879 3389 1008 3445 Cos.
1040 3403 1115 3442 IV.
2553 3410 2694 3450 anno
2731 3403 3010 3464 postquam
3049 3397 3349 3451 desciverat
3384 3397 3451 3450 ad
3486 3398 3556 3451 A-

877 3521 1029 3578 coss.
1106 3485 1238 3578 Imp;
1267 3485 1625 3566 Diocletianus
1648 3486 1784 3572 A‘ug.
1813 3502 1888 3541 vi.
2551 3488 2820 3543 ehilleum.
2846 3487 2910 3542 V.
2928 3487 3148 3560 Pagium
3171 3489 3235 3543 ad
3261 3491 3316 3545 h.
3343 3505 3397 3544 a.
3425 3507 3480 3544 ιι.
3505 3489 3558 3554 6,

1104 3556 1182 3609 Fl.
1203 3555 1228 3608 \
1246 3555 1893 3612 alConstantrusthorus
2551 3581 2665 3650 qui.
2699 3589 2753 3634 et
2808 3581 3008 3636 bellum
3073 3581 3346 3636 persicum
3395 3583 3450 3637 ιι.
3507 3597 3555 3635 ο,

878 3667 1012 3723 (lies.
1041 3684 1100 3724 ιι.
2553 3679 2864 3726 renovatum
2899 3671 3092 3738 refert,
3131 3673 3558 3726 transmissoin-

949 3757 1235 3812 Fleetvood
1271 3773 1336 3810 ex
1378 3756 1483 3826 Iap.
1521 3757 1808 3826 Tingitana
1837 3758 1889 3812 in
2283 3791 2296 3807 ι
2551 3764 2616 3818 de
2656 3763 2869 3819 Galerio
2898 3763 3128 3820 Ciesare.
3169 3764 3305 3820 Vide
3345 3763 3453 3836 Pag
3490 3765 3555 3819 ad

877 3848 1061 3904 Africa
1101 3849 1283 3904 retulit
1326 3850 1424 3905 hos
1462 3849 1615 3905 Coss.
1663 3851 1718 3904 in
1766 3849 1888 3922 Syl-
2551 3871 2654 3909 ann
2677 3855 2802 3923 297,
2834 3871 2888 3910 η.
2918 3856 2972 3912 4.

877 3940 996 4010 lege
1025 3955 1076 4009 p.
1108 3940 1162 4004 8,
1201 3957 1254 3993 n.
1286 3940 1340 3993 5.
1381 3939 1606 3995 Reland.
1636 3955 1702 3996 ex
1732 3941 1768 3994 I.
1800 3942 1886 3996 11.

876 4029 935 4084 C.
973 4029 1195 4099 Gregor.
1232 4030 1314 4084 tit.
1367 4030 1559 4085 incert.
1603 4031 1726 4085 add.
1764 4031 1799 4084 Ι.
1830 4033 1882 4086 5.

873 4120 931 4176 C.
951 4136 1146 4176 comm.
1172 4129 1278 4175 utr.
1295 4120 1462 4189 judie.

947 4209 1158 4265 Cassius
1186 4210 1341 4264 Dion.
1368 4209 1435 4264 Ρ.
1462 4209 1529 4265 U.

946 4305 1185 4360 Allectus
1214 4319 1243 4357 a
1279 4304 1594 4360 Constantio
1617 4314 1674 4360 et
1708 4306 1888 4362 Ascle-

876 4395 1092 4464 piodoto
1111 4396 1243 4449 mari
1267 4404 1515 4464 terraque
1529 4396 1702 4451 victus
1722 4397 1888 4451 inter-

882 4463 1158 4554 I'ectusque
1200 4492 1301 4538 est.
1347 4463 1734 4540 ltailtritannia
1765 4497 1885 4555 post
2195 4463 2247 4522 D

875 4575 1194 4632 decennium
1239 4589 1268 4626 a
1314 4575 1603 4630 rebellione
1641 4576 1885 4631 Carausii

877 4678 1110 4738 recepta.
1153 4669 1214 4722 V.
1253 4667 1474 4737 Pagium
1502 4669 1567 4723 ad
1597 4684 1723 4723 ann.
1756 4669 1880 4733 296,

873 4774 1018 4815 num.
1048 4760 1102 4814 6.

647 4862 784 4917 5010
942 4862 1075 4932 Imp.
1101 4861 1460 4917 Diocletianus
1476 4861 1612 4932 Aug.
1633 4870 1698 4917 tr.
1716 4863 1875 4931 p.15,
1971 4863 2107 4920 1019

2316 4859 2490 4932 Olym.
2626 4860 2919 4918 Marcellini
2941 4860 2978 4916 2
3006 4871 3059 4918 et
3095 4861 3149 4916 5.
3623 4853 3710 4910 297

625 4952 801 5018 26,15
874 4953 959 5007 14.
987 4954 1110 5009 Cos.
1133 4951 1186 5006 4.
1212 4953 1341 5022 Imp.
1369 4971 1420 5006 x.
1447 4953 1577 5023 Imp.
1607 4954 1874 5008 Maximia-
1970 4956 2107 5011 1050

2004 4956 2107 5011 050
2366 4949 2471 5009 268
2618 4952 2715 5009 His
2735 4969 2854 5010 coss
2871 4955 2996 5010 victi
3021 4953 3216 5020 Persm,
3240 4953 3316 5009 ait
3333 4953 3551 5020 ldatius,

695 5042 734 5095 (ἐ
873 5059 976 5098 nus
1015 5043 1152 5113 Aug.
1200 5051 1268 5096 tr.
1313 5059 1366 5112 p.
1414 5042 1500 5107 11,
1547 5042 1628 5096 l2.
1669 5043 1790 5097 Cos.
1825 5061 1875 5098 v.
2384 5061 2437 5099 IV
2545 5054 2598 5100 et
2624 5060 2745 5098 cum
2767 5045 3118 5110 eoPetavius,
3146 5054 3200 5099 et
3223 5044 3438 5115 Pagius,
3464 5045 3550 5114 qui

871 5133 1002 5202 Imp.
1040 5147 1094 5186 rx
1123 5141 1174 5185 et
1206 5149 1258 5186 x.
2387 5144 2433 5187 et
2543 5144 2597 5190 et
2632 5133 2883 5190 Clironici
2919 5133 3267 5190 Alexandrini
3310 5136 3551 5190 testimo-

937 5380 1000 5478 I..
1026 5381 1078 5434 5.
1106 5383 1166 5436 C.
1197 5382 1296 5435 sia
1342 5397 1446 5437 non
1491 5391 1720 5450 compet.
1764 5380 1880 5448 jud.
2549 5407 2674 5475 phia
2720 5416 2983 5461 memorat
3040 5407 3210 5462 moles
3257 5380 3546 5478 ingentium

867 5475 1088 5530 1101³ηά-
2544 5496 2889 5551 aediﬁciorum
2907 5496 3203 5552 Antiochiae
3213 5475 3548 5552 constructas

941 5587 1199 5642 .Eranius
1252 5586 1543 5658 [Panvinio
1593 5587 1880 5660 Afranius]
2549 5605 2578 5643 a
2616 5589 2944 5643 Diocletiano
2973 5589 3228 5644 tendente
3257 5589 3323 5643 ad
3356 5588 3548 5642 bellum

863 5680 1238 5735 Annibalianus
1271 5677 1336 5732 P.
1364 5678 1428 5732 U.
2540 5678 2853 5733 Persicum:
2893 5687 2946 5733 et
2981 5693 3047 5732 eo
3089 5677 3227 5732 bello
3265 5677 3541 5740 confecto,
