3918 6316
594 308 693 364 591

663 420 804 474 Anni

630 491 758 545 Per.

626 559 742 614 Jul.

608 643 658 689 ει
684 628 837 698 cycli.

679 698 798 766 ΘΣ)

655 1037 686 1076 ‘7?

650 1463 792 1522 5015

600 1613 617 1645 1
653 1555 816 1645 3,A18

701 1643 753 1700 D

651 3113 790 3170 5016

652 3205 794 3268 1,19

709 3293 750 3348 (λ

652 4398 790 4454 5017

668 4493 768 4557 5,1

669 4581 779 4636 BA

1319 308 1406 362 AD
1448 309 1888 368 ANASTASIUM
1937 309 2442 368 PROLEGOMENA
2478 310 2656 367 EDIT.
2697 307 3110 367 IlOM.-VATIC.

880 417 1268 488 Imperatores,
1315 418 1565 474 Consules
1644 421 1900 476 (fontano-

951 504 1090 557 rum,
1121 503 1202 543 res
1224 499 1400 559 gestw,
1422 500 1469 545 et
1504 491 1827 545 documenta.
1977 492 2043 545 U.
2068 493 2128 545 C.
2303 493 2510 565 Olymp.

1954 573 2075 615 ante
2095 573 2143 616 et

1997 642 2111 686 11081

2014 701 2128 756 alii.

876 839 995 912 Aug
1028 848 1098 896 tr.
1137 840 1312 911 p.15,
1352 841 1438 898 16.
1468 839 1575 898 Cos
1595 840 1656 896 ‘6.
1695 840 1810 910 Imp
1858 856 1892 895 x

1097 937 1163 994 T.
1200 937 1282 993 Fl.
1341 936 1686 993 Posthumius
1735 934 1904 990 Titia-

881 1007 1018 1067 Coss
1168 1022 1270 1062 nus
1297 1023 1366 1078 il._
1501 1077 1511 1078 7
1721 1071 1726 1078 1

1104 1114 1120 1130 .
1147 1113 1162 1130 .
1189 1115 1203 1128 .
1229 1114 1243 1129 .
1279 1115 1294 1130 .
1327 1076 1652 1145 Nepotianus

926 1148 1134 1204 Panvin
1155 1159 1221 1200 ex
1241 1153 1332 1199 vet
1352 1141 1439 1214 lap
1462 1154 1518 1198 et
1543 1144 1679 1200 Grut
1696 1141 1820 1210 512,
1837 1141 1893 1199 9.

872 1218 1095 1275 Fabrett
1119 1215 1350 1284 Inscript
1375 1213 1430 1283 p’.
1457 1213 1584 1270 208.

870 1381 874 1386 λ
941 1309 1039 1367 His
1059 1309 1193 1367 Coss
1211 1305 1390 1362 Allius
1427 1305 1708 1376 Dionysius
1740 1301 1892 1359 P.U.

951 1465 1064 1537 Imp
1090 1463 1454 1521 Diocletianus
1479 1462 1596 1532 Aug
1624 1470 1692 1516 tr.
1727 1460 1888 1531 p.18,
1985 1457 2121 1513 1054
2385 1461 2404 1502 ι

887 1557 976 1613 19.
1012 1556 1117 1612 Cos
1165 1554 1218 1608 7.
1261 1553 1376 1623 Imp
1408 1551 1494 1606 10.
1545 1552 1660 1621 Imp
1702 1549 1874 1604 Maxi-
1978 1546 2116 1604 1055
2376 1549 2418 1593 ll

871 1636 1105 1700 'mianus
1124 1644 1242 1716 Aug
1267 1651 1338 1698 tr.
1366 1656 1422 1713 p.
1449 1641 1538 1710 16,
1563 1641 1650 1696 17.
1682 1640 1788 1698 Cos
1815 1639 1870 1696 6.

890 1733 1370 1831 “"P‘°;.-..-
1480 1827 1490 1831 _
1574 1819 1606 1831 -.
1709 1818 1745 1831 η
2199 1770 2250 1831 B

1089 1821 1171 1877 Fl.
1198 1819 1302 1876 Val
1329 1819 1677 1876 Constantius
1705 1818 1886 1875 Caesar

885 1923 926 1982 ο
1159 1907 1233 1946 ιγ.

929 1940 1019 1982 οδε
1087 1960 1151 2017 c.
1226 1959 1326 2015 Gal
1371 1957 1472 2015 Val
1531 1957 1887 2014 Maximianus

1157 2029 1340 2086 Caesar
1365 2043 1440 2084 ιν.
1615 2074 1636 2089 ,.

951 2119 1017 2176 1..
1040 2119 1074 2177 8
1094 2118 1154 2176 C.
1182 2119 1248 2176 de
1268 2119 1356 2191 jur
1373 2128 1428 2175 et
1445 2117 1552 2174 last
1572 2117 1724 2187 ignor
1747 2115 1897 2172 Fasti

873 2209 1123 2280 Anonym
1169 2223 1245 2266 1v.
1294 2223 1386 2266 sec
1429 2216 1486 2264 et
1531 2207 1684 2279 ejusd
1712 2205 1892 2262 aetatis

875 2299 943 2354 de
976 2299 1040 2354 P.
1075 2299 1142 2356 υ.

946 2389 1210 2444 Nummus
1254 2388 1452 2443 Tuscus
1484 2385 1551 2441 P.
1587 2385 1656 2442 Π.

941 2475 1243 2533 Constantii
1258 2487 1311 2534 et
1324 2477 1421 2533 Gal
1434 2475 1742 2531 Maximiani
1767 2475 1887 2532 Cac-

874 2584 1060 2626 sarum
1091 2569 1410 2626 Decennalia
1454 2567 1636 2624 celebr
1675 2550 1913 2623 Diocle-'

879 2657 1060 2716 tianus
1125 2669 1182 2715 et
1247 2657 1601 2713 Maximianus
1658 2656 1886 2713 Romam

872 2751 1077 2807 reversi
1133 2751 1526 2822 triumphantes
1573 2748 1882 2819 ingrediun-

872 2849 982 2896 tur.
1035 2841 1242 2897 Mediob
1292 2855 1359 2896 ex
1406 2855 1535 2896 num
1587 2838 1890 2912 Lydiatus,

877 2929 1115 3001 aliique:
1149 2947 1276 2987 mox
1323 2931 1465 2987 redit
1506 2929 1798 2986 hiematum
1830 2927 1888 2984 in

880 3020 1190 3094 Bithyniam
1220 3022 1390 3079 Diocl.

952 3111 1066 3185 lmp
1096 3112 1456 3169 Diocletianus
1473 3111 1591 3181 Aug
1612 3118 1680 3165 tr.
1709 3124 1763 3180 p.
1793 3108 1881 3178 19,
1975 3107 2112 3164 1055
2188 3132 2243 3195 c

1982 3197 2119 3255 1056

2353 3063 2429 3135 ἰιι

887 3203 980 3271 20,
1011 3219 1104 3259 cos
1128 3203 1184 3270 8,
1210 3203 1319 3274 imp
1351 3202 1440 3268 10,
1477 3202 1585 3272 imp
1608 3199 1887 3254 Maximia-

896 3308 998 3349 nus
1043 3291 1159 3365 Aug
1213 3300 1281 3347 tr.
1317 3307 1371 3362 p.
1427 3290 1515 3355 17,
1555 3290 1664 3356 18,
1709 3303 1804 3345 cos
1833 3287 1886 3355 7,

889 3382 999 3452 imp
1027 3380 1113 3436 10.

888 3507 1020 3564 coss
1090 3473 1201 3540 Imp
1232 3470 1590 3552 Diocletianus
1621 3471 1740 3540 Aug
1769 3477 1883 3526 Vm.

1091 3543 1204 3597 lmu
1234 3541 1585 3597 Maximianus
1627 3542 1743 3597 Ant:
1789 3556 1883 3597 vn.

940 3557 1018 3564 ---
1091 3557 1204 3628 Imp
1234 3557 1585 3597 maxumanns
1627 3557 1743 3612 Aug
1789 3557 1886 3609 Vlla

940 3612 1006 3668 L.
1036 3613 1126 3667 28.
1157 3615 1217 3666 1...
1247 3612 1311 3666 de
1341 3620 1480 3680 νθοιο

938 3700 1244 3756 Tiberianus
1279 3698 1344 3752 1’.
1369 3697 1414 3753 U
1424 3739 1438 3754 .

944 3788 1255 3845 Vicennalia
1286 3787 1579 3859 principum
1598 3786 1782 3842 Romae
1805 3800 1890 3842 ce-

889 3879 1093 3936 lebrata
1119 3877 1426 3935 Mediobarb
1466 3892 1534 3934 ex
1577 3875 1803 3933 Lactant
1827 3883 1882 3932 et

891 3983 1144 4024 ιιυηιιιιιε.

942 4396 1055 4467 Imp
1085 4394 1446 4452 Diocletianus
1467 4393 1584 4464 Aug
1610 4401 1679 4447 tr.
1707 4407 1758 4462 p.
1786 4392 1876 4459 20,
1971 4389 2110 4448 1056
2359 4394 2419 4434 ιιι

881 4506 973 4547 cos
1021 4491 1092 4555 9,
1137 4490 1245 4559 imp
1294 4487 1396 4552 10,
1445 4487 1554 4557 imp
1602 4484 1877 4541 Maximia-
1972 4485 2106 4542 1057
2196 4485 2244 4544 ι)
2352 4488 2404 4527 ιν

887 4594 990 4635 nus
1016 4577 1134 4648 Aug
1159 4584 1228 4631 tr.
1256 4592 1310 4646 p.
1337 4575 1426 4641 18,
1449 4589 1543 4631 cos
1564 4575 1619 4642 8,
1654 4575 1764 4646 imp
1785 4574 1872 4629 10.

884 4699 1018 4781 coss
1087 4688 1199 4781 Imp
1231 4683 1755 4781 “Diocletianus‘Aug
1803 4697 1878 4781 ut.

1089 4754 1201 4828 Imp
1229 4754 1584 4809 Maximianus
1608 4755 1723 4824 Aug
1765 4767 1881 4807 vni.

927 4829 934 4834 ’
959 4851 1022 4908 L.
1044 4851 1134 4916 24,
1157 4850 1218 4905 c.
1246 4849 1311 4905 de
1334 4846 1642 4903 donationib
1664 4855 1770 4902 etc.
1792 4846 1899 4900 ne.

887 4941 1032 4995 laud.

948 5031 1177 5086 Aradius
1205 5027 1430 5096 Ruﬁnus
1462 5023 1529 5079 P.
1561 5025 1626 5079 U.

951 5119 1222 5174 Ravenna:
1260 5113 1451 5172 consul
1486 5113 1725 5184 procedit
1775 5114 1896 5168 Dio-

872 5209 1149 5266 cletianus.
1201 5208 1413 5263 Mediob
1453 5221 1519 5262 ex
1573 5205 1722 5260 Lact.
1756 5205 1887 5262 Vide

877 5301 1038 5354 etiam
1063 5298 1283 5369 Pagium
1311 5297 1367 5352 Il.
1396 5311 1448 5350 a.
1470 5310 1599 5350 num
1632 5294 1684 5350 2.

950 5389 1046 5444 Ilis
1069 5403 1190 5444 coss
1213 5386 1574 5442 Diocletianus
1595 5401 1886 5455 purpuram

884 5477 1227 5542 Nicomediae,
1280 5476 1634 5532 Maximianus
1689 5475 1889 5532 Medio-

877 5567 987 5624 lani
1025 5568 1298 5637 deponunt
1342 5565 1590 5622 abdicato
1634 5565 1880 5636 imperio,

878 5672 937 5717 ut
966 5663 1020 5718 in
1066 5661 1209 5718 uotis
1241 5676 1343 5731 pag
1369 5659 1494 5728 258,
1521 5659 1675 5729 juxta
1719 5660 1885 5716 Eusc-

1995 423 2133 475 Αηηὶ
2193 427 2248 485 Λ
2339 425 2475 478 Αιιηὶ
2565 423 3002 486 Christianorum,
3042 424 3346 477 Juda'orum
3370 437 3416 479 et

3717 312 3797 366 5‘32

3437 427 3559 494 ﬁni-
3644 430 3762 483 Anni

2620 495 2862 546 timorum
2885 494 3217 562 populorum,
3248 492 3547 562 Pontiﬁces,
3633 497 3762 549 ίεητ

2624 562 2809 633 Reges,
2843 579 2922 619 res
2947 573 3098 629 qestw
3118 573 3166 618 et
3187 564 3513 620 documenta.

2560 835 2685 892 huic
2711 851 2852 893 anno
2886 837 3206 909 alligandam
3236 841 3438 914 colligit
3460 843 3559 898 Pa-

2555 928 2674 999 gius
2693 943 2759 984 ex
2781 929 3015 998 Epistola
3035 931 3319 1004 Encyelica
3342 933 3398 990 S.
3415 935 3556 989 Ana-

2555 1021 2706 1076 stasii
2731 1029 2917 1078 contra
2943 1021 3174 1080 Arianos
3204 1043 3218 1080 :
3251 1039 3412 1096 quem
3435 1025 3553 1083 vide

2562 1111 2632 1166 ad
2667 1126 2796 1168 ann.
2825 1111 2951 1182 506,
2974 1128 3030 1170 n.
3049 1114 3140 1172 21.

2651 1449 2945 1508 Marcellini
2973 1453 3004 1507 7
3028 1461 3084 1508 et
3119 1455 3173 1509 8.

2646 1539 3006 1600 Diocletianus
3031 1559 3101 1600 ex
3130 1545 3401 1615 triumpho
3441 1544 3566 1601 Pcr-

2563 1630 2676 1686 sico
2725 1631 2911 1688 Romae
2967 1644 3090 1690 acto
3137 1634 3435 1691 hiematum
3486 1652 3568 1692 re-

2557 1722 2709 1778 diens
2755 1722 2808 1778 in
2866 1724 3171 1796 Bithyniam
3237 1726 3488 1782 incitatus
3535 1741 3566 1780 a

2556 1811 2902 1880 Maximiano,
2956 1829 3118 1884 quem
3167 1825 3343 1870 mater
3380 1826 3560 1871 contra

2554 1901 2888 1958 Christianos
2909 1903 3353 1971 inﬂammaverat,
3372 1916 3427 1962 et
3446 1922 3564 1962 scn-

2561 1995 2741 2048 tentiis
2758 1994 3020 2065 iudicum,
3043 2006 3100 2052 et
3127 2012 3388 2067 responso
3407 1997 3560 2069 Apol-

2553 2082 2681 2140 linis
2725 2084 2939 2152 Milesii,
2987 2089 3417 2156 pcr'sccutionem
3469 2090 3560 2143 ad-

2556 2189 2746 2232 versus
2773 2176 3106 2236 Christianos
3127 2180 3367 2235 decernit
3388 2181 3442 2234 in
3464 2196 3560 2235 an-

2556 2281 2687 2320 num
2729 2267 3054 2336 proximum.
3105 2270 3185 2324 Ex
3233 2269 3460 2326 Lactant
3501 2273 3564 2326 de

2564 2366 2708 2413 mort
2741 2369 3070 2427 persecutor.
3097 2360 3233 2418 Vide
3254 2360 3476 2432 Pagium
3496 2363 3561 2416 ad

2556 2461 2666 2504 ann
2689 2447 2817 2518 502,
2843 2464 2897 2503 n.
2925 2450 2979 2505 5.

2637 2986 2929 3045 Marcellini
2948 2989 2982 3047 8
3009 2997 3066 3046 ct
3093 2990 3147 3046 9.

2635 3095 2962 3139 PERSECUTIO
2991 3096 3186 3138 DECIMA
3212 3094 3497 3137 εςςιεειε.

2627 3168 2709 3226 Ab
2747 3172 3005 3242 Augustis
3050 3171 3282 3228 Senibus
3330 3169 3568 3225 Nicome-

2557 3261 2660 3317 diae
2685 3262 3019 3330 propositum
3054 3261 3286 3318 edictum
3320 3260 3408 3315 die
3437 3259 3565 3313 Ter-

2559 3351 2857 3418 minalium,
2889 3351 2943 3407 Il.
2992 3367 3041 3407 e.
3091 3367 3167 3406 vn
3215 3350 3310 3405 Kal
3353 3349 3570 3406 Martias

2563 3443 2896 3500 Diocletiano
2915 3443 3104 3510 octies,
3132 3442 3455 3499 Maximiano
3477 3457 3562 3498 se-

2551 3536 2692 3606 pties
2712 3551 2833 3591 coss
2856 3534 3127 3608 [Lactant]
3150 3544 3205 3591 et
3225 3550 3409 3590 mense
3433 3533 3565 3588 Mar-

2565 3626 2638 3682 tio
2687 3626 2740 3681 in
2794 3626 2982 3683 diebus
3040 3626 3260 3681 Pascha:
3315 3625 3565 3680 Ecclesiae

2563 3717 2833 3773 subversae
2883 3728 3011 3775 sunt
3047 3719 3342 3774 secundum
3371 3717 3547 3772 Antio-

2553 3811 2753 3862 chenos
2775 3823 2914 3864 anno
2943 3808 3065 3863 551.
3094 3806 3343 3880 [Euseb.]
3374 3807 3562 3878 quibus

2555 3896 2872 3966 astipulatur
2917 3897 3133 3951 oldatius
3189 3896 3274 3951 bis
3311 3880 3459 3952 coss.
3507 3895 3561 3949 In

2558 3989 2735 4045 edicto
2753 3988 3028 4058 legebatur
3050 4003 3065 4042 :
3090 3986 3158 4042 Ut
3183 4004 3358 4042 omnes
3381 3987 3562 4056 ubique

2556 4083 2912 4138 Ecclesiarum
2971 4083 3227 4138 antistites
3288 4085 3442 4138 vincti
3512 4084 3562 4136 in

2553 4189 2810 4227 carcerem
2846 4171 3196 4227 truderentur.
3236 4171 3414 4228 Euseb
3456 4172 3558 4226 hist

2551 4263 2625 4320 lib
2647 4281 2766 4331 vm,
2799 4279 2848 4320 c.
2880 4262 2933 4319 6.

2606 4375 2900 4433 Marcellini
2937 4376 2992 4443 9,
3036 4374 3274 4430 Marcelli
3303 4376 3357 4429 1.
3408 4373 3585 4429 Perse-

2553 4469 2784 4525 cutionis
2819 4470 2874 4523 2.

2614 4559 2953 4616 Marcellinus
2982 4575 3103 4614 cum
3133 4562 3359 4616 sedisset
3388 4558 3541 4612 annis

2548 4651 2605 4716 8,
2635 4665 2787 4704 mens
2832 4649 2887 4716 2,
2937 4649 3059 4704 dieb
3101 4649 3194 4715 25,
3244 4649 3560 4718 martyrium

2563 4743 2796 4813 complet
2820 4744 2904 4800 die
2935 4743 3019 4797 16.
3048 4742 3222 4796 Martii
3248 4742 3305 4796 h.
3332 4757 3382 4795 a.
3409 4756 3513 4810 quo
3534 4755 3562 4792 a

2559 4831 2818 4887 Passione
2852 4833 3127 4887 Dominica
3163 4840 3310 4886 recte
3333 4845 3554 4899 compuc

2558 4930 2740 4976 tantur
2782 4922 2905 4975 anni
2955 4920 3080 4985 276,
3125 4921 3303 4975 minus
3347 4919 3470 4976 dicb
3512 4919 3562 4975 9.

2566 5012 2702 5067 Vide
2735 5020 2889 5067 notas
2917 5026 3019 5082 pag
3054 5010 3159 5065 257
3185 5019 3240 5067 et
3263 5011 3392 5066 258.

2622 5102 2942 5158 Maneeues
2963 5101 3176 5172 eligitur
3199 5114 3479 5158 successor
3508 5109 3562 5156 et

2552 5193 2830 5247 ordinatur
2842 5193 3122 5263 episcopus
3137 5193 3224 5248 die
3254 5193 3446 5248 Domin
3464 5191 3553 5245 21.

2548 5288 2697 5352 Maii,
2725 5302 2790 5342 ex
2819 5303 2922 5356 qua
2967 5287 3106 5342 sedit
3133 5301 3304 5356 usque
3333 5285 3401 5340 ad
3427 5286 3561 5340 diem

2507 5365 2510 5368 ’
2547 5378 2635 5433 16.
2675 5377 2915 5432 Januarii
2959 5378 3085 5432 anni
3134 5376 3261 5439 210,
3294 5389 3462 5430 annos
3506 5390 3556 5434 ν,

2548 5483 2701 5523 mens
2727 5483 2824 5532 vn,
2860 5468 2973 5525 dies
2993 5483 3121 5525 xxv.
3153 5466 3282 5525 Vide
3311 5475 3469 5524 notas
3493 5463 3559 5519 ad

2550 5555 2875 5612 Marcellum.

3619 565 3796 624 Christi.

3662 1453 3746 1510 502

3658 2987 3740 3042 305

3647 4460 3737 4514 Bis:
