3918 6316
638 373 742 429 595
1358 373 1449 430 AD
1488 374 1929 430 ANASTASIUM
1971 374 2479 431 PROLEGOMENA
2518 376 2693 432 EDIT.
2736 375 3154 432 ROM.—VATIC.
3749 377 3819 432 596

700 481 835 534 Anni
922 479 1270 548 Imperatores
1303 523 1316 546 ,
1372 481 1621 538 Consules
1675 483 1937 539 Romano-
2008 485 2146 538 Anni
2241 490 2293 550 Α
2389 486 2528 540 Anni
2599 486 3038 550 Christianorum,
3067 486 3374 540 Judworum
3399 497 3446 541 et
3477 487 3602 550 ﬁni-
3666 486 3777 541 Anni

665 551 790 627 fer.
963 565 1099 614 rum,
1127 566 1206 604 res
1239 562 1410 620 gestor,
1437 562 1485 606 et
1526 555 1854 609 documenta.
1995 551 2059 608 U.
2097 553 2159 610 C.
2356 555 2566 627 Olymp.
2662 558 2907 627 timorum
2935 556 3264 625 papulorum,
3296 551 3598 625 Pontiﬁces,
3645 557 3786 627 _£r¢

663 619 777 673 Jul;
831 688 862 698 η
1244 619 1251 620 ί
2006 636 2126 679 ante
2426 619 2445 626 ⁷
2510 619 2521 627 ’
2662 626 2842 698 Reges,
2873 619 2951 682 res
2977 619 3133 697 g'estm
3157 637 3204 680 et
3227 619 3594 680 documentaf
3631 624 3801 682 Christi.

662 700 710 745 et
731 688 880 766 egeli.
1982 705 2032 766 et
2057 704 2172 766 post

723 761 840 820 tu»
1008 830 1035 834 _
1276 831 1301 834 _
1450 833 1455 834 ν
1994 761 2156 818 Pam.

2024 761 2156 818 tam.
2425 765 2428 768 ’
2828 821 2861 834 μ
3233 829 3243 834 _
3415 828 3426 834 _
3559 821 3571 832 ,

992 830 1124 885 Post
1153 849 1228 886 γι.
1261 831 1602 886 Consulatum
1628 834 1927 889 Constantii

2599 837 2662 876 ea
2713 821 2932 877 nitidius
2979 829 3336 890 exponentem
3380 828 3434 876 et
3491 821 3604 876 suis

918 931 972 976 et
991 920 1319 976 Maximiani.
1343 923 1476 978 Vide
1498 932 1669 978 notas.

2603 911 2932 982 temporibus
2957 911 3340 981 assignantem,
3354 911 3608 964 contesti-

987 1011 1226 1082 Justejus
1256 1012 1515 1068 Tertullus
1550 1014 1610 1068 P.
1645 1013 1706 1069 V.
1748 1032 1799 1070 Vl
1834 1017 1934 1072 Kal
2601 1001 2702 1057 bus
2725 1002 2981 1066 nummis.
3006 1017 3128 1055 cum
3150 1000 3358 1056 M8di0b
3377 1000 3610 1055 Melan-

919 1103 1193 1174 Septemb.
2599 1090 2698 1148 der
2725 1091 2922 1146 Africae
2958 1090 3238 1160 Tyrannus
3266 1089 3491 1145 Mediob.

989 1195 1378 1254 Constantinus
1415 1202 1699 1254 Asancum
1726 1207 1781 1254 ει
1813 1199 1939 1255 Gai,
2668 1179 2909 1235 Licinius
2923 1179 3144 1235 Carnuti
3168 1181 3222 1234 in
3246 1179 3522 1234 Pannonia
3543 1180 3597 1234 5.

919 1301 1107 1343 sonem
1168 1287 1501 1344 Francorum
1579 1305 1732 1360 reges
1796 1291 1938 1347 inter

2607 1271 2685 1341 ld.
2717 1271 2831 1327 Nov
2851 1288 2883 1330 a
2907 1271 3006 1326 Gal
3031 1271 3354 1326 Maximiano
3383 1285 3599 1327 consors

916 1378 1161 1436 Saxones
1200 1390 1254 1437 et
1295 1381 1620 1437 Alamannos
1648 1391 1834 1452 captos
1860 1377 1940 1439 in.-

2607 1363 2822 1432 lmperii
2893 1363 3085 1420 tactus.
3141 1362 3252 1433 Pag
3300 1379 3355 1417 n.
3409 1362 3496 1428 14,
3547 1369 3599 1418 et

924 1469 1160 1537 terﬁcit,
1237 1483 1293 1526 et
1361 1471 1558 1526 Fausta
1627 1451 1936 1529 Maximiani

1290 1512 1293 1524 .
1361 1471 1558 1526 Fausta
1627 1451 1936 1529 Maximiani
2611 1451 2837 1510 Mediob.

919 1558 1155 1616 Herculii
1200 1561 1310 1615 ﬁlia
1359 1578 1525 1616 uxore
1574 1561 1813 1620 Treviris
1844 1564 1942 1619 du-

922 1659 1030 1719 cta,
1087 1654 1356 1724 Augustus
1411 1656 1727 1726 appellatur.
1789 1657 1940 1712 Zosi-

924 1760 1064 1810 mus,
1119 1753 1175 1800 et
1222 1761 1287 1801 ex
1332 1762 1396 1803 eo
1438 1747 1694 1819 Lydiatus
1743 1749 1939 1820 duplex

922 1834 1136 1888 initium
1185 1835 1393 1906 imperii
1421 1835 1761 1893 Constantini
1792 1839 1845 1893 11.
1879 1856 1930 1894 a.
2244 1826 2295 1889 Β

925 1925 1280 1996 distinguens,
1306 1935 1359 1980 et
1380 1926 1654 1984 Maxentii.
1679 1929 1782 1984 Sed
1813 1930 1934 1984 vide

921 2015 1032 2086 Pag
1061 2018 1126 2073 ad
1148 2033 1255 2073 ann
1282 2019 1408 2084 506,
1445 2037 1535 2074 nu.
1569 2021 1620 2085 9,
1653 2031 1708 2075 et
1731 2037 1847 2090 seq.
2428 2031 2463 2069 ιι

2428 2031 2485 2069 ιιι
2675 2015 3094 2074 Μειοουίιιθιῦ.
3141 2017 3533 2074 Persecutionis
3554 2018 3603 2072 6.
3695 2015 3774 2072 308

674 2103 809 2162 502i
985 2105 1780 2181 lmpConstantinusAugtr.p.
1807 2110 1861 2177 2,
1883 2109 1939 2176 5,
2015 2108 2151 2164 1060
2429 2123 2481 2161 tv
2672 2107 2777 2162 Sex
2809 2107 3033 2177 Augusti
3057 2109 3115 2162 ιι.
3140 2123 3189 2162 a.
3220 2108 3439 2163 fuerunt
3476 2108 3608 2162 Her-
3673 2106 3780 2160 Bisi.

674 2194 728 2260 9,
771 2195 805 2250 5
926 2211 992 2250 ex
1024 2196 1111 2250 die
1139 2196 1210 2251 25
1237 2196 1386 2262 Julii,
1417 2212 1510 2253 cos
1543 2199 1651 2269 imp
1678 2199 1734 2254 4.
2013 2197 2142 2256 1061
2605 2200 2784 2256 culeus
2808 2241 2824 2266 ,
2873 2197 3112 2255 Galerius
3137 2240 3152 2266 ,
3209 2199 3572 2255 Constantinus
3593 2241 3608 2267 ,

680 2283 734 2342 ο
753 2285 794 2341 C
995 2285 1109 2357 Imp
1127 2286 1223 2342 Gal
1247 2287 1530 2342 Maximian
1559 2298 1629 2344 tr.
1645 2305 1699 2360 p.
1723 2290 1812 2355 16,
1845 2289 1933 2354 17,
2603 2291 2927 2346 Maximinus
2951 2331 2966 2357 ,
3031 2290 3333 2346 Maxentius
3385 2301 3432 2345 et
3484 2290 3616 2344 Lici-

923 2392 989 2431 ex
1013 2377 1100 2432 die
1126 2376 1190 2430 21
1215 2377 1365 2446 April
1392 2393 1484 2434 cos
1507 2395 1578 2434 vn
1602 2379 1711 2450 imp
1735 2380 1802 2436 l9
1821 2394 1942 2436 coss
2602 2384 2739 2437 nius.
2797 2381 2927 2437 Vide
2973 2381 3100 2452 Pag.
3156 2381 3224 2437 ad
3279 2397 3480 2437 annum
3516 2380 3612 2438 507

922 2481 1058 2536 quos
1087 2467 1194 2521 DD.
1221 2465 1332 2520 NN.
1359 2468 1476 2537 Aug
1498 2466 1778 2535 iusserint.
2603 2489 2656 2528 n.
2695 2489 2749 2529 γι

927 2591 1061 2646 COSS
1101 2556 1702 2646 illuxitt‘ui‘ahllerc’uleus
1723 2559 1850 2646 ‘Aug
1882 2577 1935 2615 x.
2679 2567 2777 2622 Die
2801 2567 3079 2623 Dominica
3100 2567 3172 2622 25
3193 2567 3318 2623 Maii
3346 2569 3617 2623 ordinatur

1101 2625 1214 2696 lmp
1228 2625 1327 2680 Gal
1343 2627 1698 2684 Maximianus
1711 2625 1934 2699 Aug'vn.

990 2717 1048 2772 In
1073 2717 1204 2773 orbe
1230 2717 1363 2771 llom
1387 2735 1477 2772 seu
1502 2719 1680 2774 Decies
1697 2730 1742 2774 et
1768 2720 1939 2775 Maxi-

920 2824 1148 2864 mtanus.

2603 2657 2888 2728 episcopus
2937 2659 3217 2724 Eusebius,
3275 2668 3333 2712 ut
3387 2658 3613 2713 vicarius

2608 2748 2680 2830 sit
2726 2747 3100 2817 Marcelli,pex
3144 2763 3250 2818 quo
3287 2758 3529 2818 tempore
3559 2747 3619 2801 ad

2548 2897 2556 2902 ,
2603 2839 2745 2894 diem
2790 2839 2982 2895 mortis
3027 2840 3092 2892 17
3138 2839 3366 2910 Augusti
3399 2840 3525 2894 anni
3549 2855 3619 2893 se-

991 2897 1046 2950 ln
1075 2898 1224 2952 Italia
1259 2898 1560 2955 Maxentius
1596 2901 1715 2972 Aug
1741 2910 1795 2956 et
1836 2901 1941 2956 llo-

2605 2931 2763 2984 cundi
2810 2939 2925 3000 post
2967 2897 3293 2986 consulatuum
3335 2946 3371 2984 ι
3420 2939 3477 2986 et
3519 2946 3607 2991 vn.

923 2987 1126 3092 multis:
1233 3081 1270 3092 η
1324 3084 1345 3092 η
1457 3081 1493 3092 .,
1562 3083 1604 3092 ,,
1788 3085 1800 3092 ,
2609 3041 2706 3081 seu
2727 3025 2926 3080 Christi
2948 3025 3052 3079 9.10
3073 3027 3344 3080 suntanni
3367 3041 3408 3080 ιι
3441 3040 3603 3080 mens.

989 3079 1191 3137 Statius
1227 3081 1402 3149 Ruﬁn.
1448 3081 1513 3137 P.
1560 3083 1624 3136 U.
1667 3101 1731 3140 ex
1769 3085 1820 3138 d.
1867 3101 1942 3140 vn

922 3171 1021 3226 Kal
1039 3171 1178 3243 Aug.
2243 3171 2288 3232 C

2609 3132 2647 3170 ιι
2703 3115 2818 3171 dies
2864 3132 2970 3170 xxv
3001 3117 3054 3171 in
3092 3117 3317 3187 picturis
3361 3117 3423 3172 S.
3471 3115 3613 3170 Pauli

2243 3171 2288 3232 C
2605 3207 2797 3243 cimini:
2850 3208 2982 3243 Villa
3013 3219 3166 3243 unum
3195 3209 3258 3243 ml
3287 3205 3593 3243 Mnrmllnm

991 3205 1021 3225 "
1039 3205 1178 3243 ⁵¹¹³⁵⁶
1554 3265 1565 3276 ,
1704 3265 1715 3276 ,
2243 3205 2288 3232 ¹⁴
2605 3207 2817 3282 signati.
2850 3208 2982 3263 Vide
3012 3219 3168 3263 notas
3195 3209 3260 3262 ad
3287 3205 3612 3264 Marcellum.

991 3262 1070 3316 Ex
1099 3262 1242 3318 Urbe
1270 3279 1301 3318 a
1334 3264 1604 3321 Maxentio
1642 3264 1754 3320 ﬁlio
1792 3264 1940 3334 fuga-

925 3360 1016 3404 tur
1055 3350 1410 3408 Maximianus
1439 3354 1734 3410 Herculeus
1760 3363 1932 3424 pater.

925 3443 1138 3499 Mediob
1162 3455 1214 3498 et
1258 3444 1367 3515 Pag
1395 3447 1461 3502 ad
1508 3447 1563 3500 ll.
1598 3462 1648 3500 a.
1681 3463 1734 3501 n.
1782 3463 1832 3501 v.
1876 3463 1942 3502 ex

927 3534 1225 3590 Lactantio.

992 3625 1271 3692 Bruteros,
1299 3627 1635 3696 Vangiones,
1682 3627 1938 3682 Alaman-

925 3731 1046 3782 nos,
1061 3717 1337 3773 Tubantes
1349 3718 1934 3791 Constantinusjvincit.

925 3805 1153 3862 Mediob.

995 3897 1108 3968 Imp
1144 3899 1526 3956 Constantinus
1557 3901 1674 3971 Aug
1707 3909 1774 3955 tr.
1802 3916 1856 3971 p.
1881 3901 1936 3968 5,
2012 3901 2142 3957 1061
2350 3893 2558 3964 Ulymp.
2666 3893 2899 3951 Marcelli
2922 3896 2956 3951 5
2979 3904 3032 3952 et
3054 3895 3107 3952 6.
3146 3895 3539 3951 Persecutionis
3556 3896 3604 3949 7.
3693 3887 3769 3942 309

680 3983 824 4040 5022
930 3987 964 4039 4
997 4002 1061 4041 ex
1089 3989 1174 4042 die
1203 3989 1293 4052 25,
1311 3989 1436 4043 Julii
1466 4005 1559 4045 cos
1587 3991 1698 4060 imp
1725 3991 1778 4044 4,
2011 3992 2149 4046 1062
2389 3983 2490 4037 271
2664 3984 2721 4038 In
2748 3983 2966 4040 Oriente
2995 3986 3297 4055 persecutio
3318 3986 3488 4041 saevit.
3513 3985 3609 4038 lle-

679 4076 822 4144 10,6
996 4079 1108 4149 Imp
1128 4079 1225 4134 Gal
1247 4079 1602 4135 Maximianus
1617 4080 1732 4151 Aug
1753 4090 1822 4136 tr.
1849 4092 1940 4152 pot
2416 4090 2470 4129 tv
2601 4077 2708 4130 fert
2748 4075 3011 4132 Eusebius
3041 4077 3132 4131 lib.
3155 4091 3253 4130 vui
3281 4076 3411 4131 hist.
3444 4091 3491 4130 c.
3521 4075 3605 4130 25.

713 4164 762 4222 B
928 4171 1010 4232 17,
1043 4169 1109 4223 18
1132 4185 1225 4226 cos
1246 4186 1316 4224 vn
1343 4171 1451 4239 imp
1481 4169 1563 4223 19.

2347 4180 2392 4224 et
2409 4167 2535 4222 272.
2603 4166 2804 4224 Urbem
2853 4167 3122 4237 integram
3167 4167 3222 4221 in
3275 4166 3504 4237 Phrygia
3549 4164 3611 4219 ob

1001 4261 1135 4315 cess
1195 4268 1351 4314 extra
1413 4260 1619 4315 Italiam
1691 4263 1746 4315 in
1812 4262 1942 4317 orbe
2605 4259 2970 4314 Christianam
3008 4259 3165 4314 ﬁdem
3196 4273 3317 4314 esse
3361 4257 3602 4314 delatam.

924 4352 1185 4405 Romano.
2603 4347 2790 4405 Petav.
2821 4349 2888 4406 ad
2923 4349 2980 4405 h.
3008 4364 3058 4403 a.

996 4439 1121 4492 Post
1139 4440 1461 4492 consulatum
1481 4456 1511 4494 x
1528 4451 1577 4495 et
1603 4458 1672 4494 vn
1691 4441 1934 4498 Herculei

925 4537 979 4585 et
1004 4528 1122 4585 Gal.
2246 4513 2302 4577 Β

997 4619 1052 4672 In
1089 4618 1238 4674 Italia
1271 4622 1369 4675 sub
1421 4621 1691 4678 Maxentio
1727 4623 1941 4680 Maxen-

927 4708 1034 4764 tius
1061 4723 1102 4762 ιι
1136 4715 1190 4762 et
1216 4709 1472 4763 Romulus
1496 4725 1552 4763 ιι.

996 4799 1240 4854 Aurelius
1294 4798 1642 4869 Hermogenes
1674 4800 1739 4854 P.
1772 4800 1835 4855 U.
1871 4817 1938 4857 ex

930 4888 1135 4944 Kalend
1173 4887 1457 4944 Novembr.

991 4977 1350 5034 Maximianus
1411 4978 1702 5035 Herculeus
1739 4980 1932 5035 iterum

926 5074 1069 5145 apud
1095 5073 1508 5130 Constantinum
1533 5074 1774 5143 deposita
1813 5088 1936 5142 pur-

921 5181 1054 5236 pura
1083 5165 1262 5236 regias
1293 5180 1423 5236 opes
1461 5167 1690 5222 obtinet.
1731 5165 1933 5222 Medio-

921 5257 1078 5313 bard.

676 5335 821 5394 5023
941 5312 944 5313 ν
996 5336 1110 5408 Imp
1155 5338 1537 5394 Constantinus
1564 5339 1679 5411 Aug
1707 5347 1778 5394 tr.
1808 5354 1863 5409 p.
1903 5338 1938 5393 4
2010 5336 2146 5392 1062

2441 5351 2457 5387 ι
2676 5331 2915 5388 Marcelli
2947 5330 2998 5386 6.
3015 5327 3414 5386 Persecutionis
3439 5327 3495 5384 8.
3517 5324 3617 5382 Eu-
3692 5312 3770 5376 510

678 5427 815 5494 11,7
923 5434 978 5483 et
1011 5424 1046 5482 5
1074 5441 1139 5483 ex
1167 5427 1252 5482 die
1279 5428 1350 5482 25
1388 5427 1514 5484 Julii
1536 5443 1630 5484 cos
1675 5429 1785 5498 imp
1808 5427 1843 5483 5
1875 5435 1932 5483 et
2005 5426 2144 5483 1065

1680 5429 1785 5498 imp
1808 5427 1843 5483 5
1875 5435 1932 5483 et
2005 5426 2144 5483 1065
2424 5439 2461 5479 ιι
2595 5422 2728 5479 sebii
2757 5430 2811 5476 et
2840 5421 3154 5477 Melcbiadis
3187 5437 3227 5475 ι.

729 5517 776 5573 Α
918 5519 1028 5591 imp
1049 5517 1149 5576 Gal
1173 5519 1530 5578 Maximianus
1548 5519 1665 5592 Aug
1686 5530 1757 5576 tr.
1787 5537 1841 5593 p.
1869 5520 1935 5576 18
2662 5512 2944 5569 Marcellus
2994 5511 3313 5583 martyrium
3360 5523 3608 5566 consum-

935 5611 1001 5667 19
1027 5627 1095 5667 ex
1121 5611 1176 5668 d.
1208 5613 1272 5668 2i
1306 5612 1456 5684 April
1482 5628 1605 5669 coss
1630 5613 1662 5666 7
1687 5612 1817 5683 imp.
2598 5612 2712 5660 mat
2737 5603 2824 5658 die
2870 5617 2960 5657 xvi
3003 5600 3244 5656 Januarii
3273 5615 3381 5670 qua
3416 5599 3606 5654 colitur

993 5699 1127 5759 Coss
1145 5711 1298 5760 extra
1323 5702 1529 5760 Italiam
1574 5703 1628 5759 in
1657 5701 1786 5760 orbe
1823 5702 1930 5758 Ro-
2599 5709 2720 5748 cum
2741 5692 2965 5748 sedisset
2984 5706 3111 5746 ann.
3144 5705 3177 5744 v
3203 5703 3376 5744 mens.
3403 5703 3474 5742 vu
3501 5687 3609 5741 dies

913 5807 1091 5848 manu.
2600 5798 2722 5838 xxv.
2757 5780 2887 5837 Vide
2915 5790 3070 5837 notas
3099 5781 3161 5836 ad
3185 5777 3515 5834 Marcellum.
3602 5803 3604 5805 >
