3918 6316
596 309 711 380 399

1317 331 1408 385 AD
1440 333 1881 414 ANASTASIUM
1922 338 2438 404 PROLEGOMENA
2476 352 2654 409 EDIT.
2692 355 3108 415 ROM.-VATIC.

3727 374 3804 426 650

674 436 816 492 Anni
888 437 1276 508 Imperatores,
1333 442 1582 501 Consules
1647 448 1908 505 Romano-
1980 452 2120 507 Anni
2214 509 2221 520 ε

674 505 775 545 por
981 524 1092 545 rum
1144 527 1224 545 ι-,η
1252 522 1403 545 ηΔοΙΜ
1441 526 1484 545 no
1517 517 1819 545 A-......-.....
1981 522 2021 545 ιτ
2072 523 2111 545 ιι

2214 461 2267 520 Α
2327 463 2502 545 “Anni
2573 468 3011 545 Christianorum,
3053 475 3572 545 Juda’orumetﬁni-
3637 480 3755 538 Anni

664 505 794 560 Per.

685 574 801 631 Jul.

633 655 682 699 et
711 644 863 715 cycli.

678 717 796 777 ΘΞ)

981 524 1119 577 rum,
1144 527 1224 565 res
1249 522 1423 582 gestw,
1437 526 1484 570 et
1514 517 1840 573 documenta.

890 856 1010 913 Kal.
1069 859 1387 918 Novembris
1438 865 1706 921 Maxentio
1760 868 1898 939 Aug.

891 950 959 1005 ad
989 949 1211 1006 Pontem
1238 952 1495 1019 Milvium,
1527 954 1902 1014 Constantinus

899 1053 1138 1095 MAXIMUS
1157 1039 1372 1108 dicitur,
1394 1052 1448 1098 et
1462 1044 1719 1113 Africam,
1737 1049 1903 1106 misso

880 1129 1054 1197 capite
1066 1128 1342 1196 Maxentii,
1356 1146 1656 1205 recuperat.
1673 1138 1902 1198 Mediob.

888 1230 954 1271 ex
983 1232 1134 1277 num.
1160 1227 1218 1274 et
1239 1220 1364 1276 hist.

678 1323 818 1382 5026
957 1327 1090 1400 lmp.
1130 1330 1512 1389 Constantinus
1530 1336 1666 1407 Aug.
1697 1347 1763 1393 tr.
1790 1355 1844 1410 p.
1871 1341 1903 1394 7

645 1415 826 1481 14,10
891 1428 946 1475 et
973 1420 1006 1477 8
1033 1437 1100 1477 ex
1125 1423 1211 1480 die
1248 1424 1317 1479 25
1363 1426 1486 1480 Julii
1515 1427 1636 1484 Cos.
1671 1431 1902 1504 m,lmp.

713 1506 780 1563 ι).
890 1525 922 1565 x
949 1520 1005 1566 et
1031 1527 1108 1566 ιιι.

959 1600 1094 1672 Imp.
1139 1603 1377 1660 Licinius
1413 1605 1550 1677 Aug.
1586 1615 1651 1662 tr.
1680 1625 1733 1679 p.
1769 1609 1805 1664 2
1842 1619 1897 1667 et

887 1689 942 1757 5,
972 1690 1095 1749 Cos.
1124 1709 1205 1749 ιιι.

1100 1805 1232 1876 Imp.
1295 1807 1676 1868 Constantinus
1729 1812 1896 1871 Maxi-
1968 1814 2108 1872 1065
2141 1794 2157 1814 ”
2203 1808 2253 1868 Β

1160 1891 1280 1932 mus
1317 1879 1450 1943 Aug.
1485 1897 1565 1934 ιιι.
1969 1887 2108 1943 1066

858 1869 1012 1928 COSS.
1100 1943 1118 1948 _
1160 1869 1282 1948 titus
1314 1879 1450 1948 Aug.
1485 1897 1565 1934 ιιι.

1099 1943 1230 2014 Imp.
1264 1943 1500 2006 Licinius
1527 1952 1664 2023 Aug.
1698 1969 1778 2008 ιιι.

957 2055 1181 2112 Reland.
1219 2073 1285 2114 ex
1308 2059 1345 2115 1.
1377 2061 1410 2116 5
1441 2062 1500 2118 C.
1546 2065 1589 2118 si
1613 2065 1905 2136 contraius

889 2157 923 2195 ν
952 2145 1112 2200 utilit.
1142 2148 1340 2217 public.
1372 2162 1428 2206 et
1459 2167 1526 2208 cx
1547 2153 1752 2224 legibus
1771 2155 1894 2227 plu-

887 2232 1037 2289 ribus
1071 2234 1282 2293 Codicis
1313 2237 1577 2298 Theodos.
1836 2233 1839 2236 ’

959 2327 1056 2384 llis
1105 2329 1257 2386 Coss.
1299 2348 1349 2388 v1
1413 2334 1488 2389 Id.
1542 2335 1890 2407 Septembris.

886 2414 1054 2486 Rufus
1088 2418 1402 2478 Volusianus
1430 2423 1495 2479 P.
1521 2423 1587 2480 U.

953 2507 1335 2567 Constantinus
1373 2528 1439 2568 ex
1465 2513 1614 2570 Italia
1645 2531 1896 2574 reversus

884 2598 1120 2656 Francos
1143 2600 1336 2670 fundit,
1365 2613 1418 2660 et
1437 2605 1779 2664 Germaniam
1803 2624 1896 2665 va-

890 2696 1020 2744 stat.
1049 2689 1282 2747 Medioh.
1312 2709 1378 2749 ex
1411 2711 1559 2750 num.
1583 2705 1639 2752 et
1666 2699 1798 2754 hist.

955 2777 1276 2838 Maximinus
1297 2798 1325 2837 a
1348 2778 1699 2842 Constantino
1720 2796 1775 2844 et
1800 2787 1892 2844 Li-

879 2867 1022 2924 cinio
1049 2872 1221 2928 victus
1247 2889 1454 2931 veneno
1496 2885 1729 2948 sumpto,
1776 2888 1890 2935 tru-

883 2957 1166 3028 cidataque
1195 2969 1542 3031 tyrannorum
1571 2967 1738 3037 stirpe
1763 2982 1892 3024 suas

892 3055 1073 3115 partes
1111 3059 1314 3115 secuta,
1346 3063 1608 3110 nocentem
1651 3057 1890 3126 spiritum

884 3137 1176 3192 detestabili
1195 3157 1379 3210 genere
1404 3145 1584 3200 mortis
1609 3147 1812 3218 efﬂavit.

955 3225 1202 3284 Caecilius
1223 3231 1290 3285 de
1316 3241 1476 3286 mort.
1507 3246 1719 3302 persee.
1751 3235 1888 3294 Vide

881 3311 1101 3386 Pagium
1120 3318 1187 3373 ad
1208 3333 1403 3376 annum
1424 3322 1548 3390 514,
1563 3340 1618 3378 ιι.
1641 3342 1693 3382 vr
1710 3335 1764 3382 et
1785 3343 1884 3385 xu.

667 3401 805 3457 5027
947 3405 1078 3478 lmp.
1125 3407 1507 3468 Constantinus
1539 3415 1678 3486 Aug.
1715 3427 1790 3474 tr;
1829 3433 1885 3489 p.

635 3489 816 3579 15,ᾼ11
879 3491 912 3549 8
933 3502 986 3548 et
1003 3494 1036 3548 9
1056 3509 1120 3550 ex
1149 3496 1236 3551 die
1255 3497 1324 3553 25
1346 3497 1472 3556 Julii
1491 3502 1614 3559 Cos.
1642 3519 1726 3572 ιιι,
1750 3505 1885 3579 Imp.

702 3577 763 3633 C.
877 3597 932 3636 xl
957 3591 1011 3638 et
1044 3599 1143 3640 xu.

945 3695 1079 3769 Imp.
1113 3699 1352 3760 Licinius
1377 3705 1512 3778 Aug.
1546 3716 1617 3762 tr.
1660 3725 1716 3782 p.
1756 3711 1790 3768 5
1829 3721 1886 3770 et
1956 3713 2095 3772 1066

874 3786 908 3841 4
933 3803 1000 3844 ex
1029 3791 1113 3846 die
1137 3792 1201 3848 21
1233 3795 1432 3865 Aprilis
1453 3799 1574 3854 Cos.
1609 3817 1688 3856 ιιι.

874 3935 878 3940 ,
1083 3879 1144 3936 C.
1171 3882 1420 3952 Cejonius
1446 3887 1616 3946 Rufus
1639 3889 1901 3951 Volusia-v

867 3967 1020 4027 Coss.
1145 3990 1249 4030 nus
1278 3993 1338 4032 ιι.

1081 4099 1098 4116 .
1121 4101 1135 4118 .
1163 4103 1179 4120 .
1209 4103 1223 4118 .
1253 4102 1269 4120 .
1297 4068 1550 4127 Arianus.

926 4150 1144 4210 Gruter.
1171 4156 1262 4222 28,
1291 4158 1325 4214 5
1368 4169 1423 4214 et
1449 4161 1573 4227 587,
1605 4164 1670 4229 5;
1709 4164 1874 4236 Spon.

871 4237 1096 4298 Miscell.
1119 4259 1175 4314 p.
1201 4244 1290 4311 90,
1331 4257 1460 4314 ctc.,
1487 4260 1542 4305 et
1565 4251 1711 4318 leges
1736 4257 1877 4326 apud

872 4327 1096 4387 Reland.
1125 4339 1184 4387 ut
1213 4333 1249 4387 Ι.
1271 4334 1305 4390 8
1330 4334 1391 4390 C.
1420 4338 1485 4392 de
1499 4338 1737 4408 judiciis,
1765 4353 1871 4399 etc.

935 4420 1124 4489 Ruﬁus
1159 4423 1472 4484 Volusianus
1507 4429 1574 4485 P.
1601 4430 1670 4488 Π.
1695 4449 1763 4488 ex
1799 4437 1866 4491 15

857 4505 975 4562 Kal.
1011 4509 1161 4581 Sept.

922 4597 1088 4656 Felici
1108 4601 1210 4658 hac
1228 4607 1431 4675 epocha
1445 4624 1593 4668 PACIS
1616 4628 1861 4672 BEDDITE

853 4705 1184 4752 cultissimis
1201 4713 1298 4768 per
1317 4701 1506 4758 iterata
1531 4707 1703 4762 edicta
1723 4710 1864 4765 Con-

851 4785 1074 4841 stantini
1101 4786 1318 4846 Maximi
1346 4803 1401 4848 et
1422 4794 1646 4863 Licinii,
1672 4815 1854 4868 perse-

854 4876 1130 4934 cutoribus
1147 4879 1403 4939 Ecclesia:
1425 4882 1572 4953 justo
1597 4888 1689 4945 Dei
1705 4889 1847 4959 judi-

854 4964 958 5037 cio,
983 4967 1260 5026 subversis
1282 5011 1298 5038 ,
1348 4988 1640 5048 eorumque
1689 4981 1858 5051 stirpe

856 5051 1034 5111 deleta
1069 5057 1424 5119 claudendam
1451 5081 1574 5122 esse
1616 5069 1861 5129 ducimus

844 5145 1017 5206 fauste
1039 5152 1437 5228 chronologiam
1457 5160 1676 5229 hujusce
1694 5165 1851 5225 tomi:
1899 5205 1903 5210 η

847 5239 913 5296 de
932 5255 1039 5312 qua
1070 5247 1273 5312 epocha
1323 5249 1394 5302 ita
1441 5252 1628 5306 scribit
1668 5252 1863 5325 Pagius

840 5331 908 5386 ad
937 5331 1078 5387 hunc
1110 5348 1307 5390 annum
1334 5338 1438 5392 5M
1469 5357 1523 5395 ιι.
1541 5358 1636 5397 xui
1664 5359 1680 5397 :
1715 5361 1736 5395 ι
1768 5345 1850 5401 Vi-

843 5429 932 5477 cto
962 5436 1106 5477 anno
1137 5423 1241 5478 515
1267 5425 1573 5495 Maximino,
1606 5433 1848 5490 instituta

839 5510 1189 5568 celeberrima
1217 5518 1418 5585 epocha
1445 5533 1476 5572 a
1506 5536 1635 5576 pace
1659 5538 1850 5580 eccm-

847 5615 944 5656 sue
974 5617 1204 5660 neum-rx
1235 5607 1470 5664 deﬁnita.
1500 5611 1627 5681 Ejus
1658 5617 1848 5670 memi—

843 5711 970 5753 nere
999 5699 1258 5758 Eusebius
1287 5705 1337 5759 in
1369 5706 1653 5777 Chronico,
1683 5722 1736 5767 et
1758 5727 1852 5768 au-

1977 522 2131 579 U.C.

1938 602 2061 647 ante
2094 605 2144 649 et

1932 673 2044 730 post
2061 663 2178 720 Pal.

1952 3805 2090 3863 1067

2322 533 2528 610 Olymp.

2630 540 2870 617 timorum
2893 545 3219 612 populorum,
3254 540 3553 617 Pontiﬁces,
3624 551 3755 605 ίΕιιτ

2636 609 2815 681 Reges,
2853 609 2932 668 res
2953 609 3110 684 gesta:
3149 626 3198 670 et
3221 609 3550 673 documenta.
3607 619 3783 677 Christi.

2563 865 2740 920 obitus
2761 865 2998 934 ejusdem
3023 869 3084 924 51
3111 867 3422 924 Decembris
3443 874 3563 926 anni

2565 954 2670 1010 555
2690 955 2861 1010 ﬂuunt
2879 959 3003 1012 anni
3031 975 3166 1012 xxm
3198 975 3368 1014 mens.
3396 977 3427 1013 x
3455 961 3567 1017 dies

2563 1060 2632 1098 xx
2675 1045 3036 1114 episcopatus,
3084 1047 3184 1116 ipsi
3226 1050 3466 1103 attributi
3510 1050 3562 1104 in
3613 1082 3616 1084 η

2553 1136 2686 1192 Pict.
2705 1137 2762 1193 S.
2780 1137 2948 1192 Pauli.
2964 1138 3095 1196 Vide
3107 1149 3263 1197 notas
3279 1142 3369 1198 ubi
3395 1157 3570 1212 supra.

2285 1331 2368 1388 οι.
2388 1332 2492 1388 272
2634 1334 2942 1393 Mclchiadis
2973 1339 3006 1394 5
3031 1350 3085 1395 et
3105 1341 3158 1395 4.

2366 1438 2420 1476 ιν
2633 1423 2882 1496 Synod'us
2921 1429 3162 1484 Romana
3206 1431 3470 1486 celebrata
3511 1432 3557 1486 iu

2315 1525 2363 1568 et
2387 1515 2494 1569 275
2565 1514 2722 1574 dom'o
2751 1518 2962 1575 Fausta:
2987 1521 3039 1575 in
3061 1521 3341 1578 Lateranis
3384 1531 3560 1577 contra

2402 1623 2419 1660 ι
2562 1609 2901 1681 ΒοηθιῙειίιεξ,
2930 1615 3249 1682 praesidente
3278 1615 3562 1671 Melchiade

2558 1698 2644 1753 die
2667 1699 2702 1752 2
2729 1698 2945 1755 Octobr.
2975 1701 3102 1757 Vide
3121 1713 3276 1758 notas
3295 1703 3385 1758 ubi
3407 1719 3559 1774 supra

2561 1805 2625 1846 ex
2649 1791 2872 1861 epistola
2903 1792 2960 1848 S.
2982 1795 3280 1864 Augustini.

2633 1879 2955 1939 Maximinus
2980 1894 3167 1940 contra
3218 1885 3480 1942 Licinium
3512 1896 3562 1944 et

2559 1971 2972 2030 Constantinum
3030 1991 3061 2032 e
3100 1979 3256 2049 Syria
3300 1995 3557 2043 movens.

2558 2070 2713 2131 pacta
2741 2061 2856 2118 Jovi
2882 2063 3172 2120 Christiani
3205 2068 3434 2122 nominis
3475 2084 3563 2124 ex-

2555 2154 2843 2212 stinctione
2868 2157 2913 2211 si
2942 2157 3116 2212 victor
3147 2160 3428 2225 evasisset,
3473 2176 3561 2216 oc-

2555 2262 2717 2302 cursu
2748 2247 2959 2314 Licinii,
2986 2250 3051 2304 ad
3073 2266 3262 2320 preces
3282 2253 3394 2308 Deo
3419 2269 3552 2308 sum-

2562 2353 2652 2394 mo
2667 2338 2963 2396 fundendus
2976 2357 3070 2411 per
3083 2342 3344 2414 Angelum
3362 2345 3490 2401 edoc
3501 2346 3555 2412 ti,

2565 2429 2780 2502 fugatur
2812 2440 2964 2487 extra
2990 2433 3257 2503 Europam
3286 2435 3384 2490 Kal
3411 2436 3555 2491 Maii:

2563 2519 2632 2574 Et
2662 2520 2856 2576 iterato
2880 2521 3064 2592 prtelio
3089 2523 3328 2578 vincitur
3354 2525 3422 2579 ad
3459 2524 3558 2595 Cy-

2555 2611 2719 2667 balim
2777 2629 2892 2668 vm.
2957 2615 3013 2669 Id
3051 2614 3267 2672 Octobr.
3322 2617 3562 2674 Victores

2557 2703 2939 2760 Constantinus
2966 2713 3021 2760 et
3045 2705 3281 2762 Licinius
3324 2709 3553 2763 edictum

2560 2793 2852 2850 secundum
2873 2811 3021 2851 PACIS
3041 2812 3302 2854 ECCI.ESI.£
3329 2800 3558 2869 promul-

2553 2894 2683 2954 gant
2716 2883 3021 2940 Mediolani.
3056 2886 3184 2942 Vide
3220 2887 3417 2944 Baron.
3460 2889 3560 2943 Me-

2556 2973 2915 3045 diob.etprze
2972 2979 3180 3034 caeteris
3234 2979 3456 3050 Pagium
3493 2995 3556 3035 ex

2553 3063 2835 3122 Lactantio
2848 3069 2915 3124 de
2931 3078 3071 3125 mort
3085 3082 3335 3141 persecut
3349 3073 3554 3144 singula

2555 3173 2655 3214 suo
2679 3159 2870 3216 ordine
2896 3172 3262 3219 recensentem
3310 3165 3374 3220 ad
3420 3165 3554 3220 hunc

2555 3261 2754 3302 annum
2782 3263 2911 3304 num
2937 3249 2972 3305 4
2996 3259 3049 3305 et
3076 3265 3193 3321 seq.

2405 3440 2425 3482 I
2623 3428 2931 3486 Melchiadis
2957 3431 3010 3485 4.
3042 3432 3323 3489 Sttvssrnt
3349 3451 3387 3490 ι.

2390 3532 2433 3574 ιι
2628 3519 2948 3578 Melchiades
2967 3524 3364 3595 obitdepositus
3384 3526 3546 3581 dictv.

2557 3609 2682 3666 Idus
2707 3611 2947 3668 Januarii
2985 3615 3037 3668 in
3095 3615 3340 3681 Callisti,
3393 3626 3450 3671 ut
3487 3619 3535 3672 in

2546 3715 2714 3772 opusc
2731 3704 2910 3771 quarti
2932 3704 3112 3759 smeuli
3133 3705 3185 3758 in
3208 3706 3542 3776 prolegomen

2543 3797 2601 3844 et
2621 3790 2676 3844 in
2701 3799 2913 3847 vetusto
2937 3791 3131 3866 lapide.
3164 3793 3324 3848 Tituli
3357 3795 3416 3849 S.
3445 3794 3542 3850 Sil-

2543 3879 2710 3935 vestri
2737 3880 2790 3934 in
2821 3881 2994 3951 capite
3019 3883 3389 3954 consignatur,
3418 3901 3534 3939 cum

2539 3969 2768 4026 sedisset
2792 3971 2860 4027 ab
2880 3971 3215 4028 ordinatione
3234 3975 3536 4044 episcopali,

2537 4074 2645 4131 qua
2667 4062 2920 4129 vicarius,
2939 4079 3040 4134 qua
3066 4065 3308 4135 pontifex
3334 4082 3438 4121 anu
3459 4084 3533 4128 ιιι,

2537 4166 2692 4210 mens
2737 4168 2814 4210 vn
2867 4155 2982 4212 dies
3031 4171 3126 4212 vn.
3152 4156 3325 4230 [Vide
3388 4169 3538 4214 notas

2533 4245 2630 4302 ubi
2660 4260 2844 4316 supra.

2608 4356 2918 4415 Serns'rea
2953 4359 3066 4431 jam
3108 4343 3387 4419 ordinatus
3430 4366 3532 4434 epi—

2532 4461 2726 4518 sc0pus
2766 4449 2821 4503 in
2867 4449 2972 4504 fine
2991 4453 3378 4519 persecutionis
3401 4469 3535 4508 anno

2531 4539 2639 4595 212
2653 4541 2738 4597 die
2752 4539 3092 4598 DominiciO.
3109 4543 3288 4607 Febr.,
3303 4561 3425 4600 cum
3439 4546 3536 4601 hoc

2533 4644 2676 4686 anno
2699 4631 2856 4686 sedes
2890 4641 3134 4688 vacasset
3155 4633 3270 4688 dies
3311 4649 3399 4688 xvr
3438 4633 3531 4705 [ut

2529 4719 2584 4775 in
2613 4720 2824 4794 catalog
2859 4730 2914 4778 et
2958 4724 3204 4796 biblioth]
3239 4739 3430 4795 nempe
3468 4726 3530 4780 ad

2535 4813 2674 4868 diem
2699 4813 2792 4870 25.
2821 4813 3026 4870 Ianuar
3069 4816 3158 4872 die
3195 4817 3266 4872 26
3312 4818 3522 4888 eligitur

2529 4918 2856 4972 successor,‘
2877 4914 2934 4960 et
2976 4907 3251 4963 Dominica
3281 4910 3521 4978 proxime

2519 5007 2809 5054 consecuta
2837 4997 2926 5052 51.
2955 4996 3196 5054 Januarii
3234 4999 3520 5056 collocatur

2522 5088 2578 5144 in
2613 5089 2806 5145 throno
2834 5089 2978 5145 sedis
3002 5090 3327 5159 apostolicae,
3367 5105 3522 5160 quam

2523 5185 2668 5232 tenet
2687 5178 2845 5234 annis
2863 5195 2956 5233 XXI
2971 5195 3123 5235 mens
3139 5180 3264 5235 xuin
3286 5180 3524 5249 catalogo

2515 5263 2802 5322 Liberiano
2829 5268 3096 5338 expressis
3120 5283 3288 5339 usque
3339 5269 3408 5323 ad
3454 5269 3514 5323 51

2515 5354 2778 5412 Decembr
2793 5356 3097 5413 Constantio
3119 5369 3168 5413 et
3189 5359 3376 5416 Albino
3399 5373 3516 5414 coss

2518 5444 2731 5518 [nempe
2756 5448 2822 5502 ad
2849 5450 2991 5504 diem
3040 5465 3345 5519 supremam
3391 5450 3511 5504 anni

2515 5537 2640 5594 555.
2669 5539 2812 5595 Aine
2838 5540 3036 5598 Christi
3065 5545 3303 5599 omnium
3357 5545 3512 5597 chro-

2512 5629 2826 5700 nologorum
2871 5647 3132 5690 consensu
3155 5637 3223 5690 ad
3269 5635 3509 5689 eumdem

2493 5734 2688 5776 annum
2722 5723 3154 5795 pertinentibus]
3185 5735 3239 5779 et
3259 5726 3324 5780 ab
3369 5725 3506 5780 ordi-

3627 1342 3717 1398 515

3619 3431 3700 3486 511
