3914 6318
109 300 217 368 609
1033 303 1705 379 cunonoﬁconsun

1760 325 1832 381 ΞΤ
1868 327 2041 384 ΕΑΞΞ.
2084 332 2273 395 ΒΟΜη
2318 335 2469 391 ETC.

163 428 330 501 ᾼηηί
401 428 768 501 Imperatores,
829 432 1079 489 Consules
1135 436 1401 491 Romnno-
1488 439 1625 492 Anni

104 528 105 561 y
174 497 304 573 Per.
460 497 595 568 rum,
618 519 696 556 res
721 514 896 573 gestw,
919 515 965 558 et
996 506 1322 562 documenta.
1481 507 1549 561 U.
1580 508 1640 562 C.

177 565 297 622 Jul.
440 616 443 619 .
580 565 590 568 ⁷
721 565 742 572 ⁷
878 565 892 573 ’
1324 618 1329 621 .
1463 592 1583 631 ante
1604 588 1652 631 et

138 647 187 690 et
232 635 261 691 Ι
267 639 343 693 nd
350 677 366 695 .
586 704 601 717 ι
1436 657 1548 717 post
1564 646 1683 702 Pal.

3254 349 3357 407 010

1721 446 1776 506 Α
1808 443 1973 519 “Anni
2078 444 2516 519 Christianorum,
2544 451 2849 507 Iudaeorum
2878 466 2925 510 et
2952 457 3072 518 ﬁni.
3150 462 3287 519 Anni

1799 509 2006 582 Olymp.
2124 517 2367 593 timorum
2397 509 2726 587 pepulerunt,
2753 509 3057 593 Pontifices,

2114 583 2297 655 Reges,
2333 583 2411 641 res
2433 583 2589 658 gesta:
2616 602 2663 646 et
2685 583 3012 650 documenta.
3045 583 3056 593 ’
3122 596 3318 654 Christi

2075 850 2234 903 resim
2262 851 2498 906 damnat.
2527 852 2701 923 Cmpit
2726 872 2819 911 xm
2842 858 2937 913 Kal
2958 858 3064 915 Jul.

2064 949 2119 994 et
2146 940 2384 996 absoluta
2413 954 2495 997 est
2524 960 2617 997 vm
2648 946 2742 999 Kal
2776 949 2923 1019 Sept.

2135 1029 2408 1100 Sylvcstcr
2435 1034 2614 1088 missis
2641 1037 2705 1088 ad
2746 1054 2804 1094 se
2857 1040 3068 1095 concilii

2064 1120 2296 1176 decretis
2366 1134 2551 1178 coacta
2613 1125 2799 1183 Romzc
2862 1132 3075 1200 synodo

2060 1212 2306 1279 probavit
2332 1230 2448 1283 qum
2474 1216 2525 1270 in
2553 1217 2645 1273 illo
2656 1229 2803 1289 gesta
2831 1210 3061 1284 fuerant.

2058 1304 2232 1360 Baron
2281 1308 2347 1361 ad
2379 1308 2432 1362 h.
2470 1325 2521 1363 a.
2560 1328 2613 1364 ιι.
2652 1313 2745 1366 171
2781 1321 2834 1366 ct
2860 1314 2982 1378 199,
3013 1324 3067 1369 et

2058 1394 2307 1451 Petavius
2356 1399 2454 1453 sub
2484 1400 2641 1455 linem
2670 1404 2861 1473 synodi
2889 1404 3060 1462 Nicas-

2057 1503 2161 1542 naa.
2207 1488 2589 1547 Constantinus
2644 1493 2712 1547 Μ.
2741 1494 3059 1551 Vicennalia

2055 1576 2377 1635 Nicomedia:
2392 1581 2882 1639 cciebravit.Euseb
2894 1584 2967 1639 lib
2979 1601 3052 1650 tv,

2054 1682 2154 1736 cap
2179 1670 2263 1733 11,
2281 1669 2387 1724 hist
2413 1678 2467 1725 et
2489 1671 2543 1725 in
2571 1672 2741 1727 chron
2768 1673 2914 1731 etde
2943 1674 3054 1729 vita

2056 1755 2221 1814 Const
2240 1757 2313 1813 lib
2340 1775 2421 1825 ιιι,
2452 1773 2551 1828 cap
2579 1760 2662 1816 14-.

403 847 523 902 alia:
539 850 677 918 apud
697 849 922 906 Reland.
946 853 1140 923 Pagius
1158 868 1224 908 ex
1253 853 1402 909 libel-
1889 861 1907 902 ι

406 936 458 990 1ο
485 938 552 991 de
576 937 721 992 Praef
749 939 877 995 Urbi
909 956 1028 998 coss
1060 942 1274 997 nomina
1296 943 1405 999 col-

401 1026 559 1094 ligit:
592 1028 802 1083 Anicius
846 1028 1127 1098 Paulinus,
1176 1042 1225 1086 et
1271 1033 1399 1087 Ani-

394 1118 507 1171 cius
532 1117 781 1174 Julianus
795 1160 808 1174 .

456 1210 603 1265 Praef
626 1212 755 1267 Urbi
802 1215 999 1270 Acilius
1033 1217 1253 1276 Severus
1297 1218 1400 1275 La-

388 1308 506 1355 tere
538 1301 685 1358 Buch
713 1305 925 1359 concilii
971 1305 1173 1361 Nicaeni
1196 1311 1399 1378 epocha

379 1391 622 1461 signatur
651 1408 792 1448 anno
829 1394 1115 1451 Alexandri
1146 1398 1271 1463 656,
1303 1415 1398 1455 no-

388 1496 459 1535 no
489 1482 577 1537 die
602 1484 802 1539 mensis
826 1485 1057 1540 llaziran
1082 1502 1147 1542 ex
1170 1487 1402 1559 Josepho

384 1571 661 1643 Egyptio.
696 1574 857 1631 Noris
903 1578 969 1631 de
1016 1580 1186 1647 epoch
1233 1580 1398 1650 Syro-

383 1664 571 1718 maced
601 1665 713 1719 diss
737 1665 791 1731 5,
823 1682 921 1737 cap
950 1668 1007 1733 4,
1048 1670 1396 1726 ριιῖιοιθιιιί-

388 1768 490 1850 nus
536 1754 588 1807 in
621 1755 763 1810 netis
795 1757 863 1811 ad
909 1756 1163 1829 Martyrol
1211 1760 1297 1815 die
1324 1762 1396 1816 25
1703 1788 1753 1850 Β

383 1843 715 1901 Decembris.
1414 1898 1423 1905 ,

460 1933 574 2003 Imp
629 1935 1010 1992 Constantinus
1052 1939 1169 2008 Aug
1219 1948 1287 1995 tr.
1334 1957 1389 2013 p.
1448 1941 1585 1998 1078
1870 1944 1888 1985 ι

1464 2032 1603 2091 1079
1868 2034 1910 2075 ¹¹

2127 1930 2385 2003 Sylvestri
2417 1934 2484 1987 12
2513 1942 2566 1989 et
2594 1934 2680 1989 15.

2122 2021 2181 2075 S.
2237 2022 2538 2078 Alexander
2591 2024 2871 2094 episcopus
2924 2025 3048 2082 Ale-

2054 2111 2349 2167 xandrinus
2382 2112 2497 2167 obit
2531 2113 2617 2167 die
2646 2113 2715 2169 26
2737 2113 2894 2169 Febr.
2919 2115 3053 2171 Vide

2050 2199 2338 2257 Baronium
2392 2212 2447 2257 et
2501 2203 2659 2258 Noris
2706 2205 2815 2259 hist
2845 2204 3052 2277 Pelag.,

2044 2305 2146 2360 cap
2165 2291 2222 2357 2,
2244 2307 2343 2363 pag
2363 2292 2415 2347 8.
2435 2292 2687 2349 Succedit
2705 2295 3053 2352 Athanasius.

2046 2381 2181 2439 Vide
2202 2382 2381 2437 Petav.

168 1934 297 1990 5059
460 1934 574 2003 Imp
629 1935 1010 1992 Constantinus
1052 1939 1169 2007 Aug
1219 1948 1287 1995 tr.
1334 1957 1389 2007 p.
1448 1941 1585 1998 1078

1870 1944 1888 1985 ι
2127 1934 2385 2003 Sylvestri
2417 1934 2484 1987 12
2513 1942 2566 1989 et
2594 1934 2680 1989 15.
3047 1974 3055 1988 .
3162 1936 3279 2007 526

143 2025 213 2104 Θ
248 2025 312 2078 27
386 2025 456 2079 20
478 2034 529 2080 et
558 2026 646 2090 21,
670 2041 763 2081 eos
786 2042 881 2093 vn,
907 2027 1016 2098 imp
1042 2044 1157 2083 xxx.

142 2110 224 2188 ὁ
244 2117 276 2171 4
397 2187 412 2188 7
586 2118 658 2172 lm
664 2134 787 2188 pera
796 2128 879 2176 tor
1014 2120 1395 2181 Constantinus

202 2187 256 2259 BA
382 2187 514 2242 Coss
550 2187 677 2259 Aug
698 2204 790 2243 vn.

146 2255 168 2309 1
177 2256 304 2310 ndict
582 2255 926 2316 constantius
950 2260 1148 2317 Caesar.

186 2360 269 2397 xiv
448 2345 508 2399 L.
539 2346 593 2411 5,
619 2347 678 2402 C.
709 2348 772 2402 de
800 2358 923 2420 pact
953 2352 1143 2422 pignor
1162 2362 1248 2408 etc
1272 2351 1425 2418 alia);

166 2444 209 2490 ct
235 2450 299 2489 xv
385 2438 527 2507 apud
556 2438 781 2493 Reland.

446 2526 591 2581 Puer
637 2529 765 2585 Urbi
832 2534 1045 2589 Anicius
1110 2534 1383 2592 Julianus.

448 2616 642 2676 Latere
666 2621 892 2680 Bucher.

157 4287 275 4345 5010
448 4292 560 4365 imp
586 4294 969 4351 Constantinus
991 4295 1108 4368 Aug
1133 4301 1202 4351 tr.
1222 4308 1279 4367 p.
1304 4295 1371 4351 21

368 4396 424 4439 et
448 4386 537 4440 22.

154 4470 216 4545 Θ
236 4472 297 4528 28
392 4476 523 4533 Coss
550 4493 647 4532 vn.
678 4476 789 4548 lmp
817 4494 929 4532 xxx.

1448 4296 1584 4354 1079

1446 4387 1583 4445 l080
1687 4374 1692 4445 ;

1683 4431 1736 4493 D

2119 2472 2341 2543 Crispus
2374 2473 2552 2528 Cazsar
2580 2475 2647 2529 ob
2683 2476 3041 2546 suspicionem

2045 2562 2262 2619 incestas
2282 2566 2680 2621 consuetudinis
2701 2582 2823 2621 cum
2858 2583 3049 2623 nover-

2041 2667 2106 2709 ca
2138 2653 2323 2709 insons
2364 2656 2645 2712 occiditur.
2683 2657 2816 2715 Vide
2852 2660 3028 2716 Baron

2041 2754 2097 2801 et
2145 2757 2395 2803 auctores
2435 2748 2502 2803 ab
2541 2763 2605 2805 eo
2632 2750 2925 2820 productos
2977 2751 3046 2807 ad

2044 2852 2150 2891 ann
2174 2838 2302 2904 524,
2341 2855 2396 2892 ιι.
2432 2854 2484 2893 v.
2529 2849 2583 2895 et
2612 2855 2762 2911 seqq.

2110 2928 2312 2983 Eodem
2335 2945 2476 2985 anno
2498 2930 2736 2986 Licinius
2762 2931 2887 2986 Jun.
2909 2932 3053 2988 Lici-

2028 3017 2104 3071 nii
2132 3018 2251 3089 Aug
2296 3017 2335 3071 f.
2370 3016 2722 3090 interemptus
2746 3029 2847 3076 est.
2876 3021 3053 3078 Euseb

2023 3116 2078 3165 et
2109 3107 2352 3164 Zosimus
2390 3109 2463 3165 lib
2494 3125 2556 3163 ιι.
2618 3110 2623 3113 ⁷

2104 3199 2162 3253 ιιι
2202 3199 2420 3255 Perside
2475 3209 2662 3255 contra
2714 3189 3050 3257 Christianos

2040 3291 2217 3362 gravis
2242 3293 2545 3361 persecutio
2578 3308 2606 3346 a
2645 3291 2851 3361 Sapore
2895 3308 3048 3348 com-

2032 3391 2297 3437 movetur.
2351 3383 2599 3438 Petavius
2624 3398 2690 3439 ex
2735 3383 3062 3455 Theophane

2038 3482 2094 3529 et
2117 3472 2379 3529 Cedreno.

2103 3563 2484 3619 Constantinus
2528 3573 2715 3619 contra
2777 3564 3060 3621 haereticos

2042 3652 2373 3709 diversarum
2403 3663 2669 3708 sectarum
2700 3654 2879 3725 plures
2905 3654 3054 3725 leges

2030 3744 2222 3798 sancit.
2254 3744 2387 3799 Vide
2431 3744 2606 3799 Baron
2660 3762 2715 3799 ιι.
2760 3746 2847 3809 16,
2881 3754 2934 3801 et
2959 3761 3054 3815 seq

2033 3834 2149 3903 ejus
2178 3835 2392 3889 hortatu
2427 3834 2485 3890 S.
2534 3835 2732 3890 llelena
2764 3845 2938 3891 mater
2962 3834 3050 3890 Je-

2036 3924 2356 3996 rosolymam
2388 3923 2633 3993 profecta
2679 3924 2875 3980 multas
2901 3924 3044 3980 basi-

2044 4012 2177 4068 licas
2203 4014 2481 4077 construit,
2515 4024 2569 4067 et
2608 4029 2821 4067 crucem
2865 4013 3047 4070 Domi-

2034 4103 2212 4158 nicam
2241 4103 2457 4172 reperit.
2494 4104 2568 4157 lhi
2617 4120 2674 4157 ιι.
2713 4104 2805 4169 51,
2836 4103 2928 4171 12,
2957 4112 3045 4159 etc

2034 4202 2089 4248 et
2114 4192 2197 4249 Jo.
2251 4192 2438 4247 Malala
2467 4193 2539 4246 lib
2565 4210 2682 4258 xm,
2711 4208 2811 4263 pag
2838 4193 2893 4248 5.

1865 4297 1905 4337 ιι
2070 4284 2073 4287 ’
2118 4281 2380 4353 Sylvestri
2411 4283 2477 4336 15
2507 4291 2561 4337 et
2591 4282 2677 4336 14.

1856 4388 1918 4430 ιιι
2120 4374 2298 4439 Arius,
2341 4374 2432 4443 qui
2487 4374 2736 4428 hatresim
2787 4374 3048 4431 hactenus

2038 4464 2420 4530 dissimularat,
2445 4478 2544 4534 per
2564 4464 2854 4520 Eusebium
2883 4464 3042 4519 Nico-

3154 4282 3257 4338 527

151 4554 215 4627 ρ)
261 4563 290 4617 5
380 4601 512 4657 coss
594 4567 694 4621 'Fl.
726 4567 1010 4657 Smgaﬂrring.
2040 4554 2367 4657 medienscga
2398 4554 2808 4657 ‘Alexandriam
2867 4555 3050 4657 redire

583 4675 597 4689 .
619 4677 634 4691 .
654 4676 668 4690 .
687 4677 701 4690 .
725 4636 1006 4692 Maximus.
2037 4644 2275 4699 molitur.
2309 4644 2413 4699 Sed
2457 4660 2555 4698 nec
2585 4645 2708 4709 iste,
2738 4661 2837 4700 nec
2867 4646 3039 4716 impc-
3144 4715 3147 4717 _

216 4723 252 4773 Α
450 4728 615 4782 Vetus
665 4727 941 4797 inscriptio
972 4728 1111 4798 apud
1158 4729 1368 4799 Boldett
2040 4746 2187 4790 rator
2214 4735 2265 4789 id
2297 4735 2364 4789 ab
2392 4734 2689 4789 Athanasio
2717 4735 3038 4804 extorquere

148 4799 299 4866 Indict
370 4816 435 4870 de
458 4828 655 4872 cmmet
678 4819 883 4889 pag79,
915 4837 968 4873 ιι.
999 4820 1054 4886 4,
1080 4820 1206 4876 licet
1228 4822 1373 4891 leges

182 4916 241 4954 IV
378 4925 407 4962 a
471 4910 709 4965 Rclando
760 4913 1032 4981 producta:
1102 4914 1380 4984 signentur

182 5006 221 5044 et
251 5010 264 5049 ι
379 4999 733 5055 Constantino
760 5013 814 5057 et
844 5002 1075 5058 Maximo
1113 5014 1171 5057 ut
1206 5004 1241 5057 I.
1272 5005 1336 5059 18
1362 5044 1378 5069 ,

367 5089 428 5142 C.
453 5089 518 5143 de
539 5091 770 5159 appellat
795 5100 849 5145 et
879 5092 915 5144 1.
941 5092 995 5157 2,
1021 5108 1068 5147 c.
1093 5092 1277 5147 Theod
1302 5096 1369 5147 de

368 5183 513 5235 famil
544 5184 774 5239 hereisc.
804 5184 1141 5237 Constantino
1162 5185 1274 5239 (ἕως
1304 5183 1369 5249 γ,

368 5283 415 5327 et
440 5273 672 5329 Maximo
694 5274 818 5329 Coss
845 5276 1171 5345 corrigenda:
1198 5291 1265 5331 ex
1287 5275 1366 5329 la-

366 5366 455 5434 pid
485 5365 740 5422 Boldetti.

434 5454 521 5508 Fl.
551 5455 804 5522 Cmsario,
858 5465 911 5511 et
954 5456 1185 5510 Maximo
1208 5454 1362 5510 Coss.

435 5544 583 5600 Praef
610 5546 738 5601 Urbi
778 5548 989 5601 Anicius
1009 5546 1276 5601 Julianus.

439 5637 557 5691 Lat.
593 5637 760 5692 Buch.

2034 4827 2225 4897 potuit.
2286 4826 2363 4881 Ex
2424 4825 2667 4881 Athanas
2716 4824 2870 4893 Apol.
2938 4827 3044 4891 11,

2030 4919 2278 4974 Petavius
2305 4917 2360 4973 h.
2394 4932 2443 4971 a.

2109 5007 2456 5076 Evangelium
2496 5005 2643 5061 Indis
2664 5022 2761 5076 per
2789 5005 3049 5063 Frumen-

2035 5100 2169 5153 tium
2218 5098 2439 5167 Tyrium
2469 5095 2820 5165 importetur,
2864 5096 2956 5165 qui
2985 5098 3053 5152 ab

2031 5187 2326 5241 Athanasio
2348 5185 2749 5255 episeopusillis
2764 5187 2918 5240 datus
2940 5195 3041 5241 est.

2034 5276 2260 5331 Ruﬁnus
2285 5275 2360 5329 lib
2384 5290 2401 5328 ι
2422 5315 2437 5337 ,
2464 5289 2513 5328 c.
2536 5274 2591 5339 9,
2622 5273 2872 5329 Socrates
2898 5274 2969 5328 lib
2991 5290 3042 5340 ι,

2035 5382 2085 5419 c.
2132 5364 2220 5431 l5,
2273 5364 2579 5419 Theodoret
2625 5374 2681 5419 et
2727 5362 2923 5419 Sozom
2956 5379 3043 5435 ap.

2039 5456 2205 5510 Petav
2233 5454 2325 5508 ibi.

2103 5544 2302 5600 Eodem
2369 5553 2632 5615 tempore,
2692 5545 2831 5602 lberi
2898 5545 3048 5600 Chri-

2042 5634 2229 5689 stiana:
2289 5634 2562 5705 cujusdam
2614 5637 2837 5708 captiva:
2882 5650 3043 5706 opera
