3822 5380
542 222 669 302 ¹διες

636 424 762 481 Per.

630 492 744 550 Jul.

603 560 791 619 aliud.

1264 238 1357 292 AD
1395 232 1837 292 ANASTASIUM
1873 228 2387 289 PROLEGOMENA
2420 226 2597 286 EDlT.
2636 224 3059 286 ROM.-VATlCt

626 350 774 408 Anni
807 351 820 423 |
853 352 1230 422 Imperatores,
1274 346 1524 423 Consules
1594 345 1854 398 Romano-
2162 347 2213 408 Α
2281 344 2448 423 .Anni
2520 342 2958 423 Christianorum,
2990 338 3299 423 {udwortt‘m
3319 337 3517 423 et.
3583 338 3703 423 Anni

2596 414 2842 465 timorum
2861 409 3189 479 papulorum,
3210 405 3517 479 Ponti/im,
3560 405 3701 479 re

890 417 1029 488 rum,
1052 437 1130 475 res
1179 428 1332 490 gestw
1361 428 1408 472 et
1460 417 1786 470 documenta.

1911 411 1976 467 U.
2015 413 2075 468 C.

879 505 916 561 ε
1875 493 2064 561 anteet

1832 561 1947 623 post
1966 550 2135 608 l’alil.

846 855 981 912 Coss
1056 817 1749 912 ;._:.;l:'.!i.“§.natantis;

1055 890 1306 960 Cejonius
1332 889 1519 944 [iulius
1566 888 1810 944 Albinus.

915 980 1077 1036 Vetus
1139 979 1415 1049 inscriptio
1469 977 1766 1048 Capitolina
1823 992 1856 1031 a

852 1070 1049 1125 Gruter
1062 1085 1165 1140 pag
1185 1069 1307 1134 587,
1327 1078 1382 1124 et
1410 1084 1441 1123 a
1468 1068 1856 1123 Schelestratio

730 1150 739 1159 ’
852 1160 996 1216 edita
1021 1159 1182 1233 Antiq
1204 1159 1327 1213 Eccl
1350 1167 1493 1213 tomo
1514 1158 1556 1223 Ι,
1589 1165 1862 1227 computat

625 3341 766 3398 5049

607 3429 778 3587 83

672 3588 720 3643 υ

718 3788 776 3829 ιι

684 3872 807 3921 clx

678 5135 818 5192 5050

639 5227 825 5306 ero

768 3587 809 3643 C

648 3679 679 3736 1
685 3680 825 3735 ndict

848 1248 916 1304 ad
937 1248 1081 1302 hunc
1105 1246 1378 1303 consulem
1409 1245 1687 1315 Cejonium
1746 1244 1854 1299 Ru-

850 1337 977 1392 llum
991 1336 1237 1391 Albinum
1254 1344 1374 1407 post
1386 1335 1691 1390 Caesariana
1719 1343 1859 1389 tem-

853 1443 985 1500 pora
1022 1442 1192 1483 annos
1220 1442 1499 1492 CCCLXXXI,
1554 1439 1744 1496 nempe
1787 1428 1857 1482 ab

854 1534 997 1573 anno
1016 1517 1105 1582 16,
1134 1526 1260 1573 ante
1297 1533 1463 1573 seram
1489 1515 1688 1571 Christi
1712 1532 1857 1573 com-

857 1620 1112 1662 munem:
1150 1605 1292 1662 unde
1322 1605 1524 1677 colligit
1554 1614 1697 1662 recte
1723 1621 1851 1661 con-

855 1695 1099 1750 stitutum
1130 1696 1187 1749 in
1231 1709 1326 1751 sua
1357 1693 1435 1765 (et
1453 1694 1662 1764 nostra)
1698 1696 1851 1749 chro—

862 1784 1076 1856 nologia
1105 1786 1247 1841 hunc
1295 1783 1668 1840 Consulatum.
1708 1787 1844 1841 Vide

858 1870 1017 1928 notas
1069 1874 1138 1928 ad
1187 1872 1520 1943 Sylvestrum
1572 1873 1668 1929 llis
1717 1874 1852 1930 Coss

855 1962 1136 2033 signantur
1170 1961 1206 2015 l.
1240 1962 1328 2029 15,
1359 1962 1470 2018 Cod
1506 1962 1573 2017 de
1602 1962 1853 2018 delatori-

865 2052 987 2119 bus,
1017 2053 1238 2123 aliaeque
1265 2053 1404 2123 apud
1436 2052 1752 2109 Relandum.

924 2163 1071 2220 Praef
1085 2165 1203 2220 urbi
1230 2164 1416 2234 Ruﬁus
1440 2165 1656 2220 Albinus
1683 2181 1743 2220 ιιι
1768 2164 1866 2219 Kal

867 2253 1069 2311 Januar
1095 2255 1245 2325 cujus
1271 2256 1551 2326 inscriptio
1586 2257 1779 2326 legitur
1812 2257 1865 2310 in

861 2345 1106 2416 pluribus
1143 2346 1468 2416 ponderibus
1491 2384 1506 2411 ,
1554 2360 1761 2399 necnon
1811 2344 1863 2398 in

862 2451 1039 2492 marm
1061 2436 1202 2509 apud
1215 2436 1413 2494 Gruter
1436 2452 1539 2509 pag
1558 2436 1682 2503 587,
1698 2432 1758 2492 ill
1781 2451 1870 2492 su-

857 2541 975 2599 pra.

931 2616 1271 2673 Constantini
1325 2616 1664 2673 Tricennalia
1725 2614 1870 2671 edita

862 2723 961 2769 γιιι
977 2708 1076 2764 Kal
1101 2710 1219 2780 Aug
1240 2706 1702 2777 Constantinopoli
1727 2720 1742 2760 :
1775 2706 1870 2776 qui

865 2800 1213 2879 constantem
1243 2799 1410 2855 ﬁlium
1459 2798 1759 2871 Augustum
1785 2798 1871 2853 di-

866 2891 961 2957 cit,
991 2898 1046 2945 et
1089 2890 1411 2945 Dalmatium
1456 2889 1641 2945 fratris
1681 2889 1763 2944 sui
1810 2889 1873 2942 li-

870 2978 1004 3035 lium
1021 2979 1288 3035 Caesarem
1313 2987 1461 3035 creat
1487 2995 1584 3055 νιιι
1612 2978 1710 3033 Kal
1741 2978 1861 3034 Oct.

861 3070 1327 3127 Hannabalianum
1354 3085 1482 3126 vero
1509 3084 1693 3141 regem
1735 3083 1868 3123 eon-

871 3159 1045 3215 stituit
1059 3175 1146 3231 ap.
1161 3158 1464 3216 Caesaream
1480 3158 1668 3230 Syriae.
1691 3157 1872 3215 Chron

866 3248 1066 3306 Pasch.

941 3339 1056 3410 Imp
1096 3338 1476 3396 Constantinus
1534 3339 1651 3410 Aug
1698 3348 1767 3393 tr.
1818 3352 1873 3408 p.

888 3427 958 3485 30
984 3436 1038 3483 et
1066 3428 1157 3496 51,
1186 3443 1307 3486 coss
1334 3443 1449 3493 vni,
1480 3428 1590 3497 imp
1615 3442 1770 3481 xxiii.

885 3552 1020 3611 εοεε
1094 3518 1611 3643 32113333332?

949 3677 1016 3734 L.
1042 3679 1096 3746 5,
1123 3695 1174 3736 c.
1205 3677 1389 3734 Theod
1418 3677 1487 3734 de
1528 3675 1800 3763 sponsalib
1827 3684 1881 3732 et

880 3772 1000 3829 aliae
1023 3773 1160 3844 apud
1189 3771 1415 3828 Reland.

945 3863 1028 3919 Fl.
1095 3862 1350 3934 Popillius
1417 3859 1747 3933 Nepotianus
1822 3859 1879 3915 in

1951 3337 2085 3394 1088

1952 3425 2088 3482 1089

873 3955 1108 4009 nummis
1134 3953 1276 4023 apud
1315 3951 1532 4007 Tristan
1576 3958 1632 4007 et
1674 3949 1880 4005 Medio-
1945 3996 1948 4001 .

870 4043 1009 4100 bard
1055 4041 1368 4098 inscribitur
1398 4041 1463 4105 is,
1494 4040 1585 4110 qui
1626 4050 1748 4109 post
1774 4054 1881 4094 ca:-

876 4135 999 4191 dem
1013 4133 1324 4191 Constantis
1342 4132 1637 4201 imperator
1649 4146 1679 4183 a
1696 4129 1884 4184 factio.-

875 4226 954 4283 sis
977 4225 1153 4281 dictus
1178 4237 1321 4278 anno
1343 4222 1472 4287 350,
1499 4220 1589 4276 die
1609 4221 1703 4287 28,
1733 4218 1880 4274 occi-

873 4329 969 4371 sus
999 4314 1119 4366 fuit.
1144 4344 1147 4347 ν

939 4400 1085 4457 Praef
1108 4399 1230 4455 urbi
1260 4397 1445 4466 Ruﬁus
1472 4396 1707 4452 Albinus.

945 4492 1282 4549 Constantini
1296 4507 1403 4544 xxx
1419 4490 1603 4546 Romae
1614 4489 1825 4545 celebra
1834 4488 1877 4542 ri

879 4582 1179 4640 debuerant
1219 4576 1471 4637 ex'dictis
1495 4594 1592 4650 per
1614 4579 1743 4634 card
1772 4578 1882 4633 No-

880 4673 965 4729 ris,
976 4673 1045 4728 de
1066 4673 1101 4728 Ξ
1124 4687 1309 4727 numm
1326 4671 1474 4727 Licin
1502 4679 1587 4725 etc
1599 4686 1653 4740 p.
1669 4671 1758 4734 75,
1785 4672 1880 4725 sed

879 4779 976 4833 per
1017 4762 1134 4833 ejus
1176 4761 1474 4819 absentiam
1514 4761 1660 4816 edita
1713 4761 1768 4815 h.
1824 4769 1899 4814 a.’

885 4869 992 4924 non
1021 4854 1271 4925 leguntur
1290 4854 1347 4909 in
1377 4852 1561 4909 Occid.

961 5229 1074 5300 lmp
1108 5208 1486 5291 Constantinus
1516 5235 1784 5309 Augustus
1812 5242 1881 5289 tr.
1958 5231 2097 5289 1089

1966 5322 2101 5380 1090

641 5309 722 5380 Ο
758 5315 826 5371 15
897 5331 950 5380 p.
980 5318 1070 5380 5i,
1121 5322 1242 5376 coss
1277 5337 1392 5380 vui.
1442 5325 1551 5380 imn
1597 5341 1754 5380 xxm.
1801 5326 1889 5380 die

2275 412 2487 485 Qigmp.

2359 3353 2420 3392 111

2362 3441 2415 3483 ιν

3672 223 3747 278 016

2587 480 2770 552 Reges,
2798 474 2878 536 res
2915 474 3071 548 gesta:
3097 487 3145 532 et
3182 478 3506 531 documenta.
3547 474 3725 531 Christi.

2521 733 2847 791 reoticorum
2874 740 3021 787 torno
3045 745 3086 785 ιι
3114 729 3301 786 Concil
3323 727 3435 785 Gen
3456 744 3509 799 ι).

2520 824 2645 888 458,
2670 838 2851 893 nentpe
2871 821 3018 875 Iulio
3055 819 3363 874 Constantio
3404 818 3526 872 illu-

2527 915 2781 970 strissimo
2802 912 3021 982 patricio
3051 910 3216 979 fratre
3244 908 3522 978 religiosis-

2526 1006 2646 1061 simi
2694 1003 3023 1059 Constantini
3085 1001 3201 1070 Aug
3242 1009 3291 1055 et
3336 999 3523 1073 Ruﬁno

2528 1094 2713 1148 Albino
2767 1090 3073 1146 clarissimis
3101 1091 3186 1145 die
3234 1087 3285 1145 Χ
3340 1090 3527 1147 metuis
3644 1084 3647 1087 Α

2532 1186 2685 1240 That.
2716 1183 2943 1239 Reland.

2595 1274 2693 1330 His
2713 1289 2835 1330 coss
2859 1271 2996 1328 iulio
3021 1270 3339 1327 Constantio
3377 1278 3431 1326 et
3446 1270 3531 1326 Δί·

2526 1365 2654 1420 bino
2680 1366 2835 1434 (quos
2854 1361 2993 1418 male
3020 1360 3531 1431 lranscripsitAma-

2530 1454 2750 1509 nucnsis
2777 1451 2981 1507 Malalze
3018 1442 3109 1504 illo
3153 1459 3199 1505 et
3227 1447 3414 1505 Albino
3440 1465 3531 1519 pro

2527 1545 2675 1601 Julia
2702 1554 2749 1599 et
2772 1543 2962 1597 Albino
3007 1541 3321 1610 exprimens
3347 1554 3446 1611 pag
3470 1541 3523 1612 «1)

2532 1649 2655 1689 aera:
2697 1632 3043 1686 Antiochena:
3077 1629 3183 1685 385
3224 1628 3533 1699 dignitatem
3616 1618 3619 1619 ν

2532 1721 2819 1779 comitatus
2843 1719 3066 1776 secundi
3089 1716 3391 1773 Antiochia:
3412 1732 3535 1772 con-

2535 1813 2703 1869 cessit
2722 1811 3108 1868 Constantinus
3130 1824 3144 1863 :
3175 1809 3265 1864 ubi
3284 1808 3531 1863 Ruﬁnum

2534 1902 2755 1972 reliquit
2778 1900 3001 1972 prazfect
3032 1916 3063 1955 a
3093 1913 3203 1970 quo
3227 1907 3532 1956 constructa

2532 1995 2781 2051 basilica.

2609 2084 2706 2140 llis
2732 2098 2855 2139 coss
2898 2082 2936 2138 S
2962 2081 3238 2153 Sylvcster
3272 2094 3411 2151 papa
3446 2078 3532 2135 die

2533 2175 2597 2232 51
2634 2175 2939 2232 Decembris
2961 2182 3150 2229 sancto
3180 2171 3288 2253 line
3312 2170 3535 2247 complet

2533 2266 2878 2337 pontiﬁcatus
2915 2266 2998 2322 sui
3013 2280 3187 2320 annos
3199 2279 3291 2319 xx:
3319 2273 3375 2319 et
3388 2278 3534 2318 men-

2535 2374 2624 2417 ses
2661 2375 2716 2414 ιι
2744 2359 2814 2414 ab
2855 2373 2965 2415 aera
3013 2346 3383 2411 Enthronismi
3417 2363 3535 2425 post

2533 2449 2849 2505 electionem
2874 2448 2960 2504 die
2982 2447 3044 2502 51
3070 2445 3273 2500 Januar
3290 2458 3534 2500 numera-

2539 2549 2623 2595 tos
2647 2540 2703 2595 in
2721 2539 2964 2611 catalogo
2988 2537 3361 2602 Liberiano,et
3376 2549 3537 2591 annos

2536 2644 2693 2694 mn,
2724 2642 2939 2683 menses
2967 2644 3022 2692 ι,
3053 2628 3170 2685 dies
3197 2642 3270 2681 xx
3300 2626 3369 2681 ab
3390 2624 3532 2682 ordi-

2537 2717 2757 2772 natione
2781 2715 3072 2785 episcopali
3106 2724 3356 2784 suscepla
3380 2728 3539 2785 quam

2540 2806 2610 2862 do
2643 2805 2939 2875 eligebatur
2959 2805 3192 2860 vicarius
3205 2821 3235 2858 a
3253 2804 3538 2860 Melehiade

2538 2895 2628 2950 die
2662 2895 2941 2950 Dominica
2979 2911 3012 2948 ι
3043 2895 3152 2950 Feb
3179 2894 3285 2950 5l2
3305 2894 3536 2965 signatos

2540 2984 2600 3040 in
2641 2984 2848 3054 pictura
2877 2984 3111 3040 basilicae
3139 2984 3177 3039 S
3205 2983 3380 3038 Pauli.
3412 2983 3536 3038 Vide

2535 3084 2750 3131 nostras
2774 3084 2930 3132 notas
2956 3074 3025 3130 ad
3053 3072 3405 3145 Sylvestruin.
3444 3072 3447 3077 ’

2609 3335 2666 3394 S.
2693 3336 2914 3395 MARCUS
2951 3337 3089 3393 sedit
3114 3351 3181 3392 ex
3216 3336 3305 3392 die
3343 3337 3427 3394 18.
3454 3334 3539 3393 διο

2543 3443 2699 3493 nuar,
2762 3428 2895 3483 obiit
2930 3426 3096 3483 Nonis
3149 3427 3350 3484 Octobr
3393 3428 3446 3482 h.
3494 3440 3544 3481 a.

2535 3533 2690 3574 meus
2712 3533 2810 3572 vm
2834 3518 2888 3573 d.
2912 3533 3002 3573 xx.
3027 3518 3113 3573 die
3160 3516 3436 3571 Dominica
3462 3515 3542 3571 18.

2535 3607 2776 3663 Januarii
2826 3606 2986 3680 (festo
3016 3605 3300 3664 Cathedra:
3320 3606 3380 3683 ξ.
3407 3605 3540 3662 Petri

2537 3699 2793 3754 Romana:
2813 3713 2880 3753 ex
2902 3698 3057 3754 dictis
3075 3713 3171 3769 per
3192 3712 3293 3752 nos
3315 3712 3473 3767 supra
3492 3695 3541 3749 in

2538 3789 2680 3845 serie
2701 3778 3039 3844 Rom.‘Pont.
3061 3796 3115 3843 et
3143 3789 3198 3843 in
3236 3788 3380 3843 notis
3405 3785 3470 3841 ad
3492 3784 3546 3842 S.

2539 3877 2761 3933 Petrum
2796 3878 3090 3933 collocatur
3126 3877 3340 3934 Marcus
3361 3862 3413 3933 in
3436 3877 3549 3932 sedc

2540 3965 2786 4023 Romana
2811 3982 3092 4024 successor
3113 3965 3381 4033 Silvestri,
3409 3967 3551 4037 cuius

2540 4058 2716 4113 fuerat
2738 4058 2993 4112 vicarius.
3024 4057 3177 4114 Unde
3216 4059 3282 4125 in
3310 4055 3543 4114 catalLi-

2354 4138 2371 4161 ““
2399 4130 2405 4135 ’
2472 4151 2479 4156 ’
2540 4150 2639 4206 ber
2660 4150 2856 4206 dicitur
2876 4150 3081 4206 sedisse
3099 4140 3316 4206 menses
3347 4152 3398 4208 8.
3440 4151 3543 4207 dies

2327 5130 2480 5200 Olym

2347 5220 2452 5274 278

2375 5329 2429 5368 IV

2539 4252 2630 4293 xx.
2664 4236 2683 4310 [
2715 4253 2781 4294 ex
2811 4238 2878 4294 18
2915 4237 3160 4293 Januarii
3189 4240 3255 4302 ad
3282 4238 3334 4295 6.
3360 4238 3546 4296 Octobr
3608 4282 3615 4294 .

2532 4330 2589 4384 h.
2622 4344 2672 4383 a.
2698 4328 2718 4402 ]
2744 4337 2800 4384 et
2825 4329 2885 4383 in
2904 4328 3129 4399 picturis
3156 4329 3301 4383 Basil
3320 4327 3389 4384 ‘S.
3411 4327 3548 4383 Pauli

2536 4419 2734 4490 legitur
2766 4420 2971 4476 sedisse
3006 4419 3155 4493 [qua
3186 4420 3445 4486 vicarius,
3470 4419 3559 4475 sci-

2535 4509 2663 4566 licet
2696 4523 2802 4578 qna
2851 4508 3135 4581 pontifex]
3185 4523 3294 4563 ann
3324 4525 3384 4564 ιι.
3416 4522 3551 4564 mens

2535 4614 2631 4654 vni
2652 4600 2768 4655 dies
2785 4615 2898 4654 ut.
2922 4599 3055 4655 Vide
3070 4608 3226 4654 notas
3243 4600 3313 4653 ad
3337 4598 3396 4653 S.
3431 4596 3555 4652 Mar.

2541 4706 2686 4750 cum.
2740 4716 2743 4717 '

2617 4783 2671 4837 In
2738 4784 2941 4855 synodo
3003 4783 3267 4841 Constant
3339 4781 3549 4853 deponi-

2543 4882 2629 4926 tur
2651 4873 2933 4929 Mareellus
2949 4875 3290 4945 Ancyranns,
3312 4882 3369 4927 et
3397 4884 3542 4927 exsu—

2551 4961 2661 5017 lare
2686 4960 2910 5030 jubetur
2936 4964 2993 5019 S.
3019 4963 3365 5018 Athanasius.
3425 4959 3542 5016 Vide

2551 5141 2706 5186 notas
2730 5132 2798 5187 ad
2828 5132 2885 5189 S.
2920 5133 3156 5189 Marcum

2617 5221 2806 5278 Juuus
2834 5226 3112 5280 ordinatus
3153 5224 3438 5296 episcopus
3463 5225 3537 5280 his
3606 5212 3677 5272 537

2541 5313 2673 5370 Coss
2710 5314 2728 5380 [
2757 5329 2824 5369 ex
2854 5315 2993 5371 catal
3014 5316 3173 5372 Liber
3197 5315 3220 5380 ἶ
3242 5318 3331 5372 die
3384 5316 3549 5373 Domi-
