3914 6318
80 319 207 377 617

958 335 1301 394 ειιιιοΝοι..
1344 338 1388 393 A
1429 339 1485 397 S.
1526 336 1935 398 SYLV’ESTRO
1968 342 2061 397 AD
2102 343 2158 398 S.
2201 342 2408 399 GREG.
2452 344 2522 399 M.

3270 351 3377 406 618

158 425 324 528 ξιιηέ
392 438 773 511 Imperatores,
826 444 1095 528 Consules,
1166 449 1427 505 Romano-
1482 452 1623 528 Ann}
1718 456 1767 515 Α
1809 453 1986 528 “Anni
2072 453 2903 523 ChristianorumJudmorumet
2932 461 3098 528 ﬁniti-
3190 463 3329 520 Anni

150 505 294 561 Per.

166 576 297 632 Jul.

109 656 163 698 et
201 646 340 703 Ind.

119 5082 268 5139 5052

55 5175 248 5249 912

54 5260 247 5335 ΘΠ

164 5360 209 5414 G

100 5448 277 5506 Indict

129 5558 204 5596 XII

88 5622 129 5664 et
159 5629 257 5669 XII!

482 528 618 583 rum,
646 531 725 568 res
758 527 915 586 gesta:
940 528 987 571 et
1016 519 1345 574 documenta.
1490 520 1533 575 U
1545 520 1635 575 .C.

1462 602 1582 643 ante
1605 602 1653 644 et

1396 669 1512 729 post.
1528 659 1686 716 Pali].

475 895 716 937 umsum
763 899 1045 954 imperium
1078 895 1217 941 Inter
1264 887 1403 942 Con-

376 972 601 1025 stantini
647 972 864 1028 liberos.
916 974 1397 1032 Constantino’Jun

396 1070 525 1116 natu
559 1065 795 1118 maximo
826 1066 1017 1136 obtigit
1042 1068 1234 1135 Gallia.
1260 1068 1401 1124 Con-

386 1154 551 1205 stanti
597 1152 786 1221 Italia,
846 1157 1062 1224 Alrica,
1106 1159 1396 1231 Illyricum,

383 1252 440 1295 et
467 1244 879 1302 Ponto-Euxino
903 1248 1149 1318 ﬁnitima,
1180 1262 1234 1306 et
1256 1253 1399 1308 Afri-

375 1351 455 1390 cae
485 1339 745 1409 quidquid
775 1342 840 1395 ad
867 1344 1247 1414 Carthaginem
1278 1362 1396 1415 per-

373 1427 511 1484 tinet
540 1433 847 1487 communia
876 1448 998 1488 cum
1027 1434 1389 1494 Constantino.

373 1516 682 1577 Constantio
743 1533 925 1579 autem
994 1525 1122 1582 Asia
1172 1530 1392 1597 oriens,

373 1608 663 1681 Egyptus.
715 1615 963 1672 Zosimus
992 1618 1065 1674 lib
1091 1620 1125 1673 2
1200 1637 1298 1692 cap
1324 1621 1393 1677 59

373 1759 510 1816 COSS
586 1768 602 1783 .
646 1766 663 1781 .
707 1730 1079 1814 ._Feli.ci.anus.

585 1798 804 1855 'Fabtus
829 1803 1096 1859 Titianus.

445 1887 617 1943 Vetus
646 1889 875 1960 inscript
916 1890 971 1945 in
1021 1906 1159 1947 εαξη]
1191 1893 1228 1950 S
1253 1896 1390 1952 Iler-

366 1980 528 2035 metis
554 1983 611 2035 in
639 1980 937 2055 Prolegom.

434 2066 499 2122 L.
527 2069 584 2135 2,
614 2086 663 2126 c.
684 2072 867 2128 Theod
885 2076 951 2131 de
979 2081 1204 2134 eontrah
1224 2090 1390 2153 empt.

364 2164 421 2212 et
447 2157 568 2214 alia:
594 2163 733 2231 apud
760 2163 985 2222 Reland.

437 2247 661 2307 ‘Fabius
716 2252 959 2312 Titianus
1005 2250 1127 2314 coss
1173 2262 1390 2316 ordina-

365 2336 481 2393 rius
523 2338 723 2396 dicitur
750 2344 803 2397 in
836 2356 924 2400 vet
953 2347 1039 2416 lap
1070 2349 1186 2405 Mus
1216 2351 1385 2405 Allia-

362 2428 441 2494 ni,
496 2439 552 2485 et
580 2433 719 2502 praef
745 2435 871 2492 Urbi
905 2439 1101 2494 iterum
1160 2441 1377 2513 [tteinpe

361 2531 468 2573 ann
494 2521 601 2577 550
628 2534 682 2579 et
722 2525 869 2598 551].

433 2611 580 2667 Praef
624 2614 754 2670 Urbi
814 2618 1056 2675 Valerius
1120 2620 1380 2680 Proculus

359 2700 525 2771 quiL.
547 2703 799 2761 Aradius.
828 2706 924 2761 Val
955 2709 1216 2767 Proculus
1239 2714 1380 2782 apud

357 2792 495 2849 Grut
528 2797 653 2865 561,
686 2800 711 2854 1
742 2810 797 2855 et
831 2801 954 2866 562,
1006 2804 1040 2857 2
1086 2813 1140 2859 ct
1182 2806 1379 2862 lleiues

360 2900 413 2954 p.
445 2886 571 2942 438.

432 3126 456 3180 1
492 3126 672 3199 imppp
698 3129 870 3188 Caesss
892 3133 954 3187 F1
986 3135 1374 3193 Constantinus
1452 3138 1585 3193 1090

381 3213 482 3270 Jun
510 3218 629 3289 Aug
660 3228 727 3273 tr.
756 3237 809 3290 p.
840 3224 863 3276 l
899 3233 952 3279 et
976 3242 1041 3280 ex
1073 3242 1101 3279 ν
1139 3227 1211 3280 ld.
1248 3227 1379 3298 Sept
1452 3230 1580 3285 1091

377 3316 444 3361 tr.
488 3325 543 3379 p.
573 3328 636 3375 ιι,
665 3328 787 3368 coss
814 3331 885 3369 IV.

436 3400 470 3453 2
498 3411 552 3455 et
581 3402 641 3456 Fl
671 3403 755 3458 Jul
780 3405 1130 3463 Constantius
1157 3409 1273 3480 Aug
1302 3420 1370 3466 tr.

357 3504 414 3559 p.
448 3506 464 3545 ι
498 3501 553 3546 et
575 3508 638 3547 ex
674 3510 705 3547 v
734 3494 789 3550 Id
824 3496 954 3567 Sept
985 3515 1020 3551 ιι
1050 3514 1192 3554 coss.

430 3582 530 3637 Set
556 3583 717 3638 FlJul
746 3585 1013 3644 Constans
1035 3590 1151 3660 Aug
1167 3600 1232 3643 tr.
1258 3608 1311 3661 p.
1354 3609 1369 3646 ι

357 3681 416 3728 et
439 3686 507 3728 ex
540 3689 570 3728 v
594 3674 672 3737 ld,
701 3672 828 3746 Sept
866 3694 904 3731 ιι
933 3695 1055 3735 coss
1081 3682 1294 3751 design.

576 3805 594 3820 .
638 3806 651 3820 .
698 3806 711 3822 .
757 3769 947 3825 Ursus.

573 3875 590 3891 .
633 3876 647 3891 .
693 3877 707 3890 .
748 3838 1037 3896 Polemius.

428 3929 699 3997 Antiquus
731 3930 867 4000 lapis
896 3931 1012 3986 Mus
1042 3934 1234 4000 nostri,
1266 3936 1361 4004 qui

344 4019 486 4089 apud
510 4020 809 4076 Boldettum
840 4024 903 4077 de
925 4034 1121 4080 eminet
1155 4042 1256 4095 pag
1287 4028 1358 4080 85

345 4119 402 4164 et
426 4108 609 4164 Mabill
632 4111 698 4164 de
729 4128 785 4166 re
810 4113 1005 4183 diplom
1038 4124 1077 4168 t.
1108 4116 1142 4168 2
1172 4119 1222 4170 in
1253 4118 1359 4170 ﬁne

342 4209 401 4258 et
432 4212 583 4257 senat
620 4204 826 4259 Bonarr
852 4206 919 4260 de
970 4207 1123 4263 vitris
1163 4220 1362 4268 eminet

340 4307 396 4364 p.
421 4302 477 4348 et
498 4310 564 4349 ex
589 4294 625 4349 l.
654 4295 708 4361 2,
742 4311 790 4350 c.
821 4297 1008 4352 Theod
1036 4299 1100 4353 de
1129 4300 1356 4354 centrali

342 4392 493 4453 empt
518 4385 746 4455 aliisque
775 4389 915 4457 apud
942 4388 1263 4442 Relandum.

412 4472 560 4529 Prtel'
585 4474 713 4532 Urbi
729 4476 1351 4549 Maeciliusllilariauus.

364 3800 499 3857 Coss

404 5084 592 5156 Imppp
626 5085 923 5141 Caesss'Fl.
967 5086 1353 5142 Constantinus
1429 5088 1555 5143 l091

337 5172 437 5228 Jun
462 5176 581 5243 Aug
617 5184 683 5229 tr.
721 5191 771 5244 p.
797 5177 832 5229 2
855 5184 909 5230 et
935 5176 988 5240 5,
1026 5192 1119 5231 cos
1152 5194 1204 5230 IV
1429 5178 1562 5232 1092

405 5266 757 5322 Constantius
792 5268 908 5337 Aug
933 5276 999 5321 tr.
1043 5284 1094 5337 p.
1137 5267 1174 5320 2
1205 5271 1343 5333 et5,

335 5374 427 5415 cos
453 5374 511 5413 ιι.
553 5359 818 5414 Constans
845 5359 964 5428 Aug
1016 5368 1083 5412 tr.
1114 5373 1167 5428 p.
1208 5359 1244 5413 2
1292 5366 1347 5413 et

323 5450 708 5681 πει-
738 5539 1236 5681 acamas

404 5704 467 5759 L.
498 5705 553 5766 4,
584 5720 632 5758 c.
672 5704 855 5758 Theod
907 5704 973 5758 de
1031 5703 1341 5779 Przetorget

479 5817 749 5876 Ρλτιιοι.
776 5815 1091 5875 CXXVII.
1370 5806 1372 5808 ’

1684 3182 1728 3245 C

1798 520 1865 576 Ol
1867 539 2006 592 ymp.

1847 5090 1886 5127 11

1843 5183 1902 5221 111

2134 541 2337 598 πέονιιηι
2368 529 2720 597 pepulerunt,
2774 530 3080 598 Pontiﬁces,
3170 533 3322 590 {Erae

2145 593 2323 664 Reges,
2356 593 2614 668 reegest
2639 610 2685 653 et
2711 593 3038 657 documenta.
3067 593 3076 597 ⁷
3129 602 3346 661 Christi.

2062 879 2177 937 Caes
2208 880 2339 939 Vide
2371 896 2525 943 notas
2551 890 2687 945 infra
2710 892 2774 945 ad
2797 893 3016 952 Julium.

2144 975 2279 1030 Dum
2322 980 2375 1033 in
2433 982 2627 1039 Persas
2689 991 3085 1057 expeditionem

2069 1067 2290 1124 molitur
2335 1071 2722 1134 Constantinus
2768 1083 2908 1136 diem
2949 1085 3083 1139 obit.

2136 1158 2312 1233 Sapor
2347 1161 2634 1221 Persarum
2664 1184 2755 1223 rex
2785 1170 3083 1243 Mesopota-

2071 1254 2234 1309 miam
2260 1257 2533 1313 invaserat
2563 1260 2768 1315 Nisibin
2798 1263 3081 1332 populatu-

2070 1358 2179 1409 rus,
2210 1361 2370 1415 quam
2395 1348 2632 1419 eum'pcr
2658 1352 2771 1407 dies
2799 1353 2865 1407 63
2918 1356 3077 1409 obse-

2062 1432 2535 1506 disset,disperata
2563 1446 2957 1514 oppugnatione
2996 1461 3084 1500 re-

2064 1527 2247 1581 cessit.
2272 1529 2450 1585 Chron
2481 1532 2673 1588 Pasch.

2126 1617 2423 1676 Dalmatius
2438 1623 2620 1678 Caesar
2640 1635 2690 1680 et
2715 1626 3071 1685 llannabalia‘

2063 1723 2164 1762 nus
2189 1710 2512 1767 nobilissimi
2541 1715 2693 1769 titulo
2739 1718 2968 1774 donatus
3017 1729 3075 1776 et

2057 1798 2220 1869 Regis
2241 1818 2269 1855 a
2299 1802 2650 1862 Constantino
2674 1821 2892 1878 propter
2908 1826 3073 1882 agna-

2064 1892 2224 1948 tionis
2265 1899 2640 1954 reverentiam.
2677 1902 2854 1957 Zosim
2916 1904 2990 1959 lib
3015 1905 3072 1972 2,

2061 1997 2160 2053 cap
2191 1985 2278 2040 29.
2315 1985 2420 2043 Sel
2461 1990 2611 2045 brevi
2641 1994 2806 2049 occisi
2856 2007 2982 2051 sunt
3026 2014 3059 2051 a

2059 2075 2397 2134 Constantio.
2458 2083 2641 2138 Roma:
2694 2086 2992 2142 Concilium
3038 2104 3069 2145 a

2052 2169 2193 2225 Julio
2220 2171 2363 2242 Papa
2386 2174 2733 2241 celebratum,
2766 2178 2816 2232 in
2849 2195 2953 2248 quo
2974 2180 3067 2235 Ni-

2057 2263 2187 2315 (ωιιί
2218 2261 2443 2319 Concilii
2483 2266 2616 2321 Acta
2663 2270 2889 2337 probata
2942 2282 3067 2328 sunt

2054 2361 2109 2406 et
2133 2354 2351 2410 haeresis
2372 2357 2572 2413 Ariana
2602 2360 2878 2415 damnata.
2907 2362 3055 2418 Peta-

2050 2446 2168 2501 vius
2188 2463 2251 2502 ex
2304 2448 2537 2505 Baronio
2585 2469 2638 2505 ιι.
2699 2469 2865 2521 van,
2895 2465 2951 2511 et
2970 2456 3039 2513 lsi

2051 2537 2500 2597 dorus'Mercator
2528 2559 2593 2598 ex
2620 2546 2728 2600 hist
2749 2547 3049 2618 Tripartita

2052 2629 2158 2685 Sed
2188 2632 2308 2687 vide
2336 2632 2557 2704 Pagium
2589 2653 2644 2689 ιι.
2676 2652 2796 2704 rm,
2827 2639 2893 2694 ad
2922 2641 2977 2694 h.
3010 2656 3063 2696 a.

2115 2720 2365 2792 Synodus
2401 2724 2814 2784 Mediolanensis
2843 2730 2897 2784 in
2923 2729 3066 2786 Cau-

2047 2826 2105 2867 sa
2169 2813 2404 2881 Photini,
2480 2819 2789 2887 przesentib.
2848 2820 3063 2893 Legatis

2046 2901 2105 2959 S.
2129 2902 2303 2970 Sedis,
2338 2907 2437 2962 hoc
2458 2922 2600 2963 anno
2616 2908 3065 2987 eelebrata._Vide

2044 3005 2201 3049 notas
2237 2994 2385 3063 Pagii
2424 2997 2491 3051 ad
2514 2998 2734 3055 Julium.

2113 3105 2238 3161 Julii
2262 3124 2367 3162 ann
2399 3120 2493 3165 tet
2516 3111 2569 3164 2.
3148 3122 3252 3180 538

2123 3198 2507 3256 Athanasiusa
2549 3202 2906 3265 Constantino
2952 3209 3058 3266 Jun

2042 3304 2162 3344 cum
2195 3291 2390 3347 litteris
2412 3294 2795 3353 Alexandriam
2860 3303 3055 3360 remis-

2042 3398 2135 3439 sus
2186 3399 2383 3454 magno
2425 3403 2547 3441 eum
2592 3389 2796 3445 honore
2856 3392 3057 3452 ibidem

2045 3488 2303 3547 exceptus
2326 3489 2426 3535 est.
2458 3480 2623 3536 Petav
2657 3491 2711 3537 et
2752 3484 3057 3545 Theodoret

2042 3568 2117 3623 lib
2139 3571 2195 3634 2,
2226 3585 2273 3623 c.
2315 3573 2360 3634 l,
2392 3579 2444 3623 et
2470 3571 2645 3625 Athan
2674 3572 2809 3644 Apol
2834 3576 2870 3629 2

2086 3658 2431 3715 Constantius
2448 3663 2840 3730 expeditionem
2859 3666 2911 3721 in
2925 3667 3056 3723 Per-

2038 3763 2129 3803 sas
2150 3751 2376 3820 suscipit
2405 3752 2772 3808 etAntioehia:
2799 3772 2828 3809 a
2857 3756 2912 3810 S.
2930 3756 3055 3828 Spi-

2040 3839 2249 3894 ridione
2278 3842 2517 3896 amorbo
2560 3853 2799 3899 curatur.
2860 3846 2939 3903 lbi
2984 3864 3052 3906 ex

2037 3931 2301 4002 Metaphr.

2109 4024 2281 4095 Sapor
2332 4025 2616 4081 Persarum
2671 4030 2788 4085 Rex
2840 4031 3050 4091 Nisibin

2035 4115 2146 4169 acri
2162 4115 2441 4171 obsidione
2463 4118 2657 4187 premit
2682 4119 2716 4173 2
2743 4123 3051 4191 mensibus;

2032 4206 2129 4261 sed
2156 4221 2186 4260 a
2215 4206 2272 4260 S.
2304 4206 2504 4263 Jacobo
2540 4209 2803 4279 Episcopo
2828 4213 3047 4281 propul-

2032 4307 2203 4353 satur.
2268 4300 2343 4353 lbi
2391 4315 2456 4353 ex
2509 4299 2817 4373 Hieronymi
2878 4304 3051 4360 chron

2031 4386 2367 4443 Thcodoreto
2404 4399 2457 4443 ct
2478 4389 2709 4445 Juliano.

2100 4480 2259 4533 Anno
2288 4480 2496 4549 itnperii
2526 4481 2835 4539 Constantis
2876 4484 3052 4554 primo

2027 4571 2276 4629 Lidorius
2317 4576 2597 4630 ordinatur
2634 4577 2930 4648 Episcopus
2963 4594 3047 4633 se-

2028 4666 2237 4722 cundus
2274 4668 2689 4724 Turonensium.
2732 4671 2832 4725 llic
2876 4672 3044 4729 sedili-

2027 4759 2171 4813 cavit
2194 4759 2488 4815 Ecclesiam
2510 4761 2739 4830 primam
2768 4761 2905 4815 intra
2936 4762 3040 4818 Ur-

2024 4851 2146 4905 bem
2175 4850 2495 4906 Turonicam
2529 4854 2585 4906 S.
2619 4851 2828 4923 Gregor
2853 4852 3033 4911 Turon

2028 4942 2099 4997 lib
2136 4959 2168 4995 χ
2192 4942 2298 4997 bist
2334 4944 2527 4999 Franc.

2088 5073 2211 5127 Julii
2240 5089 2344 5127 ann
2373 5074 2407 5126 2
2435 5083 2489 5127 et
2514 5074 2567 5127 5.
3123 5077 3231 5134 539

2086 5166 2348 5221 Eusebius
2402 5166 2843 5229 Nicomediensis,
2878 5164 3035 5233 ejus-

2016 5274 2120 5326 que
2166 5257 2403 5312 fautores
2440 5257 2670 5327 Legatos
2710 5258 2929 5313 mittunt
2964 5261 3035 5315 ad

2014 5348 2234 5412 Julium,
2260 5359 2315 5403 et
2342 5350 2777 5416 Constantinum,
2807 5359 2862 5406 et
2884 5351 3026 5406 Con-

2016 5451 2248 5499 stantem
2295 5457 2417 5496 eum
2462 5442 2891 5512 expostulatione
2937 5445 3034 5499 ad-

2015 5552 2204 5592 versus
2250 5535 2640 5590 Athanasium:
2673 5538 2764 5607 qui
2804 5538 2872 5592 ab
2914 5538 3033 5608 ejus

2008 5629 2223 5701 Legatis
2251 5628 2507 5683 confutati
2549 5628 2796 5698 generale
2826 5627 3019 5684 Conci—

2014 5722 2141 5777 lium
2192 5722 2481 5794 postulant.
2509 5722 2748 5777 Athanas
2789 5722 2924 5791 Apol
2962 5738 3001 5776 ιι

2831 5812 2911 5872 20
