  <div class='ocr_page' id='page_1' title='image "/cluster/home/n/w/nwhite01/storage/ocr_20150623/127/hvd.32044015471683/328.png"; bbox 0 0 3914 6318; ppageno 0'>
   <div class='ocr_carea' id='block_1_1' title="bbox 116 282 3399 374">
    <p class='ocr_par' dir='ltr' id='par_1_1' title="bbox 116 282 3399 374">
     <span class='ocr_line' id='line_1_1' title="bbox 116 282 3399 374; baseline 0.005 -18"><span class='ocrx_word' id='word_1_1' title='bbox 116 300 237 357; x_wconf 65' lang='grc' dir='ltr'><strong>διδ</strong></span> <span class='ocrx_word' id='word_1_2' title='bbox 986 282 1327 363; x_wconf 61' lang='lat' dir='ltr'><strong>euadunt.</strong></span> <span class='ocrx_word' id='word_1_3' title='bbox 1367 288 1408 363; x_wconf 77' lang='grc' dir='ltr'><strong>Ᾰ</strong></span> <span class='ocrx_word' id='word_1_4' title='bbox 1448 308 1508 365; x_wconf 87' lang='lat' dir='ltr'><strong>s.</strong></span> <span class='ocrx_word' id='word_1_5' title='bbox 1552 308 1962 365; x_wconf 70' lang='lat' dir='ltr'><strong>svnssrno</strong></span> <span class='ocrx_word' id='word_1_6' title='bbox 2000 307 2089 365; x_wconf 68' lang='lat' dir='ltr'><strong>an</strong></span> <span class='ocrx_word' id='word_1_7' title='bbox 2129 309 2187 366; x_wconf 88' lang='lat' dir='ltr'><strong>s.</strong></span> <span class='ocrx_word' id='word_1_8' title='bbox 2226 309 2431 368; x_wconf 72' lang='lat' dir='ltr'><strong>nunc.</strong></span> <span class='ocrx_word' id='word_1_9' title='bbox 2475 308 2544 367; x_wconf 83' lang='lat' dir='ltr'><strong>M.</strong></span> <span class='ocrx_word' id='word_1_10' title='bbox 2662 284 2669 291; x_wconf 83' lang='grc'><em>’</em></span> <span class='ocrx_word' id='word_1_11' title='bbox 3296 288 3399 374; x_wconf 62' lang='grc' dir='ltr'><strong>διὸ</strong></span> 
     </span>
    </p>
   </div>
   <div class='ocr_carea' id='block_1_2' title="bbox 210 413 3334 492">
    <p class='ocr_par' dir='ltr' id='par_1_2' title="bbox 210 413 3334 492">
     <span class='ocr_line' id='line_1_2' title="bbox 210 413 3334 492; baseline 0.004 -20"><span class='ocrx_word' id='word_1_12' title='bbox 210 417 361 492; x_wconf 46' lang='lat' dir='ltr'><strong>iam“</strong></span> <span class='ocrx_word' id='word_1_13' title='bbox 457 413 795 486; x_wconf 69' lang='lat' dir='ltr'><strong>niperatores,</strong></span> <span class='ocrx_word' id='word_1_14' title='bbox 848 418 1129 487; x_wconf 79' lang='lat' dir='ltr'><strong>Consules,</strong></span> <span class='ocrx_word' id='word_1_15' title='bbox 1183 423 1441 479; x_wconf 80' lang='lat' dir='ltr'><strong>Romano-</strong></span> <span class='ocrx_word' id='word_1_16' title='bbox 1515 424 1651 479; x_wconf 80' lang='lat' dir='ltr'><strong>Anni</strong></span> <span class='ocrx_word' id='word_1_17' title='bbox 1746 429 1796 488; x_wconf 73' lang='grc' dir='ltr'><strong>Α</strong></span> <span class='ocrx_word' id='word_1_18' title='bbox 1893 425 2031 477; x_wconf 79' lang='lat' dir='ltr'><strong>Anni</strong></span> <span class='ocrx_word' id='word_1_19' title='bbox 2104 423 2547 492; x_wconf 81' lang='lat' dir='ltr'><strong>Christianorum,</strong></span> <span class='ocrx_word' id='word_1_20' title='bbox 2583 425 2892 482; x_wconf 67' lang='lat' dir='ltr'><strong>Juda&#39;orum</strong></span> <span class='ocrx_word' id='word_1_21' title='bbox 2919 437 2966 483; x_wconf 84' lang='lat' dir='ltr'><strong>et</strong></span> <span class='ocrx_word' id='word_1_22' title='bbox 2999 429 3126 492; x_wconf 84' lang='lat' dir='ltr'><strong>ﬁni-</strong></span> <span class='ocrx_word' id='word_1_23' title='bbox 3194 431 3334 484; x_wconf 79' lang='lat' dir='ltr'><strong>Anni</strong></span> 
     </span>
    </p>
   </div>
   <div class='ocr_carea' id='block_1_3' title="bbox 210 486 1677 559">
    <p class='ocr_par' dir='ltr' id='par_1_3' title="bbox 210 486 1677 559">
     <span class='ocr_line' id='line_1_3' title="bbox 210 486 1677 559; baseline 0.006 -19"><span class='ocrx_word' id='word_1_24' title='bbox 210 486 341 559; x_wconf 65' lang='lat' dir='ltr'><strong>Per.</strong></span> <span class='ocrx_word' id='word_1_25' title='bbox 489 503 605 541; x_wconf 68' lang='lat' dir='ltr'><strong>rem</strong></span> <span class='ocrx_word' id='word_1_26' title='bbox 638 504 719 543; x_wconf 79' lang='lat' dir='ltr'><strong>res</strong></span> <span class='ocrx_word' id='word_1_27' title='bbox 743 498 898 559; x_wconf 74' lang='lat' dir='ltr'><strong>gesta:</strong></span> <span class='ocrx_word' id='word_1_28' title='bbox 919 500 968 545; x_wconf 84' lang='lat' dir='ltr'><strong>et</strong></span> <span class='ocrx_word' id='word_1_29' title='bbox 1002 486 1331 547; x_wconf 74' lang='lat' dir='ltr'><strong>documenta.</strong></span> <span class='ocrx_word' id='word_1_30' title='bbox 1516 494 1581 548; x_wconf 89' lang='lat' dir='ltr'><strong>U.</strong></span> <span class='ocrx_word' id='word_1_31' title='bbox 1614 493 1677 549; x_wconf 87' lang='lat' dir='ltr'><strong>C.</strong></span> 
     </span>
    </p>
   </div>
   <div class='ocr_carea' id='block_1_4' title="bbox 198 556 1683 618">
    <p class='ocr_par' dir='ltr' id='par_1_4' title="bbox 198 556 1683 618">
     <span class='ocr_line' id='line_1_4' title="bbox 198 556 1683 618; baseline 0.004 -7"><span class='ocrx_word' id='word_1_32' title='bbox 198 556 325 611; x_wconf 78' lang='lat' dir='ltr'><strong>Jul.</strong></span> <span class='ocrx_word' id='word_1_33' title='bbox 744 556 761 559; x_wconf 57' lang='grc'>⁷</span> <span class='ocrx_word' id='word_1_34' title='bbox 1489 575 1609 618; x_wconf 82' lang='lat' dir='ltr'><strong>ante</strong></span> <span class='ocrx_word' id='word_1_35' title='bbox 1632 575 1683 618; x_wconf 84' lang='lat' dir='ltr'><strong>et</strong></span> 
     </span>
    </p>
   </div>
   <div class='ocr_carea' id='block_1_5' title="bbox 120 627 1711 689">
    <p class='ocr_par' dir='ltr' id='par_1_5' title="bbox 120 627 1711 689">
     <span class='ocr_line' id='line_1_5' title="bbox 120 627 1711 689; baseline 0.003 -6"><span class='ocrx_word' id='word_1_36' title='bbox 120 637 173 683; x_wconf 77' lang='lat' dir='ltr'><strong>et</strong></span> <span class='ocrx_word' id='word_1_37' title='bbox 212 627 349 681; x_wconf 74' lang='lat' dir='ltr'><strong>Iud.</strong></span> <span class='ocrx_word' id='word_1_38' title='bbox 1421 645 1530 689; x_wconf 73' lang='lat' dir='ltr'><strong>cost</strong></span> <span class='ocrx_word' id='word_1_39' title='bbox 1550 632 1711 689; x_wconf 86' lang='lat' dir='ltr'><strong>Palil.</strong></span> 
     </span>
    </p>
   </div>
   <div class='ocr_carea' id='block_1_6' title="bbox 423 778 1435 856">
    <p class='ocr_par' dir='ltr' id='par_1_6' title="bbox 423 778 1435 856">
     <span class='ocr_line' id='line_1_6' title="bbox 423 778 1435 856; baseline 0.008 -22"><span class='ocrx_word' id='word_1_40' title='bbox 423 778 573 850; x_wconf 77' lang='lat' dir='ltr'><strong>Rege</strong></span> <span class='ocrx_word' id='word_1_41' title='bbox 595 794 629 836; x_wconf 71' lang='grc' dir='ltr'><strong><em>ι</em></strong></span> <span class='ocrx_word' id='word_1_42' title='bbox 657 781 1031 840; x_wconf 72' lang='lat' dir='ltr'><strong>Valentiniano</strong></span> <span class='ocrx_word' id='word_1_43' title='bbox 1053 786 1109 839; x_wconf 92' lang='lat' dir='ltr'><strong>in</strong></span> <span class='ocrx_word' id='word_1_44' title='bbox 1130 786 1263 856; x_wconf 82' lang='lat' dir='ltr'><strong>ripis</strong></span> <span class='ocrx_word' id='word_1_45' title='bbox 1289 787 1435 842; x_wconf 80' lang='lat' dir='ltr'><strong>Rhe-</strong></span> 
     </span>
    </p>
   </div>
   <div class='ocr_carea' id='block_1_7' title="bbox 423 872 1433 946">
    <p class='ocr_par' dir='ltr' id='par_1_7' title="bbox 423 872 1433 946">
     <span class='ocr_line' id='line_1_7' title="bbox 423 872 1433 946; baseline 0.008 -20"><span class='ocrx_word' id='word_1_46' title='bbox 423 872 819 928; x_wconf 90' lang='lat' dir='ltr'><strong>niconstituta.</strong></span> <span class='ocrx_word' id='word_1_47' title='bbox 894 875 1203 946; x_wconf 75' lang='lat' dir='ltr'><strong>Apparatus</strong></span> <span class='ocrx_word' id='word_1_48' title='bbox 1260 879 1433 934; x_wconf 85' lang='lat' dir='ltr'><strong>bellici</strong></span> 
     </span>
    </p>
   </div>
   <div class='ocr_carea' id='block_1_8' title="bbox 428 963 1427 1037">
    <p class='ocr_par' dir='ltr' id='par_1_8' title="bbox 428 963 1427 1037">
     <span class='ocr_line' id='line_1_8' title="bbox 428 963 1427 1037; baseline 0.006 -19"><span class='ocrx_word' id='word_1_49' title='bbox 428 963 624 1021; x_wconf 83' lang='lat' dir='ltr'><strong>advers</strong></span> <span class='ocrx_word' id='word_1_50' title='bbox 659 965 954 1032; x_wconf 76' lang='lat' dir='ltr'><strong>Sarmatas,</strong></span> <span class='ocrx_word' id='word_1_51' title='bbox 979 978 1099 1024; x_wconf 87' lang='lat' dir='ltr'><strong>vota</strong></span> <span class='ocrx_word' id='word_1_52' title='bbox 1152 987 1184 1025; x_wconf 85' lang='lat' dir='ltr'><strong>x</strong></span> <span class='ocrx_word' id='word_1_53' title='bbox 1228 972 1427 1037; x_wconf 86' lang='lat' dir='ltr'><strong>soluta,</strong></span> 
     </span>
    </p>
   </div>
   <div class='ocr_carea' id='block_1_9' title="bbox 419 1058 1435 1124">
    <p class='ocr_par' dir='ltr' id='par_1_9' title="bbox 419 1058 1435 1124">
     <span class='ocr_line' id='line_1_9' title="bbox 419 1058 1435 1124; baseline 0.01 -17"><span class='ocrx_word' id='word_1_54' title='bbox 419 1068 493 1107; x_wconf 80' lang='lat' dir='ltr'><strong>xx</strong></span> <span class='ocrx_word' id='word_1_55' title='bbox 534 1058 1155 1124; x_wconf 31' lang='lat' dir='ltr'><strong>nuncupata..Atnmian</strong></span> <span class='ocrx_word' id='word_1_56' title='bbox 1198 1069 1252 1115; x_wconf 90' lang='lat' dir='ltr'><strong>et</strong></span> <span class='ocrx_word' id='word_1_57' title='bbox 1286 1060 1435 1117; x_wconf 86' lang='lat' dir='ltr'><strong>Zosi-</strong></span> 
     </span>
    </p>
   </div>
   <div class='ocr_carea' id='block_1_10' title="bbox 422 1148 1185 1206">
    <p class='ocr_par' dir='ltr' id='par_1_10' title="bbox 422 1148 1185 1206">
     <span class='ocr_line' id='line_1_10' title="bbox 422 1148 1185 1206; baseline 0.004 -3"><span class='ocrx_word' id='word_1_58' title='bbox 422 1163 547 1204; x_wconf 88' lang='lat' dir='ltr'><strong>mus</strong></span> <span class='ocrx_word' id='word_1_59' title='bbox 572 1157 629 1203; x_wconf 90' lang='lat' dir='ltr'><strong>et</strong></span> <span class='ocrx_word' id='word_1_60' title='bbox 655 1148 865 1205; x_wconf 79' lang='lat' dir='ltr'><strong>Mediob</strong></span> <span class='ocrx_word' id='word_1_61' title='bbox 888 1165 957 1204; x_wconf 80' lang='lat' dir='ltr'><strong>ex</strong></span> <span class='ocrx_word' id='word_1_62' title='bbox 980 1166 1185 1206; x_wconf 88' lang='lat' dir='ltr'><strong>numm.</strong></span> 
     </span>
    </p>
   </div>
   <div class='ocr_carea' id='block_1_11' title="bbox 430 1237 1437 1299">
    <p class='ocr_par' dir='ltr' id='par_1_11' title="bbox 430 1237 1437 1299">
     <span class='ocr_line' id='line_1_11' title="bbox 430 1237 1437 1299; baseline 0.005 -5"><span class='ocrx_word' id='word_1_63' title='bbox 430 1274 435 1277; x_wconf 97' lang='lat'><em>-</em></span> <span class='ocrx_word' id='word_1_64' title='bbox 493 1237 680 1295; x_wconf 88' lang='lat' dir='ltr'><strong>Concil</strong></span> <span class='ocrx_word' id='word_1_65' title='bbox 710 1239 1050 1296; x_wconf 74' lang='lat' dir='ltr'><strong>Valentinum</strong></span> <span class='ocrx_word' id='word_1_66' title='bbox 1073 1243 1127 1296; x_wconf 88' lang='lat' dir='ltr'><strong>in</strong></span> <span class='ocrx_word' id='word_1_67' title='bbox 1155 1241 1326 1298; x_wconf 86' lang='lat' dir='ltr'><strong>Gallia</strong></span> <span class='ocrx_word' id='word_1_68' title='bbox 1346 1258 1437 1299; x_wconf 89' lang='lat' dir='ltr'><strong>ce-</strong></span> 
     </span>
    </p>
   </div>
   <div class='ocr_carea' id='block_1_12' title="bbox 422 1327 1437 1402">
    <p class='ocr_par' dir='ltr' id='par_1_12' title="bbox 422 1327 1437 1402">
     <span class='ocr_line' id='line_1_12' title="bbox 422 1327 1437 1402; baseline 0.006 -19"><span class='ocrx_word' id='word_1_69' title='bbox 422 1327 711 1393; x_wconf 74' lang='lat' dir='ltr'><strong>lebratum,</strong></span> <span class='ocrx_word' id='word_1_70' title='bbox 744 1331 834 1385; x_wconf 89' lang='lat' dir='ltr'><strong>ubi</strong></span> <span class='ocrx_word' id='word_1_71' title='bbox 864 1332 1105 1402; x_wconf 88' lang='lat' dir='ltr'><strong>quinque</strong></span> <span class='ocrx_word' id='word_1_72' title='bbox 1144 1331 1437 1390; x_wconf 74' lang='lat' dir='ltr'><strong>Galliarum</strong></span> 
     </span>
    </p>
   </div>
   <div class='ocr_carea' id='block_1_13' title="bbox 420 1418 1439 1480">
    <p class='ocr_par' dir='ltr' id='par_1_13' title="bbox 420 1418 1439 1480">
     <span class='ocr_line' id='line_1_13' title="bbox 420 1418 1439 1480; baseline 0.006 -7"><span class='ocrx_word' id='word_1_73' title='bbox 420 1418 725 1477; x_wconf 65' lang='lat' dir='ltr'><strong>Provincim</strong></span> <span class='ocrx_word' id='word_1_74' title='bbox 750 1428 1141 1477; x_wconf 76' lang='lat' dir='ltr'><strong>memorantur.</strong></span> <span class='ocrx_word' id='word_1_75' title='bbox 1172 1424 1304 1480; x_wconf 86' lang='lat' dir='ltr'><strong>Vide</strong></span> <span class='ocrx_word' id='word_1_76' title='bbox 1332 1424 1439 1479; x_wconf 86' lang='lat' dir='ltr'><strong>Pa-</strong></span> 
     </span>
    </p>
   </div>
   <div class='ocr_carea' id='block_1_14' title="bbox 417 1509 724 1580">
    <p class='ocr_par' dir='ltr' id='par_1_14' title="bbox 417 1509 724 1580">
     <span class='ocr_line' id='line_1_14' title="bbox 417 1509 724 1580; baseline 0.01 -17"><span class='ocrx_word' id='word_1_77' title='bbox 417 1509 565 1580; x_wconf 85' lang='lat' dir='ltr'><strong>gium</strong></span> <span class='ocrx_word' id='word_1_78' title='bbox 596 1510 724 1567; x_wconf 89' lang='lat' dir='ltr'><strong>Sen.</strong></span> 
     </span>
    </p>
   </div>
   <div class='ocr_carea' id='block_1_15' title="bbox 198 1598 347 1655">
    <p class='ocr_par' dir='ltr' id='par_1_15' title="bbox 198 1598 347 1655">
     <span class='ocr_line' id='line_1_15' title="bbox 198 1598 347 1655; baseline 0.013 -2"><span class='ocrx_word' id='word_1_79' title='bbox 198 1598 347 1655; x_wconf 82' lang='lat'><strong>5088</strong></span> 
     </span>
    </p>
   </div>
   <div class='ocr_carea' id='block_1_16' title="bbox 133 1689 1045 1766">
    <p class='ocr_par' dir='ltr' id='par_1_16' title="bbox 133 1689 1045 1766">
     <span class='ocr_line' id='line_1_16' title="bbox 133 1689 1045 1766; baseline 0.009 -25"><span class='ocrx_word' id='word_1_80' title='bbox 133 1692 211 1766; x_wconf 61' lang='grc' dir='ltr'><strong>ετ)</strong></span> <span class='ocrx_word' id='word_1_81' title='bbox 285 1689 363 1744; x_wconf 83' lang='grc'>20</span> <span class='ocrx_word' id='word_1_82' title='bbox 436 1699 589 1763; x_wconf 58' lang='grc' dir='ltr'><strong>ιηρ.</strong></span> <span class='ocrx_word' id='word_1_83' title='bbox 614 1694 702 1757; x_wconf 87' lang='grc'><strong>11,</strong></span> <span class='ocrx_word' id='word_1_84' title='bbox 736 1694 823 1759; x_wconf 89' lang='grc'><strong>12,</strong></span> <span class='ocrx_word' id='word_1_85' title='bbox 847 1710 941 1751; x_wconf 88' lang='lat' dir='ltr'><strong>cos</strong></span> <span class='ocrx_word' id='word_1_86' title='bbox 970 1712 1045 1751; x_wconf 80' lang='grc' dir='ltr'><strong>ιν.</strong></span> 
     </span>
    </p>
   </div>
   <div class='ocr_carea' id='block_1_17' title="bbox 133 1775 1437 1861">
    <p class='ocr_par' dir='ltr' id='par_1_17' title="bbox 133 1775 1437 1861">
     <span class='ocr_line' id='line_1_17' title="bbox 133 1775 1437 1861; baseline 0.008 -26"><span class='ocrx_word' id='word_1_87' title='bbox 133 1775 210 1849; x_wconf 66' lang='grc' dir='ltr'><strong><em>ο</em></strong></span> <span class='ocrx_word' id='word_1_88' title='bbox 279 1782 350 1837; x_wconf 78' lang='grc'><strong>15</strong></span> <span class='ocrx_word' id='word_1_89' title='bbox 496 1784 562 1838; x_wconf 87' lang='lat' dir='ltr'><strong>Et</strong></span> <span class='ocrx_word' id='word_1_90' title='bbox 607 1783 797 1841; x_wconf 84' lang='lat' dir='ltr'><strong>Valens</strong></span> <span class='ocrx_word' id='word_1_91' title='bbox 839 1788 959 1860; x_wconf 86' lang='lat' dir='ltr'><strong>Aug</strong></span> <span class='ocrx_word' id='word_1_92' title='bbox 1001 1799 1069 1843; x_wconf 92' lang='lat' dir='ltr'><strong>tr.</strong></span> <span class='ocrx_word' id='word_1_93' title='bbox 1120 1806 1174 1861; x_wconf 85' lang='lat' dir='ltr'><strong>p.</strong></span> <span class='ocrx_word' id='word_1_94' title='bbox 1227 1790 1437 1857; x_wconf 86' lang='lat'><strong>11,12,</strong></span> 
     </span>
    </p>
   </div>
   <div class='ocr_carea' id='block_1_18' title="bbox 239 1873 621 1929">
    <p class='ocr_par' dir='ltr' id='par_1_18' title="bbox 239 1873 621 1929">
     <span class='ocr_line' id='line_1_18' title="bbox 239 1873 621 1929; baseline 0 -3"><span class='ocrx_word' id='word_1_95' title='bbox 239 1873 292 1926; x_wconf 87' lang='lat' dir='ltr'><strong>D</strong></span> <span class='ocrx_word' id='word_1_96' title='bbox 424 1888 519 1929; x_wconf 85' lang='lat' dir='ltr'><strong>cos</strong></span> <span class='ocrx_word' id='word_1_97' title='bbox 546 1890 621 1929; x_wconf 81' lang='lat' dir='ltr'><strong>Iv.</strong></span> 
     </span>
    </p>
   </div>
   <div class='ocr_carea' id='block_1_19' title="bbox 177 1962 1438 2040">
    <p class='ocr_par' dir='ltr' id='par_1_19' title="bbox 177 1962 1438 2040">
     <span class='ocr_line' id='line_1_19' title="bbox 177 1962 1438 2040; baseline 0.006 -24"><span class='ocrx_word' id='word_1_98' title='bbox 177 1962 357 2018; x_wconf 81' lang='lat' dir='ltr'><strong>lndict</strong></span> <span class='ocrx_word' id='word_1_99' title='bbox 490 1965 558 2020; x_wconf 84' lang='lat' dir='ltr'><strong>Et</strong></span> <span class='ocrx_word' id='word_1_100' title='bbox 601 1964 891 2023; x_wconf 79' lang='lat' dir='ltr'><strong>Gratianus</strong></span> <span class='ocrx_word' id='word_1_101' title='bbox 934 1968 1052 2038; x_wconf 85' lang='lat' dir='ltr'><strong>Aug</strong></span> <span class='ocrx_word' id='word_1_102' title='bbox 1100 1976 1170 2022; x_wconf 86' lang='lat' dir='ltr'><strong>tr.</strong></span> <span class='ocrx_word' id='word_1_103' title='bbox 1220 1986 1275 2040; x_wconf 85' lang='lat' dir='ltr'><strong>p.</strong></span> <span class='ocrx_word' id='word_1_104' title='bbox 1301 1970 1353 2034; x_wconf 89' lang='grc'><strong>7,</strong></span> <span class='ocrx_word' id='word_1_105' title='bbox 1384 1969 1438 2034; x_wconf 89' lang='grc'>8,</span> 
     </span>
    </p>
   </div>
   <div class='ocr_carea' id='block_1_20' title="bbox 240 2070 631 2112">
    <p class='ocr_par' dir='ltr' id='par_1_20' title="bbox 240 2070 631 2112">
     <span class='ocr_line' id='line_1_20' title="bbox 240 2070 631 2112; baseline 0.003 -3"><span class='ocrx_word' id='word_1_106' title='bbox 240 2071 302 2109; x_wconf 91' lang='lat' dir='ltr'><strong>Ill</strong></span> <span class='ocrx_word' id='word_1_107' title='bbox 426 2070 521 2112; x_wconf 82' lang='lat' dir='ltr'><strong>COS</strong></span> <span class='ocrx_word' id='word_1_108' title='bbox 549 2072 631 2110; x_wconf 87' lang='grc'><strong>111.</strong></span> 
     </span>
    </p>
   </div>
   <div class='ocr_carea' id='block_1_21' title="bbox 199 2145 1435 2216">
    <p class='ocr_par' dir='ltr' id='par_1_21' title="bbox 199 2145 1435 2216">
     <span class='ocr_line' id='line_1_21' title="bbox 199 2145 1435 2216; baseline 0.002 -18"><span class='ocrx_word' id='word_1_109' title='bbox 199 2156 247 2198; x_wconf 79' lang='lat' dir='ltr'><strong>et</strong></span> <span class='ocrx_word' id='word_1_110' title='bbox 289 2162 344 2200; x_wconf 76' lang='grc' dir='ltr'><strong>ιν</strong></span> <span class='ocrx_word' id='word_1_111' title='bbox 492 2146 620 2202; x_wconf 84' lang='lat' dir='ltr'><strong>Post</strong></span> <span class='ocrx_word' id='word_1_112' title='bbox 647 2145 1019 2201; x_wconf 82' lang='lat' dir='ltr'><strong>Consultatum</strong></span> <span class='ocrx_word' id='word_1_113' title='bbox 1042 2145 1288 2202; x_wconf 89' lang='lat' dir='ltr'><strong>Gratiani</strong></span> <span class='ocrx_word' id='word_1_114' title='bbox 1318 2146 1435 2216; x_wconf 83' lang='lat' dir='ltr'><strong>Aug</strong></span> 
     </span>
    </p>
   </div>
   <div class='ocr_carea' id='block_1_22' title="bbox 376 2235 1424 2312">
    <p class='ocr_par' dir='ltr' id='par_1_22' title="bbox 376 2235 1424 2312">
     <span class='ocr_line' id='line_1_22' title="bbox 376 2235 1424 2312; baseline -0.002 -23"><span class='ocrx_word' id='word_1_115' title='bbox 376 2292 385 2312; x_wconf 46' lang='lat'><strong>,</strong></span> <span class='ocrx_word' id='word_1_116' title='bbox 426 2250 511 2301; x_wconf 82' lang='grc' dir='ltr'><strong>ιιι,</strong></span> <span class='ocrx_word' id='word_1_117' title='bbox 542 2244 598 2290; x_wconf 90' lang='lat' dir='ltr'><strong>et</strong></span> <span class='ocrx_word' id='word_1_118' title='bbox 651 2235 850 2305; x_wconf 85' lang='lat' dir='ltr'><strong>Equitii</strong></span> <span class='ocrx_word' id='word_1_119' title='bbox 901 2235 1112 2290; x_wconf 85' lang='lat' dir='ltr'><strong>Boldett</strong></span> <span class='ocrx_word' id='word_1_120' title='bbox 1164 2252 1267 2305; x_wconf 86' lang='lat' dir='ltr'><strong>pag</strong></span> <span class='ocrx_word' id='word_1_121' title='bbox 1301 2235 1424 2291; x_wconf 89' lang='lat'><strong>808.</strong></span> 
     </span>
    </p>
   </div>
   <div class='ocr_carea' id='block_1_23' title="bbox 422 2326 1432 2397">
    <p class='ocr_par' dir='ltr' id='par_1_23' title="bbox 422 2326 1432 2397">
     <span class='ocr_line' id='line_1_23' title="bbox 422 2326 1432 2397; baseline -0.001 -15"><span class='ocrx_word' id='word_1_122' title='bbox 422 2327 624 2382; x_wconf 90' lang='lat' dir='ltr'><strong>Gruter</strong></span> <span class='ocrx_word' id='word_1_123' title='bbox 670 2326 829 2390; x_wconf 84' lang='lat'><strong>1018,</strong></span> <span class='ocrx_word' id='word_1_124' title='bbox 853 2327 905 2382; x_wconf 90' lang='grc'>8.</span> <span class='ocrx_word' id='word_1_125' title='bbox 944 2328 1019 2380; x_wconf 90' lang='lat' dir='ltr'><strong>lta</strong></span> <span class='ocrx_word' id='word_1_126' title='bbox 1071 2327 1317 2397; x_wconf 87' lang='lat' dir='ltr'><strong>signatur</strong></span> <span class='ocrx_word' id='word_1_127' title='bbox 1345 2326 1432 2381; x_wconf 90' lang='lat' dir='ltr'><strong>hic</strong></span> 
     </span>
    </p>
   </div>
   <div class='ocr_carea' id='block_1_24' title="bbox 420 2416 1430 2488">
    <p class='ocr_par' dir='ltr' id='par_1_24' title="bbox 420 2416 1430 2488">
     <span class='ocr_line' id='line_1_24' title="bbox 420 2416 1430 2488; baseline -0.001 -15"><span class='ocrx_word' id='word_1_128' title='bbox 420 2433 595 2473; x_wconf 88' lang='lat' dir='ltr'><strong>annus</strong></span> <span class='ocrx_word' id='word_1_129' title='bbox 615 2419 667 2473; x_wconf 92' lang='lat' dir='ltr'><strong>in</strong></span> <span class='ocrx_word' id='word_1_130' title='bbox 683 2418 823 2488; x_wconf 89' lang='lat' dir='ltr'><strong>lapid</strong></span> <span class='ocrx_word' id='word_1_131' title='bbox 848 2418 988 2488; x_wconf 85' lang='lat' dir='ltr'><strong>apud</strong></span> <span class='ocrx_word' id='word_1_132' title='bbox 1012 2417 1209 2472; x_wconf 66' lang='lat' dir='ltr'><strong>lleines</strong></span> <span class='ocrx_word' id='word_1_133' title='bbox 1230 2434 1282 2487; x_wconf 90' lang='lat' dir='ltr'><strong>p.</strong></span> <span class='ocrx_word' id='word_1_134' title='bbox 1306 2416 1430 2472; x_wconf 82' lang='grc'><strong>997.</strong></span> 
     </span>
    </p>
   </div>
   <div class='ocr_carea' id='block_1_25' title="bbox 421 2507 1439 2579">
    <p class='ocr_par' dir='ltr' id='par_1_25' title="bbox 421 2507 1439 2579">
     <span class='ocr_line' id='line_1_25' title="bbox 421 2507 1439 2579; baseline -0.003 -14"><span class='ocrx_word' id='word_1_135' title='bbox 421 2509 624 2579; x_wconf 85' lang='lat' dir='ltr'><strong>Cringh</strong></span> <span class='ocrx_word' id='word_1_136' title='bbox 654 2508 716 2564; x_wconf 92' lang='lat' dir='ltr'><strong>T.</strong></span> <span class='ocrx_word' id='word_1_137' title='bbox 750 2507 806 2573; x_wconf 81' lang='lat'><strong>2,</strong></span> <span class='ocrx_word' id='word_1_138' title='bbox 834 2525 886 2579; x_wconf 92' lang='lat' dir='ltr'><strong>p.</strong></span> <span class='ocrx_word' id='word_1_139' title='bbox 917 2508 1038 2571; x_wconf 87' lang='lat'><strong>169,</strong></span> <span class='ocrx_word' id='word_1_140' title='bbox 1069 2517 1124 2563; x_wconf 89' lang='lat' dir='ltr'><strong>et</strong></span> <span class='ocrx_word' id='word_1_141' title='bbox 1150 2510 1201 2562; x_wconf 90' lang='lat' dir='ltr'><strong>iu</strong></span> <span class='ocrx_word' id='word_1_142' title='bbox 1233 2509 1439 2579; x_wconf 81' lang='lat' dir='ltr'><strong>legibus</strong></span> 
     </span>
    </p>
   </div>
   <div class='ocr_carea' id='block_1_26' title="bbox 424 2598 1436 2667">
    <p class='ocr_par' dir='ltr' id='par_1_26' title="bbox 424 2598 1436 2667">
     <span class='ocr_line' id='line_1_26' title="bbox 424 2598 1436 2667; baseline -0.002 -13"><span class='ocrx_word' id='word_1_143' title='bbox 424 2599 493 2654; x_wconf 88' lang='lat' dir='ltr'><strong>C.</strong></span> <span class='ocrx_word' id='word_1_144' title='bbox 523 2598 711 2654; x_wconf 88' lang='lat' dir='ltr'><strong>Theod</strong></span> <span class='ocrx_word' id='word_1_145' title='bbox 735 2601 802 2655; x_wconf 90' lang='lat' dir='ltr'><strong>de</strong></span> <span class='ocrx_word' id='word_1_146' title='bbox 826 2598 1004 2667; x_wconf 83' lang='lat' dir='ltr'><strong>Tyron</strong></span> <span class='ocrx_word' id='word_1_147' title='bbox 1046 2599 1083 2652; x_wconf 93' lang='lat' dir='ltr'><strong>I.</strong></span> <span class='ocrx_word' id='word_1_148' title='bbox 1125 2599 1179 2653; x_wconf 88' lang='lat'><strong>7.</strong></span> <span class='ocrx_word' id='word_1_149' title='bbox 1207 2598 1436 2667; x_wconf 86' lang='lat' dir='ltr'><strong>aliisque</strong></span> 
     </span>
    </p>
   </div>
   <div class='ocr_carea' id='block_1_27' title="bbox 417 2690 808 2763">
    <p class='ocr_par' dir='ltr' id='par_1_27' title="bbox 417 2690 808 2763">
     <span class='ocr_line' id='line_1_27' title="bbox 417 2690 808 2763; baseline -0.003 -17"><span class='ocrx_word' id='word_1_150' title='bbox 417 2691 561 2763; x_wconf 88' lang='lat' dir='ltr'><strong>apud</strong></span> <span class='ocrx_word' id='word_1_151' title='bbox 584 2690 808 2747; x_wconf 83' lang='lat' dir='ltr'><strong>Reland.</strong></span> 
     </span>
    </p>
   </div>
   <div class='ocr_carea' id='block_1_28' title="bbox 495 2782 1421 2856">
    <p class='ocr_par' dir='ltr' id='par_1_28' title="bbox 495 2782 1421 2856">
     <span class='ocr_line' id='line_1_28' title="bbox 495 2782 1421 2856; baseline 0.003 -19"><span class='ocrx_word' id='word_1_152' title='bbox 495 2782 643 2839; x_wconf 69' lang='lat' dir='ltr'><strong>Prmf</strong></span> <span class='ocrx_word' id='word_1_153' title='bbox 667 2783 797 2840; x_wconf 86' lang='lat' dir='ltr'><strong>llrbi</strong></span> <span class='ocrx_word' id='word_1_154' title='bbox 832 2800 975 2841; x_wconf 92' lang='lat' dir='ltr'><strong>anno</strong></span> <span class='ocrx_word' id='word_1_155' title='bbox 1006 2801 1064 2839; x_wconf 83' lang='grc' dir='ltr'><strong>ιι.</strong></span> <span class='ocrx_word' id='word_1_156' title='bbox 1097 2783 1421 2856; x_wconf 69' lang='lat' dir='ltr'><strong>Eupraxius.</strong></span> 
     </span>
    </p>
   </div>
   <div class='ocr_carea' id='block_1_29' title="bbox 494 2875 1429 2948">
    <p class='ocr_par' dir='ltr' id='par_1_29' title="bbox 494 2875 1429 2948">
     <span class='ocr_line' id='line_1_29' title="bbox 494 2875 1429 2948; baseline 0.001 -18"><span class='ocrx_word' id='word_1_157' title='bbox 494 2875 909 2932; x_wconf 73' lang='lat' dir='ltr'><strong>Valentinianus</strong></span> <span class='ocrx_word' id='word_1_158' title='bbox 956 2876 1275 2943; x_wconf 83' lang='lat' dir='ltr'><strong>Sarmatas,</strong></span> <span class='ocrx_word' id='word_1_159' title='bbox 1337 2877 1429 2948; x_wconf 90' lang='lat' dir='ltr'><strong>qui</strong></span> 
     </span>
    </p>
   </div>
   <div class='ocr_carea' id='block_1_30' title="bbox 422 2964 1429 3037">
    <p class='ocr_par' dir='ltr' id='par_1_30' title="bbox 422 2964 1429 3037">
     <span class='ocr_line' id='line_1_30' title="bbox 422 2964 1429 3037; baseline 0 -17"><span class='ocrx_word' id='word_1_160' title='bbox 422 2964 734 3021; x_wconf 87' lang='lat' dir='ltr'><strong>Pannonias</strong></span> <span class='ocrx_word' id='word_1_161' title='bbox 789 2967 1096 3030; x_wconf 70' lang='lat' dir='ltr'><strong>vastabant,</strong></span> <span class='ocrx_word' id='word_1_162' title='bbox 1122 2967 1261 3021; x_wconf 84' lang='lat' dir='ltr'><strong>bello</strong></span> <span class='ocrx_word' id='word_1_163' title='bbox 1290 2967 1429 3037; x_wconf 88' lang='lat' dir='ltr'><strong>peti-</strong></span> 
     </span>
    </p>
   </div>
   <div class='ocr_carea' id='block_1_31' title="bbox 421 3056 1432 3127">
    <p class='ocr_par' dir='ltr' id='par_1_31' title="bbox 421 3056 1432 3127">
     <span class='ocr_line' id='line_1_31' title="bbox 421 3056 1432 3127; baseline 0.003 -16"><span class='ocrx_word' id='word_1_164' title='bbox 421 3056 521 3112; x_wconf 90' lang='lat' dir='ltr'><strong>vit.</strong></span> <span class='ocrx_word' id='word_1_165' title='bbox 576 3057 895 3127; x_wconf 84' lang='lat' dir='ltr'><strong>Legatorum</strong></span> <span class='ocrx_word' id='word_1_166' title='bbox 927 3074 956 3112; x_wconf 91' lang='lat' dir='ltr'><strong>a</strong></span> <span class='ocrx_word' id='word_1_167' title='bbox 992 3058 1195 3124; x_wconf 84' lang='lat' dir='ltr'><strong>Quadis</strong></span> <span class='ocrx_word' id='word_1_168' title='bbox 1238 3060 1432 3114; x_wconf 86' lang='lat' dir='ltr'><strong>misso-</strong></span> 
     </span>
    </p>
   </div>
   <div class='ocr_carea' id='block_1_32' title="bbox 428 3146 1439 3218">
    <p class='ocr_par' dir='ltr' id='par_1_32' title="bbox 428 3146 1439 3218">
     <span class='ocr_line' id='line_1_32' title="bbox 428 3146 1439 3218; baseline 0.003 -19"><span class='ocrx_word' id='word_1_169' title='bbox 428 3161 545 3199; x_wconf 88' lang='lat' dir='ltr'><strong>rum</strong></span> <span class='ocrx_word' id='word_1_170' title='bbox 574 3146 816 3201; x_wconf 89' lang='lat' dir='ltr'><strong>oratione</strong></span> <span class='ocrx_word' id='word_1_171' title='bbox 838 3146 1211 3211; x_wconf 77' lang='lat' dir='ltr'><strong>exacerbatus,</strong></span> <span class='ocrx_word' id='word_1_172' title='bbox 1235 3157 1283 3201; x_wconf 87' lang='lat' dir='ltr'><strong>et</strong></span> <span class='ocrx_word' id='word_1_173' title='bbox 1315 3162 1439 3218; x_wconf 89' lang='lat' dir='ltr'><strong>apo-</strong></span> 
     </span>
    </p>
   </div>
   <div class='ocr_carea' id='block_1_33' title="bbox 421 3235 1441 3307">
    <p class='ocr_par' dir='ltr' id='par_1_33' title="bbox 421 3235 1441 3307">
     <span class='ocr_line' id='line_1_33' title="bbox 421 3235 1441 3307; baseline 0.005 -19"><span class='ocrx_word' id='word_1_174' title='bbox 421 3235 597 3307; x_wconf 76' lang='lat' dir='ltr'><strong>plexia</strong></span> <span class='ocrx_word' id='word_1_175' title='bbox 612 3245 892 3305; x_wconf 88' lang='lat' dir='ltr'><strong>correptus</strong></span> <span class='ocrx_word' id='word_1_176' title='bbox 907 3237 1203 3291; x_wconf 78' lang='lat' dir='ltr'><strong>exstinctus</strong></span> <span class='ocrx_word' id='word_1_177' title='bbox 1216 3247 1299 3292; x_wconf 88' lang='lat' dir='ltr'><strong>est</strong></span> <span class='ocrx_word' id='word_1_178' title='bbox 1311 3236 1441 3293; x_wconf 85' lang='lat' dir='ltr'><strong>Bre-</strong></span> 
     </span>
    </p>
   </div>
   <div class='ocr_carea' id='block_1_34' title="bbox 425 3326 1433 3396">
    <p class='ocr_par' dir='ltr' id='par_1_34' title="bbox 425 3326 1433 3396">
     <span class='ocr_line' id='line_1_34' title="bbox 425 3326 1433 3396; baseline 0.002 -15"><span class='ocrx_word' id='word_1_179' title='bbox 425 3327 630 3396; x_wconf 85' lang='lat' dir='ltr'><strong>gitione</strong></span> <span class='ocrx_word' id='word_1_180' title='bbox 662 3328 716 3381; x_wconf 91' lang='lat' dir='ltr'><strong>in</strong></span> <span class='ocrx_word' id='word_1_181' title='bbox 746 3326 1023 3382; x_wconf 85' lang='lat' dir='ltr'><strong>Pannonia</strong></span> <span class='ocrx_word' id='word_1_182' title='bbox 1052 3328 1116 3383; x_wconf 87' lang='lat'><strong>17</strong></span> <span class='ocrx_word' id='word_1_183' title='bbox 1162 3328 1433 3384; x_wconf 75' lang='lat' dir='ltr'><strong>Novembr</strong></span> 
     </span>
    </p>
   </div>
   <div class='ocr_carea' id='block_1_35' title="bbox 426 3418 1435 3487">
    <p class='ocr_par' dir='ltr' id='par_1_35' title="bbox 426 3418 1435 3487">
     <span class='ocr_line' id='line_1_35' title="bbox 426 3418 1435 3487; baseline 0.001 -16"><span class='ocrx_word' id='word_1_184' title='bbox 426 3433 550 3472; x_wconf 89' lang='lat' dir='ltr'><strong>cum</strong></span> <span class='ocrx_word' id='word_1_185' title='bbox 582 3418 900 3487; x_wconf 90' lang='lat' dir='ltr'><strong>imperasset</strong></span> <span class='ocrx_word' id='word_1_186' title='bbox 932 3435 1037 3473; x_wconf 88' lang='lat' dir='ltr'><strong>ann</strong></span> <span class='ocrx_word' id='word_1_187' title='bbox 1072 3435 1151 3482; x_wconf 78' lang='grc' dir='ltr'><strong>χι,</strong></span> <span class='ocrx_word' id='word_1_188' title='bbox 1189 3435 1340 3474; x_wconf 88' lang='lat' dir='ltr'><strong>mens</strong></span> <span class='ocrx_word' id='word_1_189' title='bbox 1361 3436 1435 3474; x_wconf 81' lang='lat' dir='ltr'><strong>Ix.</strong></span> 
     </span>
    </p>
   </div>
   <div class='ocr_carea' id='block_1_36' title="bbox 420 3507 1443 3581">
    <p class='ocr_par' dir='ltr' id='par_1_36' title="bbox 420 3507 1443 3581">
     <span class='ocr_line' id='line_1_36' title="bbox 420 3507 1443 3581; baseline 0 -16"><span class='ocrx_word' id='word_1_190' title='bbox 420 3507 589 3565; x_wconf 77' lang='lat' dir='ltr'><strong>Sexto</strong></span> <span class='ocrx_word' id='word_1_191' title='bbox 619 3509 704 3564; x_wconf 88' lang='lat' dir='ltr'><strong>die</strong></span> <span class='ocrx_word' id='word_1_192' title='bbox 733 3518 920 3579; x_wconf 88' lang='lat' dir='ltr'><strong>postea</strong></span> <span class='ocrx_word' id='word_1_193' title='bbox 974 3525 1165 3581; x_wconf 85' lang='lat' dir='ltr'><strong>nempe</strong></span> <span class='ocrx_word' id='word_1_194' title='bbox 1205 3511 1278 3565; x_wconf 86' lang='lat'><strong>22</strong></span> <span class='ocrx_word' id='word_1_195' title='bbox 1328 3510 1443 3566; x_wconf 83' lang='lat' dir='ltr'><strong>Nov</strong></span> 
     </span>
    </p>
   </div>
   <div class='ocr_carea' id='block_1_37' title="bbox 423 3601 1444 3675">
    <p class='ocr_par' dir='ltr' id='par_1_37' title="bbox 423 3601 1444 3675">
     <span class='ocr_line' id='line_1_37' title="bbox 423 3601 1444 3675; baseline 0 -17"><span class='ocrx_word' id='word_1_196' title='bbox 423 3601 506 3658; x_wconf 80' lang='grc' dir='ltr'><strong>ιη.</strong></span> <span class='ocrx_word' id='word_1_197' title='bbox 565 3601 1003 3659; x_wconf 67' lang='lat' dir='ltr'><strong>VALENTINIANUS</strong></span> <span class='ocrx_word' id='word_1_198' title='bbox 1056 3603 1250 3659; x_wconf 69' lang='lat' dir='ltr'><strong>JUNIOR</strong></span> <span class='ocrx_word' id='word_1_199' title='bbox 1308 3619 1444 3675; x_wconf 89' lang='lat' dir='ltr'><strong>puer</strong></span> 
     </span>
    </p>
   </div>
   <div class='ocr_carea' id='block_1_38' title="bbox 429 3694 1440 3764">
    <p class='ocr_par' dir='ltr' id='par_1_38' title="bbox 429 3694 1440 3764">
     <span class='ocr_line' id='line_1_38' title="bbox 429 3694 1440 3764; baseline -0.002 -14"><span class='ocrx_word' id='word_1_200' title='bbox 429 3696 749 3764; x_wconf 84' lang='lat' dir='ltr'><strong>quadrimus</strong></span> <span class='ocrx_word' id='word_1_201' title='bbox 790 3694 1017 3750; x_wconf 69' lang='lat' dir='ltr'><strong>Iustina:</strong></span> <span class='ocrx_word' id='word_1_202' title='bbox 1071 3695 1284 3760; x_wconf 79' lang='lat' dir='ltr'><strong>Matris,</strong></span> <span class='ocrx_word' id='word_1_203' title='bbox 1331 3694 1440 3748; x_wconf 85' lang='lat' dir='ltr'><strong>Nn-</strong></span> 
     </span>
    </p>
   </div>
   <div class='ocr_carea' id='block_1_39' title="bbox 431 3785 1446 3857">
    <p class='ocr_par' dir='ltr' id='par_1_39' title="bbox 431 3785 1446 3857">
     <span class='ocr_line' id='line_1_39' title="bbox 431 3785 1446 3857; baseline 0.003 -20"><span class='ocrx_word' id='word_1_204' title='bbox 431 3800 610 3842; x_wconf 66' lang='lat' dir='ltr'><strong>vercas</strong></span> <span class='ocrx_word' id='word_1_205' title='bbox 660 3785 907 3841; x_wconf 82' lang='lat' dir='ltr'><strong>Gratiani</strong></span> <span class='ocrx_word' id='word_1_206' title='bbox 938 3801 1103 3856; x_wconf 86' lang='lat' dir='ltr'><strong>opera</strong></span> <span class='ocrx_word' id='word_1_207' title='bbox 1147 3786 1446 3857; x_wconf 85' lang='lat' dir='ltr'><strong>Imperator</strong></span> 
     </span>
    </p>
   </div>
   <div class='ocr_carea' id='block_1_40' title="bbox 424 3877 1448 3948">
    <p class='ocr_par' dir='ltr' id='par_1_40' title="bbox 424 3877 1448 3948">
     <span class='ocr_line' id='line_1_40' title="bbox 424 3877 1448 3948; baseline 0.001 -17"><span class='ocrx_word' id='word_1_208' title='bbox 424 3877 702 3948; x_wconf 81' lang='lat' dir='ltr'><strong>Augustus</strong></span> <span class='ocrx_word' id='word_1_209' title='bbox 722 3887 937 3933; x_wconf 87' lang='lat' dir='ltr'><strong>creatus</strong></span> <span class='ocrx_word' id='word_1_210' title='bbox 960 3887 1044 3933; x_wconf 88' lang='lat' dir='ltr'><strong>est</strong></span> <span class='ocrx_word' id='word_1_211' title='bbox 1071 3896 1085 3932; x_wconf 91' lang='lat'><strong>:</strong></span> <span class='ocrx_word' id='word_1_212' title='bbox 1116 3878 1204 3934; x_wconf 89' lang='lat' dir='ltr'><strong>cui</strong></span> <span class='ocrx_word' id='word_1_213' title='bbox 1233 3877 1448 3934; x_wconf 84' lang='lat' dir='ltr'><strong>Gratia—</strong></span> 
     </span>
    </p>
   </div>
   <div class='ocr_carea' id='block_1_41' title="bbox 429 3969 1448 4041">
    <p class='ocr_par' dir='ltr' id='par_1_41' title="bbox 429 3969 1448 4041">
     <span class='ocr_line' id='line_1_41' title="bbox 429 3969 1448 4041; baseline 0 -16"><span class='ocrx_word' id='word_1_214' title='bbox 429 3986 536 4027; x_wconf 86' lang='lat' dir='ltr'><strong>nus</strong></span> <span class='ocrx_word' id='word_1_215' title='bbox 564 3969 795 4036; x_wconf 89' lang='lat' dir='ltr'><strong>ltaliam,</strong></span> <span class='ocrx_word' id='word_1_216' title='bbox 818 3970 1079 4035; x_wconf 83' lang='lat' dir='ltr'><strong>Africam,</strong></span> <span class='ocrx_word' id='word_1_217' title='bbox 1103 3979 1155 4026; x_wconf 90' lang='lat' dir='ltr'><strong>et</strong></span> <span class='ocrx_word' id='word_1_218' title='bbox 1177 3970 1448 4041; x_wconf 82' lang='lat' dir='ltr'><strong>Illyricum</strong></span> 
     </span>
    </p>
   </div>
   <div class='ocr_carea' id='block_1_42' title="bbox 426 4056 1442 4131">
    <p class='ocr_par' dir='ltr' id='par_1_42' title="bbox 426 4056 1442 4131">
     <span class='ocr_line' id='line_1_42' title="bbox 426 4056 1442 4131; baseline -0.003 -13"><span class='ocrx_word' id='word_1_219' title='bbox 426 4061 718 4126; x_wconf 89' lang='lat' dir='ltr'><strong>concessit,</strong></span> <span class='ocrx_word' id='word_1_220' title='bbox 747 4061 861 4131; x_wconf 86' lang='lat' dir='ltr'><strong>ipse</strong></span> <span class='ocrx_word' id='word_1_221' title='bbox 891 4062 1114 4131; x_wconf 86' lang='lat' dir='ltr'><strong>reliquis</strong></span> <span class='ocrx_word' id='word_1_222' title='bbox 1142 4056 1442 4117; x_wconf 58' lang='lat' dir='ltr'><strong>Occid&#39;lm-</strong></span> 
     </span>
    </p>
   </div>
   <div class='ocr_carea' id='block_1_43' title="bbox 424 4150 1444 4221">
    <p class='ocr_par' dir='ltr' id='par_1_43' title="bbox 424 4150 1444 4221">
     <span class='ocr_line' id='line_1_43' title="bbox 424 4150 1444 4221; baseline -0.001 -16"><span class='ocrx_word' id='word_1_223' title='bbox 424 4152 559 4221; x_wconf 88' lang='lat' dir='ltr'><strong>perii</strong></span> <span class='ocrx_word' id='word_1_224' title='bbox 610 4150 910 4206; x_wconf 88' lang='lat' dir='ltr'><strong>Provinciis</strong></span> <span class='ocrx_word' id='word_1_225' title='bbox 963 4160 1269 4206; x_wconf 86' lang='lat' dir='ltr'><strong>contentus.</strong></span> <span class='ocrx_word' id='word_1_226' title='bbox 1313 4150 1444 4204; x_wconf 88' lang='lat' dir='ltr'><strong>Am-</strong></span> 
     </span>
    </p>
   </div>
   <div class='ocr_carea' id='block_1_44' title="bbox 430 4241 1435 4307">
    <p class='ocr_par' dir='ltr' id='par_1_44' title="bbox 430 4241 1435 4307">
     <span class='ocr_line' id='line_1_44' title="bbox 430 4241 1435 4307; baseline 0.001 -10"><span class='ocrx_word' id='word_1_227' title='bbox 430 4243 577 4298; x_wconf 89' lang='lat' dir='ltr'><strong>mian</strong></span> <span class='ocrx_word' id='word_1_228' title='bbox 623 4242 679 4297; x_wconf 92' lang='lat' dir='ltr'><strong>in</strong></span> <span class='ocrx_word' id='word_1_229' title='bbox 705 4242 778 4297; x_wconf 82' lang='lat' dir='ltr'><strong>ﬁn</strong></span> <span class='ocrx_word' id='word_1_230' title='bbox 825 4242 899 4299; x_wconf 90' lang='lat' dir='ltr'><strong>lib</strong></span> <span class='ocrx_word' id='word_1_231' title='bbox 941 4241 1031 4298; x_wconf 79' lang='lat'><strong>30.</strong></span> <span class='ocrx_word' id='word_1_232' title='bbox 1064 4243 1242 4299; x_wconf 86' lang='lat' dir='ltr'><strong>Zosim</strong></span> <span class='ocrx_word' id='word_1_233' title='bbox 1288 4242 1360 4298; x_wconf 85' lang='lat' dir='ltr'><strong>lib</strong></span> <span class='ocrx_word' id='word_1_234' title='bbox 1382 4242 1435 4307; x_wconf 63' lang='lat'><strong>«1,</strong></span> 
     </span>
    </p>
   </div>
   <div class='ocr_carea' id='block_1_45' title="bbox 426 4332 598 4390">
    <p class='ocr_par' dir='ltr' id='par_1_45' title="bbox 426 4332 598 4390">
     <span class='ocr_line' id='line_1_45' title="bbox 426 4332 598 4390; baseline -0.017 0"><span class='ocrx_word' id='word_1_235' title='bbox 426 4348 477 4390; x_wconf 90' lang='lat' dir='ltr'><strong>c.</strong></span> <span class='ocrx_word' id='word_1_236' title='bbox 512 4332 598 4388; x_wconf 89' lang='lat'><strong>19.</strong></span> 
     </span>
    </p>
   </div>
   <div class='ocr_carea' id='block_1_46' title="bbox 222 4418 1405 4493">
    <p class='ocr_par' dir='ltr' id='par_1_46' title="bbox 222 4418 1405 4493">
     <span class='ocr_line' id='line_1_46' title="bbox 222 4418 1405 4493; baseline -0.006 -12"><span class='ocrx_word' id='word_1_237' title='bbox 222 4423 364 4481; x_wconf 74' lang='lat'><strong>5089</strong></span> <span class='ocrx_word' id='word_1_238' title='bbox 504 4421 690 4493; x_wconf 88' lang='lat' dir='ltr'><strong>Imppp</strong></span> <span class='ocrx_word' id='word_1_239' title='bbox 746 4420 922 4477; x_wconf 73' lang='lat' dir='ltr'><strong>Czcsss</strong></span> <span class='ocrx_word' id='word_1_240' title='bbox 965 4418 1155 4475; x_wconf 87' lang='lat' dir='ltr'><strong>Valens</strong></span> <span class='ocrx_word' id='word_1_241' title='bbox 1180 4420 1299 4490; x_wconf 86' lang='lat' dir='ltr'><strong>Aug</strong></span> <span class='ocrx_word' id='word_1_242' title='bbox 1336 4428 1405 4475; x_wconf 91' lang='lat' dir='ltr'><strong>tr.</strong></span> 
     </span>
    </p>
   </div>
   <div class='ocr_carea' id='block_1_47' title="bbox 155 4511 898 4587">
    <p class='ocr_par' dir='ltr' id='par_1_47' title="bbox 155 4511 898 4587">
     <span class='ocr_line' id='line_1_47' title="bbox 155 4511 898 4587; baseline -0.007 -18"><span class='ocrx_word' id='word_1_243' title='bbox 288 4513 356 4567; x_wconf 84' lang='lat'><strong>21</strong></span> <span class='ocrx_word' id='word_1_244' title='bbox 433 4512 701 4583; x_wconf 78' lang='lat' dir='ltr'><strong>p.12,13,</strong></span> <span class='ocrx_word' id='word_1_245' title='bbox 733 4511 898 4583; x_wconf 72' lang='lat' dir='ltr'><strong>cos;v.</strong></span> 
     </span>
    </p>
   </div>
   <div class='ocr_carea' id='block_1_48' title="bbox 157 4594 1439 4672">
    <p class='ocr_par' dir='ltr' id='par_1_48' title="bbox 157 4594 1439 4672">
     <span class='ocr_line' id='line_1_48' title="bbox 157 4594 1439 4672; baseline 0.001 -13"><span class='ocrx_word' id='word_1_246' title='bbox 157 4596 228 4671; x_wconf 67' lang='grc' dir='ltr'><strong>Ο</strong></span> <span class='ocrx_word' id='word_1_247' title='bbox 286 4605 357 4659; x_wconf 89' lang='grc'><strong>16</strong></span> <span class='ocrx_word' id='word_1_248' title='bbox 501 4603 569 4658; x_wconf 84' lang='lat' dir='ltr'><strong>Et</strong></span> <span class='ocrx_word' id='word_1_249' title='bbox 612 4594 1048 4672; x_wconf 45' lang='lat' dir='ltr'><strong>Gratianus&#39;Aug</strong></span> <span class='ocrx_word' id='word_1_250' title='bbox 1102 4612 1169 4656; x_wconf 89' lang='lat' dir='ltr'><strong>tr.</strong></span> <span class='ocrx_word' id='word_1_251' title='bbox 1199 4617 1255 4672; x_wconf 88' lang='lat' dir='ltr'><strong>p.</strong></span> <span class='ocrx_word' id='word_1_252' title='bbox 1296 4603 1353 4670; x_wconf 90' lang='lat'><strong>8,</strong></span> <span class='ocrx_word' id='word_1_253' title='bbox 1383 4604 1439 4669; x_wconf 90' lang='lat'><strong>9,</strong></span> 
     </span>
    </p>
   </div>
   <div class='ocr_carea' id='block_1_49' title="bbox 220 4682 1455 4752">
    <p class='ocr_par' dir='ltr' id='par_1_49' title="bbox 220 4682 1455 4752">
     <span class='ocr_line' id='line_1_49' title="bbox 220 4682 1455 4752; baseline -0.002 -2"><span class='ocrx_word' id='word_1_254' title='bbox 220 4694 345 4750; x_wconf 87' lang='lat' dir='ltr'><strong><em>CB</em></strong></span> <span class='ocrx_word' id='word_1_255' title='bbox 428 4710 523 4752; x_wconf 86' lang='lat' dir='ltr'><strong>cos</strong></span> <span class='ocrx_word' id='word_1_256' title='bbox 570 4712 653 4751; x_wconf 80' lang='grc' dir='ltr'><strong>ιη.</strong></span> <span class='ocrx_word' id='word_1_257' title='bbox 1348 4685 1352 4689; x_wconf 77' lang='grc'><em>’</em></span> <span class='ocrx_word' id='word_1_258' title='bbox 1450 4682 1455 4687; x_wconf 80' lang='grc'><em>’</em></span> 
     </span>
    </p>
   </div>
   <div class='ocr_carea' id='block_1_50' title="bbox 187 4777 1444 4859">
    <p class='ocr_par' dir='ltr' id='par_1_50' title="bbox 187 4777 1444 4859">
     <span class='ocr_line' id='line_1_50' title="bbox 187 4777 1444 4859; baseline 0.002 -18"><span class='ocrx_word' id='word_1_259' title='bbox 187 4786 387 4842; x_wconf 74' lang='lat' dir='ltr'><strong>India.</strong></span> <span class='ocrx_word' id='word_1_260' title='bbox 498 4787 565 4843; x_wconf 87' lang='lat' dir='ltr'><strong>Et</strong></span> <span class='ocrx_word' id='word_1_261' title='bbox 591 4785 997 4842; x_wconf 88' lang='lat' dir='ltr'><strong>Valentinianus</strong></span> <span class='ocrx_word' id='word_1_262' title='bbox 1019 4784 1121 4841; x_wconf 83' lang='lat' dir='ltr'><strong>Jun</strong></span> <span class='ocrx_word' id='word_1_263' title='bbox 1144 4787 1262 4858; x_wconf 86' lang='lat' dir='ltr'><strong>Aug</strong></span> <span class='ocrx_word' id='word_1_264' title='bbox 1289 4777 1361 4842; x_wconf 77' lang='lat' dir='ltr'><strong>tr.</strong></span> <span class='ocrx_word' id='word_1_265' title='bbox 1390 4803 1444 4859; x_wconf 89' lang='lat' dir='ltr'><strong>p.</strong></span> 
     </span>
    </p>
   </div>
   <div class='ocr_carea' id='block_1_51' title="bbox 259 4870 1443 4959">
    <p class='ocr_par' dir='ltr' id='par_1_51' title="bbox 259 4870 1443 4959">
     <span class='ocr_line' id='line_1_51' title="bbox 259 4870 1443 4959; baseline -0.001 -24"><span class='ocrx_word' id='word_1_266' title='bbox 259 4897 312 4935; x_wconf 79' lang='lat' dir='ltr'><strong>tv</strong></span> <span class='ocrx_word' id='word_1_267' title='bbox 427 4870 478 4946; x_wconf 85' lang='lat'><strong>1,</strong></span> <span class='ocrx_word' id='word_1_268' title='bbox 512 4887 568 4935; x_wconf 91' lang='lat' dir='ltr'><strong>et</strong></span> <span class='ocrx_word' id='word_1_269' title='bbox 610 4893 679 4934; x_wconf 82' lang='lat' dir='ltr'><strong>ex</strong></span> <span class='ocrx_word' id='word_1_270' title='bbox 728 4878 814 4933; x_wconf 88' lang='lat' dir='ltr'><strong>die</strong></span> <span class='ocrx_word' id='word_1_271' title='bbox 840 4879 912 4933; x_wconf 88' lang='lat'><strong>22</strong></span> <span class='ocrx_word' id='word_1_272' title='bbox 950 4878 1076 4934; x_wconf 86' lang='lat' dir='ltr'><strong>&#39;Nov</strong></span> <span class='ocrx_word' id='word_1_273' title='bbox 1128 4879 1182 4944; x_wconf 86' lang='lat'><strong>2,</strong></span> <span class='ocrx_word' id='word_1_274' title='bbox 1222 4895 1335 4936; x_wconf 88' lang='lat' dir='ltr'><strong>cos.</strong></span> <span class='ocrx_word' id='word_1_275' title='bbox 1436 4954 1443 4959; x_wconf 89' lang='lat'><em>_</em></span> 
     </span>
    </p>
   </div>
   <div class='ocr_carea' id='block_1_52' title="bbox 224 4968 1205 5061">
    <p class='ocr_par' dir='ltr' id='par_1_52' title="bbox 224 4968 1205 5061">
     <span class='ocr_line' id='line_1_52' title="bbox 224 4968 1205 5061; baseline 0 0"><span class='ocrx_word' id='word_1_276' title='bbox 224 4981 267 5025; x_wconf 70' lang='grc' dir='ltr'><em>θ’</em></span> <span class='ocrx_word' id='word_1_277' title='bbox 314 4987 345 5025; x_wconf 68' lang='grc' dir='ltr'><strong>ν</strong></span> <span class='ocrx_word' id='word_1_278' title='bbox 433 5004 569 5061; x_wconf 83' lang='lat' dir='ltr'><strong>Coss</strong></span> <span class='ocrx_word' id='word_1_279' title='bbox 607 4968 753 5061; x_wconf 61' lang='lat' dir='ltr'><strong>&#39;ng</strong></span> <span class='ocrx_word' id='word_1_280' title='bbox 775 4968 1205 5061; x_wconf 57' lang='grc' dir='ltr'><strong>ἕξιέεενξεέξξιξέο</strong></span> 
     </span>
    </p>
   </div>
   <div class='ocr_carea' id='block_1_53' title="bbox 638 5037 1350 5109">
    <p class='ocr_par' dir='ltr' id='par_1_53' title="bbox 638 5037 1350 5109">
     <span class='ocr_line' id='line_1_53' title="bbox 638 5037 1350 5109; baseline 0 -16"><span class='ocrx_word' id='word_1_281' title='bbox 638 5037 752 5108; x_wconf 83' lang='lat' dir='ltr'><strong>Imp</strong></span> <span class='ocrx_word' id='word_1_282' title='bbox 775 5037 1182 5094; x_wconf 75' lang='lat' dir='ltr'><strong>Valentiniauns</strong></span> <span class='ocrx_word' id='word_1_283' title='bbox 1210 5038 1350 5109; x_wconf 87' lang='lat' dir='ltr'><strong>Aug.</strong></span> 
     </span>
    </p>
   </div>
   <div class='ocr_carea' id='block_1_54' title="bbox 512 5131 1448 5202">
    <p class='ocr_par' dir='ltr' id='par_1_54' title="bbox 512 5131 1448 5202">
     <span class='ocr_line' id='line_1_54' title="bbox 512 5131 1448 5202; baseline 0.001 -16"><span class='ocrx_word' id='word_1_284' title='bbox 512 5131 615 5188; x_wconf 83' lang='lat' dir='ltr'><strong>Vet</strong></span> <span class='ocrx_word' id='word_1_285' title='bbox 634 5131 1068 5202; x_wconf 88' lang='lat' dir='ltr'><strong>inscriptGrnter</strong></span> <span class='ocrx_word' id='word_1_286' title='bbox 1094 5131 1182 5197; x_wconf 90' lang='lat'><strong>17,</strong></span> <span class='ocrx_word' id='word_1_287' title='bbox 1211 5131 1243 5184; x_wconf 74' lang='grc'><strong>4</strong></span> <span class='ocrx_word' id='word_1_288' title='bbox 1280 5142 1335 5186; x_wconf 91' lang='lat' dir='ltr'><strong>et</strong></span> <span class='ocrx_word' id='word_1_289' title='bbox 1356 5132 1448 5196; x_wconf 81' lang='grc'>28,</span> 
     </span>
    </p>
   </div>
   <div class='ocr_carea' id='block_1_55' title="bbox 437 5222 1450 5293">
    <p class='ocr_par' dir='ltr' id='par_1_55' title="bbox 437 5222 1450 5293">
     <span class='ocr_line' id='line_1_55' title="bbox 437 5222 1450 5293; baseline -0.002 -14"><span class='ocrx_word' id='word_1_290' title='bbox 437 5224 551 5279; x_wconf 85' lang='lat' dir='ltr'><strong>2ct</strong></span> <span class='ocrx_word' id='word_1_291' title='bbox 575 5222 696 5290; x_wconf 84' lang='lat'><strong>192,</strong></span> <span class='ocrx_word' id='word_1_292' title='bbox 746 5224 781 5278; x_wconf 79' lang='grc'>5</span> <span class='ocrx_word' id='word_1_293' title='bbox 809 5233 863 5278; x_wconf 89' lang='lat' dir='ltr'><strong>et</strong></span> <span class='ocrx_word' id='word_1_294' title='bbox 911 5223 1066 5288; x_wconf 91' lang='lat'><strong>1080,</strong></span> <span class='ocrx_word' id='word_1_295' title='bbox 1108 5224 1164 5287; x_wconf 70' lang='grc'><strong>4,</strong></span> <span class='ocrx_word' id='word_1_296' title='bbox 1207 5231 1262 5277; x_wconf 91' lang='lat' dir='ltr'><strong>et</strong></span> <span class='ocrx_word' id='word_1_297' title='bbox 1306 5223 1450 5293; x_wconf 75' lang='lat' dir='ltr'><strong>leges</strong></span> 
     </span>
    </p>
   </div>
   <div class='ocr_carea' id='block_1_56' title="bbox 436 5313 1429 5385">
    <p class='ocr_par' dir='ltr' id='par_1_56' title="bbox 436 5313 1429 5385">
     <span class='ocr_line' id='line_1_56' title="bbox 436 5313 1429 5385; baseline -0.001 -17"><span class='ocrx_word' id='word_1_298' title='bbox 436 5314 621 5385; x_wconf 88' lang='lat' dir='ltr'><strong>plures</strong></span> <span class='ocrx_word' id='word_1_299' title='bbox 669 5316 807 5385; x_wconf 88' lang='lat' dir='ltr'><strong>apud</strong></span> <span class='ocrx_word' id='word_1_300' title='bbox 861 5314 1061 5370; x_wconf 67' lang='lat' dir='ltr'><strong>lleland</strong></span> <span class='ocrx_word' id='word_1_301' title='bbox 1096 5323 1156 5368; x_wconf 91' lang='lat' dir='ltr'><strong>ut</strong></span> <span class='ocrx_word' id='word_1_302' title='bbox 1203 5313 1239 5366; x_wconf 93' lang='lat' dir='ltr'><strong>l.</strong></span> <span class='ocrx_word' id='word_1_303' title='bbox 1288 5314 1344 5378; x_wconf 78' lang='grc'><strong>5,</strong></span> <span class='ocrx_word' id='word_1_304' title='bbox 1398 5328 1429 5367; x_wconf 92' lang='lat' dir='ltr'><strong>c</strong></span> 
     </span>
    </p>
   </div>
   <div class='ocr_carea' id='block_1_57' title="bbox 442 5406 1011 5463">
    <p class='ocr_par' dir='ltr' id='par_1_57' title="bbox 442 5406 1011 5463">
     <span class='ocr_line' id='line_1_57' title="bbox 442 5406 1011 5463; baseline 0 -2"><span class='ocrx_word' id='word_1_305' title='bbox 442 5406 626 5463; x_wconf 90' lang='lat' dir='ltr'><strong>Theod</strong></span> <span class='ocrx_word' id='word_1_306' title='bbox 656 5408 720 5463; x_wconf 87' lang='lat' dir='ltr'><strong>de</strong></span> <span class='ocrx_word' id='word_1_307' title='bbox 750 5406 1011 5462; x_wconf 73' lang='lat' dir='ltr'><strong>scaenicis.</strong></span> 
     </span>
    </p>
   </div>
   <div class='ocr_carea' id='block_1_58' title="bbox 454 5492 1451 5568">
    <p class='ocr_par' dir='ltr' id='par_1_58' title="bbox 454 5492 1451 5568">
     <span class='ocr_line' id='line_1_58' title="bbox 454 5492 1451 5568; baseline 0.002 -21"><span class='ocrx_word' id='word_1_308' title='bbox 454 5544 459 5547; x_wconf 94' lang='lat'>_</span> <span class='ocrx_word' id='word_1_309' title='bbox 519 5496 663 5552; x_wconf 66' lang='lat' dir='ltr'><strong>Praei</strong></span> <span class='ocrx_word' id='word_1_310' title='bbox 678 5497 806 5555; x_wconf 86' lang='lat' dir='ltr'><strong>Urbi</strong></span> <span class='ocrx_word' id='word_1_311' title='bbox 823 5506 944 5568; x_wconf 90' lang='lat' dir='ltr'><strong>post</strong></span> <span class='ocrx_word' id='word_1_312' title='bbox 971 5495 1296 5565; x_wconf 76' lang='lat' dir='ltr'><strong>Eupraxium</strong></span> <span class='ocrx_word' id='word_1_313' title='bbox 1318 5492 1451 5549; x_wconf 78' lang='lat' dir='ltr'><strong>Pio-</strong></span> 
     </span>
    </p>
   </div>
   <div class='ocr_carea' id='block_1_59' title="bbox 447 5588 652 5650">
    <p class='ocr_par' dir='ltr' id='par_1_59' title="bbox 447 5588 652 5650">
     <span class='ocr_line' id='line_1_59' title="bbox 447 5588 652 5650; baseline -0.005 -7"><span class='ocrx_word' id='word_1_314' title='bbox 447 5588 652 5650; x_wconf 74' lang='lat' dir='ltr'><strong>bianus.</strong></span> 
     </span>
    </p>
   </div>
   <div class='ocr_carea' id='block_1_60' title="bbox 428 1601 1650 1680">
    <p class='ocr_par' dir='ltr' id='par_1_60' title="bbox 428 1601 1650 1680">
     <span class='ocr_line' id='line_1_60' title="bbox 428 1601 1650 1680; baseline 0.009 -27"><span class='ocrx_word' id='word_1_315' title='bbox 428 1642 443 1651; x_wconf 88' lang='lat'><strong>.</strong></span> <span class='ocrx_word' id='word_1_316' title='bbox 488 1601 675 1672; x_wconf 84' lang='lat' dir='ltr'><strong>lmppp</strong></span> <span class='ocrx_word' id='word_1_317' title='bbox 704 1603 880 1659; x_wconf 69' lang='lat' dir='ltr'><strong>Caasss</strong></span> <span class='ocrx_word' id='word_1_318' title='bbox 904 1605 1310 1662; x_wconf 87' lang='lat' dir='ltr'><strong>Valentinianus</strong></span> <span class='ocrx_word' id='word_1_319' title='bbox 1334 1608 1452 1680; x_wconf 83' lang='lat' dir='ltr'><strong>Aug</strong></span> <span class='ocrx_word' id='word_1_320' title='bbox 1515 1610 1650 1665; x_wconf 87' lang='lat'><strong>1127</strong></span> 
     </span>
    </p>
   </div>
   <div class='ocr_carea' id='block_1_61' title="bbox 1512 1702 1648 1757">
    <p class='ocr_par' dir='ltr' id='par_1_61' title="bbox 1512 1702 1648 1757">
     <span class='ocr_line' id='line_1_61' title="bbox 1512 1702 1648 1757; baseline 0.022 -3"><span class='ocrx_word' id='word_1_321' title='bbox 1512 1702 1648 1757; x_wconf 63' lang='lat'><strong>1128</strong></span> 
     </span>
    </p>
   </div>
   <div class='ocr_carea' id='block_1_62' title="bbox 1748 1768 1796 1837">
    <p class='ocr_par' dir='ltr' id='par_1_62' title="bbox 1748 1768 1796 1837">
     <span class='ocr_line' id='line_1_62' title="bbox 1748 1768 1796 1837; baseline 0 0"><span class='ocrx_word' id='word_1_322' title='bbox 1748 1768 1796 1837; x_wconf 77' lang='grc' dir='ltr'><strong><em>Β</em></strong></span> 
     </span>
    </p>
   </div>
   <div class='ocr_carea' id='block_1_63' title="bbox 1521 4419 1659 4474">
    <p class='ocr_par' dir='ltr' id='par_1_63' title="bbox 1521 4419 1659 4474">
     <span class='ocr_line' id='line_1_63' title="bbox 1521 4419 1659 4474; baseline 0 0"><span class='ocrx_word' id='word_1_323' title='bbox 1521 4419 1659 4474; x_wconf 75' lang='grc'><strong>1128</strong></span> 
     </span>
    </p>
   </div>
   <div class='ocr_carea' id='block_1_64' title="bbox 1454 4498 1659 4567">
    <p class='ocr_par' dir='ltr' id='par_1_64' title="bbox 1454 4498 1659 4567">
     <span class='ocr_line' id='line_1_64' title="bbox 1454 4498 1659 4567; baseline 0.015 -3"><span class='ocrx_word' id='word_1_324' title='bbox 1454 4498 1455 4503; x_wconf 22' lang='grc'><strong>¹</strong></span> <span class='ocrx_word' id='word_1_325' title='bbox 1523 4510 1659 4567; x_wconf 82' lang='grc'><strong>1129</strong></span> 
     </span>
    </p>
   </div>
   <div class='ocr_carea' id='block_1_65' title="bbox 1859 495 2067 566">
    <p class='ocr_par' dir='ltr' id='par_1_65' title="bbox 1859 495 2067 566">
     <span class='ocr_line' id='line_1_65' title="bbox 1859 495 2067 566; baseline 0 -17"><span class='ocrx_word' id='word_1_326' title='bbox 1859 495 2067 566; x_wconf 78' lang='lat' dir='ltr'><strong>Olymp.</strong></span> 
     </span>
    </p>
   </div>
   <div class='ocr_carea' id='block_1_66' title="bbox 1916 4430 1979 4472">
    <p class='ocr_par' dir='ltr' id='par_1_66' title="bbox 1916 4430 1979 4472">
     <span class='ocr_line' id='line_1_66' title="bbox 1916 4430 1979 4472; baseline -0.016 0"><span class='ocrx_word' id='word_1_327' title='bbox 1916 4430 1979 4472; x_wconf 82' lang='grc'><strong>111</strong></span> 
     </span>
    </p>
   </div>
   <div class='ocr_carea' id='block_1_67' title="bbox 1922 4522 1975 4561">
    <p class='ocr_par' dir='ltr' id='par_1_67' title="bbox 1922 4522 1975 4561">
     <span class='ocr_line' id='line_1_67' title="bbox 1922 4522 1975 4561; baseline 0 0"><span class='ocrx_word' id='word_1_328' title='bbox 1922 4522 1975 4561; x_wconf 71' lang='lat' dir='ltr'><strong>IV</strong></span> 
     </span>
    </p>
   </div>
   <div class='ocr_carea' id='block_1_68' title="bbox 2177 497 3336 565">
    <p class='ocr_par' dir='ltr' id='par_1_68' title="bbox 2177 497 3336 565">
     <span class='ocr_line' id='line_1_68' title="bbox 2177 497 3336 565; baseline 0.004 -18"><span class='ocrx_word' id='word_1_329' title='bbox 2177 498 2423 565; x_wconf 69' lang='lat' dir='ltr'><strong>{imorum</strong></span> <span class='ocrx_word' id='word_1_330' title='bbox 2464 497 2772 565; x_wconf 77' lang='lat' dir='ltr'><strong>populorum</strong></span> <span class='ocrx_word' id='word_1_331' title='bbox 2818 497 3117 565; x_wconf 78' lang='lat' dir='ltr'><strong>Pontiﬁces,</strong></span> <span class='ocrx_word' id='word_1_332' title='bbox 3182 498 3336 553; x_wconf 68' lang='lat' dir='ltr'><strong>Afra:</strong></span> 
     </span>
    </p>
   </div>
   <div class='ocr_carea' id='block_1_69' title="bbox 2168 564 3365 645">
    <p class='ocr_par' dir='ltr' id='par_1_69' title="bbox 2168 564 3365 645">
     <span class='ocr_line' id='line_1_69' title="bbox 2168 564 3365 645; baseline 0.008 -28"><span class='ocrx_word' id='word_1_333' title='bbox 2168 564 2350 635; x_wconf 78' lang='lat' dir='ltr'><strong>Reges,</strong></span> <span class='ocrx_word' id='word_1_334' title='bbox 2378 564 2642 636; x_wconf 32' lang='lat' dir='ltr'><strong>res&#39;gesta:</strong></span> <span class='ocrx_word' id='word_1_335' title='bbox 2666 577 2713 621; x_wconf 83' lang='lat' dir='ltr'><strong>et</strong></span> <span class='ocrx_word' id='word_1_336' title='bbox 2747 564 3081 623; x_wconf 77' lang='lat' dir='ltr'><strong>documenta.</strong></span> <span class='ocrx_word' id='word_1_337' title='bbox 3142 567 3365 645; x_wconf 61' lang='lat' dir='ltr'><strong>Christi.</strong></span> 
     </span>
    </p>
   </div>
   <div class='ocr_carea' id='block_1_70' title="bbox 2100 784 3119 859">
    <p class='ocr_par' dir='ltr' id='par_1_70' title="bbox 2100 784 3119 859">
     <span class='ocr_line' id='line_1_70' title="bbox 2100 784 3119 859; baseline 0.003 -19"><span class='ocrx_word' id='word_1_338' title='bbox 2100 786 2258 841; x_wconf 83' lang='lat' dir='ltr'><strong>nibus</strong></span> <span class='ocrx_word' id='word_1_339' title='bbox 2287 785 2558 854; x_wconf 78' lang='lat' dir='ltr'><strong>(Ammian</strong></span> <span class='ocrx_word' id='word_1_340' title='bbox 2580 784 2667 840; x_wconf 84' lang='lat' dir='ltr'><strong>&#39;lib</strong></span> <span class='ocrx_word' id='word_1_341' title='bbox 2691 786 2782 858; x_wconf 76' lang='lat'><strong>51)</strong></span> <span class='ocrx_word' id='word_1_342' title='bbox 2819 795 2874 843; x_wconf 91' lang='lat' dir='ltr'><strong>et</strong></span> <span class='ocrx_word' id='word_1_343' title='bbox 2903 787 2955 842; x_wconf 95' lang='lat' dir='ltr'><strong>in</strong></span> <span class='ocrx_word' id='word_1_344' title='bbox 2990 802 3119 859; x_wconf 88' lang='lat' dir='ltr'><strong>per-</strong></span> 
     </span>
    </p>
   </div>
   <div class='ocr_carea' id='block_1_71' title="bbox 2094 875 3115 949">
    <p class='ocr_par' dir='ltr' id='par_1_71' title="bbox 2094 875 3115 949">
     <span class='ocr_line' id='line_1_71' title="bbox 2094 875 3115 949; baseline 0.002 -19"><span class='ocrx_word' id='word_1_345' title='bbox 2094 876 2290 931; x_wconf 81' lang='lat' dir='ltr'><strong>niciem</strong></span> <span class='ocrx_word' id='word_1_346' title='bbox 2347 875 2578 931; x_wconf 87' lang='lat' dir='ltr'><strong>Romani</strong></span> <span class='ocrx_word' id='word_1_347' title='bbox 2640 877 2850 949; x_wconf 88' lang='lat' dir='ltr'><strong>imperii</strong></span> <span class='ocrx_word' id='word_1_348' title='bbox 2922 877 3115 933; x_wconf 84' lang='lat' dir='ltr'><strong>[stram</strong></span> 
     </span>
    </p>
   </div>
   <div class='ocr_carea' id='block_1_72' title="bbox 2096 959 3115 1041">
    <p class='ocr_par' dir='ltr' id='par_1_72' title="bbox 2096 959 3115 1041">
     <span class='ocr_line' id='line_1_72' title="bbox 2096 959 3115 1041; baseline 0 -17"><span class='ocrx_word' id='word_1_349' title='bbox 2096 970 2381 1039; x_wconf 86' lang='lat' dir='ltr'><strong>trajicere,</strong></span> <span class='ocrx_word' id='word_1_350' title='bbox 2436 979 2490 1025; x_wconf 89' lang='lat' dir='ltr'><strong>ct</strong></span> <span class='ocrx_word' id='word_1_351' title='bbox 2535 969 2692 1026; x_wconf 87' lang='lat' dir='ltr'><strong>sedes</strong></span> <span class='ocrx_word' id='word_1_352' title='bbox 2759 969 2922 1041; x_wconf 80' lang='lat' dir='ltr'><strong>ﬁgere</strong></span> <span class='ocrx_word' id='word_1_353' title='bbox 2970 959 3115 1025; x_wconf 77' lang='lat' dir='ltr'><strong>circa</strong></span> 
     </span>
    </p>
   </div>
   <div class='ocr_carea' id='block_1_73' title="bbox 2098 1050 2684 1116">
    <p class='ocr_par' dir='ltr' id='par_1_73' title="bbox 2098 1050 2684 1116">
     <span class='ocr_line' id='line_1_73' title="bbox 2098 1050 2684 1116; baseline 0.002 -1"><span class='ocrx_word' id='word_1_354' title='bbox 2098 1060 2385 1116; x_wconf 82' lang='lat' dir='ltr'><strong>Thraciam</strong></span> <span class='ocrx_word' id='word_1_355' title='bbox 2415 1050 2684 1116; x_wconf 80' lang='lat' dir='ltr'><strong>sinuntur.</strong></span> 
     </span>
    </p>
   </div>
   <div class='ocr_carea' id='block_1_74' title="bbox 2167 1598 3258 1654">
    <p class='ocr_par' dir='ltr' id='par_1_74' title="bbox 2167 1598 3258 1654">
     <span class='ocr_line' id='line_1_74' title="bbox 2167 1598 3258 1654; baseline 0 0"><span class='ocrx_word' id='word_1_356' title='bbox 2167 1599 2382 1654; x_wconf 86' lang='lat' dir='ltr'><strong>Damasi</strong></span> <span class='ocrx_word' id='word_1_357' title='bbox 2411 1598 2445 1654; x_wconf 89' lang='lat'><strong>9</strong></span> <span class='ocrx_word' id='word_1_358' title='bbox 2473 1605 2530 1652; x_wconf 88' lang='lat' dir='ltr'><strong>et</strong></span> <span class='ocrx_word' id='word_1_359' title='bbox 2561 1599 2648 1653; x_wconf 92' lang='lat'><strong>10.</strong></span> <span class='ocrx_word' id='word_1_360' title='bbox 3151 1598 3258 1654; x_wconf 79' lang='grc'><strong>575</strong></span> 
     </span>
    </p>
   </div>
   <div class='ocr_carea' id='block_1_75' title="bbox 2164 1674 3114 1762">
    <p class='ocr_par' dir='ltr' id='par_1_75' title="bbox 2164 1674 3114 1762">
     <span class='ocr_line' id='line_1_75' title="bbox 2164 1674 3114 1762; baseline -0.002 -17"><span class='ocrx_word' id='word_1_361' title='bbox 2164 1690 2415 1762; x_wconf 85' lang='lat' dir='ltr'><strong>Synodns</strong></span> <span class='ocrx_word' id='word_1_362' title='bbox 2440 1690 2596 1744; x_wconf 88' lang='lat' dir='ltr'><strong>tertia</strong></span> <span class='ocrx_word' id='word_1_363' title='bbox 2618 1688 2859 1744; x_wconf 86' lang='lat' dir='ltr'><strong>Romana</strong></span> <span class='ocrx_word' id='word_1_364' title='bbox 2883 1688 2983 1744; x_wconf 85' lang='lat' dir='ltr'><strong>sub</strong></span> <span class='ocrx_word' id='word_1_365' title='bbox 3012 1674 3114 1744; x_wconf 82' lang='lat' dir='ltr'><strong>Da-</strong></span> 
     </span>
    </p>
   </div>
   <div class='ocr_carea' id='block_1_76' title="bbox 2105 1777 3136 1836">
    <p class='ocr_par' dir='ltr' id='par_1_76' title="bbox 2105 1777 3136 1836">
     <span class='ocr_line' id='line_1_76' title="bbox 2105 1777 3136 1836; baseline -0.004 -2"><span class='ocrx_word' id='word_1_366' title='bbox 2105 1795 2277 1836; x_wconf 88' lang='lat' dir='ltr'><strong>maso.</strong></span> <span class='ocrx_word' id='word_1_367' title='bbox 2313 1779 2443 1835; x_wconf 82' lang='lat' dir='ltr'><strong>Vide</strong></span> <span class='ocrx_word' id='word_1_368' title='bbox 2467 1789 2625 1833; x_wconf 89' lang='lat' dir='ltr'><strong>notas</strong></span> <span class='ocrx_word' id='word_1_369' title='bbox 2647 1777 2712 1833; x_wconf 86' lang='lat' dir='ltr'><strong>ad</strong></span> <span class='ocrx_word' id='word_1_370' title='bbox 2747 1779 3051 1833; x_wconf 78' lang='lat' dir='ltr'><strong>Damasum.</strong></span> <span class='ocrx_word' id='word_1_371' title='bbox 3129 1778 3136 1801; x_wconf 68' lang='grc' dir='ltr'><strong><em>τ</em></strong></span> 
     </span>
    </p>
   </div>
   <div class='ocr_carea' id='block_1_77' title="bbox 2176 1869 3112 1942">
    <p class='ocr_par' dir='ltr' id='par_1_77' title="bbox 2176 1869 3112 1942">
     <span class='ocr_line' id='line_1_77' title="bbox 2176 1869 3112 1942; baseline -0.006 -16"><span class='ocrx_word' id='word_1_372' title='bbox 2176 1871 2232 1926; x_wconf 88' lang='lat' dir='ltr'><strong>S.</strong></span> <span class='ocrx_word' id='word_1_373' title='bbox 2254 1871 2636 1942; x_wconf 85' lang='lat' dir='ltr'><strong>Simplicianus</strong></span> <span class='ocrx_word' id='word_1_374' title='bbox 2658 1870 2912 1924; x_wconf 74' lang='lat' dir='ltr'><strong>Romanae</strong></span> <span class='ocrx_word' id='word_1_375' title='bbox 2924 1869 3112 1924; x_wconf 78' lang='lat' dir='ltr'><strong>Eccle-</strong></span> 
     </span>
    </p>
   </div>
   <div class='ocr_carea' id='block_1_78' title="bbox 2101 1960 3131 2034">
    <p class='ocr_par' dir='ltr' id='par_1_78' title="bbox 2101 1960 3131 2034">
     <span class='ocr_line' id='line_1_78' title="bbox 2101 1960 3131 2034; baseline -0.005 -15"><span class='ocrx_word' id='word_1_376' title='bbox 2101 1965 2195 2020; x_wconf 75' lang='lat' dir='ltr'><strong>sia:</strong></span> <span class='ocrx_word' id='word_1_377' title='bbox 2220 1965 2521 2034; x_wconf 83' lang='lat' dir='ltr'><strong>presbyter,</strong></span> <span class='ocrx_word' id='word_1_378' title='bbox 2547 1963 2796 2017; x_wconf 78' lang='lat' dir='ltr'><strong>vir‘notae</strong></span> <span class='ocrx_word' id='word_1_379' title='bbox 2817 1960 3131 2016; x_wconf 74' lang='lat' dir='ltr'><strong>sanctitatis</strong></span> 
     </span>
    </p>
   </div>
   <div class='ocr_carea' id='block_1_79' title="bbox 2098 2052 3122 2122">
    <p class='ocr_par' dir='ltr' id='par_1_79' title="bbox 2098 2052 3122 2122">
     <span class='ocr_line' id='line_1_79' title="bbox 2098 2052 3122 2122; baseline -0.004 -13"><span class='ocrx_word' id='word_1_380' title='bbox 2098 2055 2421 2109; x_wconf 72' lang='lat' dir='ltr'><strong>etdoctrina:</strong></span> <span class='ocrx_word' id='word_1_381' title='bbox 2436 2070 2464 2107; x_wconf 91' lang='lat' dir='ltr'><strong>a</strong></span> <span class='ocrx_word' id='word_1_382' title='bbox 2483 2054 2712 2107; x_wconf 86' lang='lat' dir='ltr'><strong>Damaso</strong></span> <span class='ocrx_word' id='word_1_383' title='bbox 2723 2067 2856 2122; x_wconf 90' lang='lat' dir='ltr'><strong>papa</strong></span> <span class='ocrx_word' id='word_1_384' title='bbox 2882 2053 3041 2107; x_wconf 89' lang='lat' dir='ltr'><strong>datur</strong></span> <span class='ocrx_word' id='word_1_385' title='bbox 3060 2052 3122 2107; x_wconf 90' lang='lat' dir='ltr'><strong>B.</strong></span> 
     </span>
    </p>
   </div>
   <div class='ocr_carea' id='block_1_80' title="bbox 2100 2144 3118 2214">
    <p class='ocr_par' dir='ltr' id='par_1_80' title="bbox 2100 2144 3118 2214">
     <span class='ocr_line' id='line_1_80' title="bbox 2100 2144 3118 2214; baseline -0.002 -15"><span class='ocrx_word' id='word_1_386' title='bbox 2100 2144 2389 2200; x_wconf 82' lang='lat' dir='ltr'><strong>Ambrosio</strong></span> <span class='ocrx_word' id='word_1_387' title='bbox 2409 2145 2569 2214; x_wconf 90' lang='lat' dir='ltr'><strong>paulo</strong></span> <span class='ocrx_word' id='word_1_388' title='bbox 2590 2152 2714 2198; x_wconf 88' lang='lat' dir='ltr'><strong>ante</strong></span> <span class='ocrx_word' id='word_1_389' title='bbox 2736 2144 2787 2198; x_wconf 91' lang='lat' dir='ltr'><strong>in</strong></span> <span class='ocrx_word' id='word_1_390' title='bbox 2808 2145 3118 2214; x_wconf 85' lang='lat' dir='ltr'><strong>episc0pum</strong></span> 
     </span>
    </p>
   </div>
   <div class='ocr_carea' id='block_1_81' title="bbox 2099 2232 3118 2306">
    <p class='ocr_par' dir='ltr' id='par_1_81' title="bbox 2099 2232 3118 2306">
     <span class='ocr_line' id='line_1_81' title="bbox 2099 2232 3118 2306; baseline -0.001 -16"><span class='ocrx_word' id='word_1_391' title='bbox 2099 2235 2274 2291; x_wconf 87' lang='lat' dir='ltr'><strong>electo</strong></span> <span class='ocrx_word' id='word_1_392' title='bbox 2300 2235 2596 2290; x_wconf 87' lang='lat' dir='ltr'><strong>institutor.</strong></span> <span class='ocrx_word' id='word_1_393' title='bbox 2613 2234 2672 2289; x_wconf 90' lang='lat' dir='ltr'><strong>S.</strong></span> <span class='ocrx_word' id='word_1_394' title='bbox 2688 2232 2807 2306; x_wconf 79' lang='lat' dir='ltr'><strong>Aug</strong></span> <span class='ocrx_word' id='word_1_395' title='bbox 2826 2233 2955 2288; x_wconf 79' lang='lat' dir='ltr'><strong>conf</strong></span> <span class='ocrx_word' id='word_1_396' title='bbox 2971 2234 3043 2289; x_wconf 92' lang='lat' dir='ltr'><strong>lib</strong></span> <span class='ocrx_word' id='word_1_397' title='bbox 3062 2234 3118 2301; x_wconf 91' lang='lat'><strong>8,</strong></span> 
     </span>
    </p>
   </div>
   <div class='ocr_carea' id='block_1_82' title="bbox 2096 2326 3109 2399">
    <p class='ocr_par' dir='ltr' id='par_1_82' title="bbox 2096 2326 3109 2399">
     <span class='ocr_line' id='line_1_82' title="bbox 2096 2326 3109 2399; baseline 0.002 -18"><span class='ocrx_word' id='word_1_398' title='bbox 2096 2342 2146 2382; x_wconf 92' lang='lat' dir='ltr'><strong>c.</strong></span> <span class='ocrx_word' id='word_1_399' title='bbox 2203 2326 2257 2381; x_wconf 87' lang='lat'><strong>2.</strong></span> <span class='ocrx_word' id='word_1_400' title='bbox 2313 2326 2447 2382; x_wconf 83' lang='lat' dir='ltr'><strong>Vide</strong></span> <span class='ocrx_word' id='word_1_401' title='bbox 2508 2336 2707 2393; x_wconf 88' lang='lat' dir='ltr'><strong>notas,</strong></span> <span class='ocrx_word' id='word_1_402' title='bbox 2766 2327 2858 2399; x_wconf 87' lang='lat' dir='ltr'><strong>qui</strong></span> <span class='ocrx_word' id='word_1_403' title='bbox 2922 2336 3109 2397; x_wconf 87' lang='lat' dir='ltr'><strong>postea</strong></span> 
     </span>
    </p>
   </div>
   <div class='ocr_carea' id='block_1_83' title="bbox 2091 2416 3110 2488">
    <p class='ocr_par' dir='ltr' id='par_1_83' title="bbox 2091 2416 3110 2488">
     <span class='ocr_line' id='line_1_83' title="bbox 2091 2416 3110 2488; baseline 0 -15"><span class='ocrx_word' id='word_1_404' title='bbox 2091 2416 2379 2473; x_wconf 83' lang='lat' dir='ltr'><strong>Ambrosio</strong></span> <span class='ocrx_word' id='word_1_405' title='bbox 2420 2418 2474 2471; x_wconf 90' lang='lat' dir='ltr'><strong>in</strong></span> <span class='ocrx_word' id='word_1_406' title='bbox 2516 2417 2830 2488; x_wconf 85' lang='lat' dir='ltr'><strong>episcopatu</strong></span> <span class='ocrx_word' id='word_1_407' title='bbox 2895 2432 3110 2473; x_wconf 88' lang='lat' dir='ltr'><strong>succes-</strong></span> 
     </span>
    </p>
   </div>
   <div class='ocr_carea' id='block_1_84' title="bbox 2097 2510 2765 2582">
    <p class='ocr_par' dir='ltr' id='par_1_84' title="bbox 2097 2510 2765 2582">
     <span class='ocr_line' id='line_1_84' title="bbox 2097 2510 2765 2582; baseline -0.001 -17"><span class='ocrx_word' id='word_1_408' title='bbox 2097 2510 2185 2565; x_wconf 87' lang='lat' dir='ltr'><strong>sit.</strong></span> <span class='ocrx_word' id='word_1_409' title='bbox 2760 2576 2765 2582; x_wconf 20' lang='grc' dir='ltr'><strong><em>ν</em></strong></span> 
     </span>
    </p>
   </div>
   <div class='ocr_carea' id='block_1_85' title="bbox 2164 2598 3122 2671">
    <p class='ocr_par' dir='ltr' id='par_1_85' title="bbox 2164 2598 3122 2671">
     <span class='ocr_line' id='line_1_85' title="bbox 2164 2598 3122 2671; baseline 0 -16"><span class='ocrx_word' id='word_1_410' title='bbox 2164 2598 2241 2655; x_wconf 70' lang='grc' dir='ltr'><strong>δ.-</strong></span> <span class='ocrx_word' id='word_1_411' title='bbox 2265 2598 2526 2655; x_wconf 80' lang='lat' dir='ltr'><strong>Martinus</strong></span> <span class='ocrx_word' id='word_1_412' title='bbox 2544 2607 2698 2671; x_wconf 68' lang='lat' dir='ltr'><strong>Juxta</strong></span> <span class='ocrx_word' id='word_1_413' title='bbox 2729 2598 2934 2655; x_wconf 79' lang='lat' dir='ltr'><strong>Petavii</strong></span> <span class='ocrx_word' id='word_1_414' title='bbox 2960 2599 3122 2655; x_wconf 89' lang='lat' dir='ltr'><strong>chro-</strong></span> 
     </span>
    </p>
   </div>
   <div class='ocr_carea' id='block_1_86' title="bbox 2096 2688 3129 2760">
    <p class='ocr_par' dir='ltr' id='par_1_86' title="bbox 2096 2688 3129 2760">
     <span class='ocr_line' id='line_1_86' title="bbox 2096 2688 3129 2760; baseline -0.002 -15"><span class='ocrx_word' id='word_1_415' title='bbox 2096 2689 2186 2745; x_wconf 92' lang='lat' dir='ltr'><strong>nol</strong></span> <span class='ocrx_word' id='word_1_416' title='bbox 2212 2698 2269 2745; x_wconf 83' lang='lat' dir='ltr'><strong>et</strong></span> <span class='ocrx_word' id='word_1_417' title='bbox 2316 2689 2525 2760; x_wconf 83' lang='lat' dir='ltr'><strong>Gregor</strong></span> <span class='ocrx_word' id='word_1_418' title='bbox 2574 2688 2756 2745; x_wconf 89' lang='lat' dir='ltr'><strong>Turon</strong></span> <span class='ocrx_word' id='word_1_419' title='bbox 2798 2688 2871 2744; x_wconf 86' lang='lat' dir='ltr'><strong>lib</strong></span> <span class='ocrx_word' id='word_1_420' title='bbox 2916 2688 2972 2753; x_wconf 93' lang='grc'><strong>2,</strong></span> <span class='ocrx_word' id='word_1_421' title='bbox 3012 2690 3129 2744; x_wconf 85' lang='lat' dir='ltr'><strong>bist</strong></span> 
     </span>
    </p>
   </div>
   <div class='ocr_carea' id='block_1_87' title="bbox 2100 2777 3125 2844">
    <p class='ocr_par' dir='ltr' id='par_1_87' title="bbox 2100 2777 3125 2844">
     <span class='ocr_line' id='line_1_87' title="bbox 2100 2777 3125 2844; baseline 0 -10"><span class='ocrx_word' id='word_1_422' title='bbox 2100 2778 2278 2835; x_wconf 76' lang='lat' dir='ltr'><strong>Franc</strong></span> <span class='ocrx_word' id='word_1_423' title='bbox 2319 2794 2367 2836; x_wconf 90' lang='lat' dir='ltr'><strong>c.</strong></span> <span class='ocrx_word' id='word_1_424' title='bbox 2429 2779 2539 2844; x_wconf 72' lang='lat'><strong>11,</strong></span> <span class='ocrx_word' id='word_1_425' title='bbox 2594 2780 2647 2834; x_wconf 93' lang='lat' dir='ltr'><strong>h.</strong></span> <span class='ocrx_word' id='word_1_426' title='bbox 2693 2795 2744 2833; x_wconf 91' lang='lat' dir='ltr'><strong>a.</strong></span> <span class='ocrx_word' id='word_1_427' title='bbox 2794 2777 3125 2835; x_wconf 85' lang='lat' dir='ltr'><strong>Turonensis</strong></span> 
     </span>
    </p>
   </div>
   <div class='ocr_carea' id='block_1_88' title="bbox 2102 2870 2981 2941">
    <p class='ocr_par' dir='ltr' id='par_1_88' title="bbox 2102 2870 2981 2941">
     <span class='ocr_line' id='line_1_88' title="bbox 2102 2870 2981 2941; baseline -0.005 -16"><span class='ocrx_word' id='word_1_428' title='bbox 2102 2870 2386 2941; x_wconf 88' lang='lat' dir='ltr'><strong>episcopus</strong></span> <span class='ocrx_word' id='word_1_429' title='bbox 2423 2871 2723 2925; x_wconf 86' lang='lat' dir='ltr'><strong>ordinatur.</strong></span> <span class='ocrx_word' id='word_1_430' title='bbox 2978 2918 2981 2921; x_wconf 36' lang='grc' dir='ltr'><strong><em>λ</em></strong></span> 
     </span>
    </p>
   </div>
   <div class='ocr_carea' id='block_1_89' title="bbox 2180 2960 3126 3017">
    <p class='ocr_par' dir='ltr' id='par_1_89' title="bbox 2180 2960 3126 3017">
     <span class='ocr_line' id='line_1_89' title="bbox 2180 2960 3126 3017; baseline -0.003 0"><span class='ocrx_word' id='word_1_431' title='bbox 2180 2962 2377 3017; x_wconf 84' lang='lat' dir='ltr'><strong>Valens</strong></span> <span class='ocrx_word' id='word_1_432' title='bbox 2416 2962 2468 3015; x_wconf 92' lang='lat' dir='ltr'><strong>in</strong></span> <span class='ocrx_word' id='word_1_433' title='bbox 2512 2960 2848 3017; x_wconf 88' lang='lat' dir='ltr'><strong>Christianos</strong></span> <span class='ocrx_word' id='word_1_434' title='bbox 2877 2975 3126 3015; x_wconf 79' lang='lat' dir='ltr'><strong>acerolus</strong></span> 
     </span>
    </p>
   </div>
   <div class='ocr_carea' id='block_1_90' title="bbox 2107 3050 3130 3124">
    <p class='ocr_par' dir='ltr' id='par_1_90' title="bbox 2107 3050 3130 3124">
     <span class='ocr_line' id='line_1_90' title="bbox 2107 3050 3130 3124; baseline -0.005 -15"><span class='ocrx_word' id='word_1_435' title='bbox 2107 3068 2165 3109; x_wconf 91' lang='lat' dir='ltr'><strong>se</strong></span> <span class='ocrx_word' id='word_1_436' title='bbox 2193 3053 2347 3124; x_wconf 82' lang='lat' dir='ltr'><strong>gerit,</strong></span> <span class='ocrx_word' id='word_1_437' title='bbox 2373 3058 2430 3105; x_wconf 88' lang='lat' dir='ltr'><strong>ct</strong></span> <span class='ocrx_word' id='word_1_438' title='bbox 2454 3050 2594 3106; x_wconf 88' lang='lat' dir='ltr'><strong>inter</strong></span> <span class='ocrx_word' id='word_1_439' title='bbox 2616 3050 2717 3104; x_wconf 88' lang='lat' dir='ltr'><strong>alia</strong></span> <span class='ocrx_word' id='word_1_440' title='bbox 2733 3050 2839 3105; x_wconf 88' lang='lat' dir='ltr'><strong>lata</strong></span> <span class='ocrx_word' id='word_1_441' title='bbox 2866 3050 2981 3119; x_wconf 84' lang='lat' dir='ltr'><strong>lege</strong></span> <span class='ocrx_word' id='word_1_442' title='bbox 3004 3064 3130 3104; x_wconf 87' lang='lat' dir='ltr'><strong>san-</strong></span> 
     </span>
    </p>
   </div>
   <div class='ocr_carea' id='block_1_91' title="bbox 2103 3137 3118 3204">
    <p class='ocr_par' dir='ltr' id='par_1_91' title="bbox 2103 3137 3118 3204">
     <span class='ocr_line' id='line_1_91' title="bbox 2103 3137 3118 3204; baseline -0.005 -7"><span class='ocrx_word' id='word_1_443' title='bbox 2103 3142 2196 3204; x_wconf 91' lang='lat' dir='ltr'><strong>cit,</strong></span> <span class='ocrx_word' id='word_1_444' title='bbox 2230 3148 2289 3195; x_wconf 91' lang='lat' dir='ltr'><strong>ut</strong></span> <span class='ocrx_word' id='word_1_445' title='bbox 2320 3139 2570 3195; x_wconf 89' lang='lat' dir='ltr'><strong>monachi</strong></span> <span class='ocrx_word' id='word_1_446' title='bbox 2597 3139 2907 3195; x_wconf 87' lang='lat' dir='ltr'><strong>militarent.</strong></span> <span class='ocrx_word' id='word_1_447' title='bbox 2936 3137 3061 3193; x_wconf 82' lang='lat' dir='ltr'><strong>Mox</strong></span> <span class='ocrx_word' id='word_1_448' title='bbox 3086 3153 3118 3192; x_wconf 88' lang='lat' dir='ltr'><strong>a</strong></span> 
     </span>
    </p>
   </div>
   <div class='ocr_carea' id='block_1_92' title="bbox 2105 3227 3123 3297">
    <p class='ocr_par' dir='ltr' id='par_1_92' title="bbox 2105 3227 3123 3297">
     <span class='ocr_line' id='line_1_92' title="bbox 2105 3227 3123 3297; baseline -0.003 -12"><span class='ocrx_word' id='word_1_449' title='bbox 2105 3228 2404 3286; x_wconf 89' lang='lat' dir='ltr'><strong>Themistio</strong></span> <span class='ocrx_word' id='word_1_450' title='bbox 2432 3228 2693 3297; x_wconf 85' lang='lat' dir='ltr'><strong>placatur.</strong></span> <span class='ocrx_word' id='word_1_451' title='bbox 2725 3227 2925 3284; x_wconf 84' lang='lat' dir='ltr'><strong>llieron</strong></span> <span class='ocrx_word' id='word_1_452' title='bbox 2953 3228 3123 3283; x_wconf 87' lang='lat' dir='ltr'><strong>chron</strong></span> 
     </span>
    </p>
   </div>
   <div class='ocr_carea' id='block_1_93' title="bbox 2101 3320 2811 3386">
    <p class='ocr_par' dir='ltr' id='par_1_93' title="bbox 2101 3320 2811 3386">
     <span class='ocr_line' id='line_1_93' title="bbox 2101 3320 2811 3386; baseline -0.007 -7"><span class='ocrx_word' id='word_1_453' title='bbox 2101 3331 2157 3379; x_wconf 88' lang='lat' dir='ltr'><strong>et</strong></span> <span class='ocrx_word' id='word_1_454' title='bbox 2183 3321 2450 3378; x_wconf 86' lang='lat' dir='ltr'><strong>Sozomcn</strong></span> <span class='ocrx_word' id='word_1_455' title='bbox 2487 3321 2523 3374; x_wconf 89' lang='lat' dir='ltr'><strong>l.</strong></span> <span class='ocrx_word' id='word_1_456' title='bbox 2550 3322 2612 3386; x_wconf 88' lang='lat'><strong>6,</strong></span> <span class='ocrx_word' id='word_1_457' title='bbox 2644 3335 2693 3375; x_wconf 91' lang='lat' dir='ltr'><strong>c.</strong></span> <span class='ocrx_word' id='word_1_458' title='bbox 2720 3320 2811 3375; x_wconf 82' lang='lat'><strong>25.</strong></span> 
     </span>
    </p>
   </div>
   <div class='ocr_carea' id='block_1_94' title="bbox 2178 3410 3130 3485">
    <p class='ocr_par' dir='ltr' id='par_1_94' title="bbox 2178 3410 3130 3485">
     <span class='ocr_line' id='line_1_94' title="bbox 2178 3410 3130 3485; baseline -0.002 -16"><span class='ocrx_word' id='word_1_459' title='bbox 2178 3414 2235 3469; x_wconf 87' lang='lat' dir='ltr'><strong>S.</strong></span> <span class='ocrx_word' id='word_1_460' title='bbox 2276 3412 2609 3485; x_wconf 84' lang='lat' dir='ltr'><strong>Epiphanius</strong></span> <span class='ocrx_word' id='word_1_461' title='bbox 2649 3412 2704 3467; x_wconf 90' lang='lat' dir='ltr'><strong>b.</strong></span> <span class='ocrx_word' id='word_1_462' title='bbox 2751 3428 2803 3466; x_wconf 89' lang='lat' dir='ltr'><strong>a.</strong></span> <span class='ocrx_word' id='word_1_463' title='bbox 2844 3410 3130 3467; x_wconf 82' lang='lat' dir='ltr'><strong>Panarium</strong></span> 
     </span>
    </p>
   </div>
   <div class='ocr_carea' id='block_1_95' title="bbox 2108 3507 3121 3581">
    <p class='ocr_par' dir='ltr' id='par_1_95' title="bbox 2108 3507 3121 3581">
     <span class='ocr_line' id='line_1_95' title="bbox 2108 3507 3121 3581; baseline -0.005 -14"><span class='ocrx_word' id='word_1_464' title='bbox 2108 3512 2348 3568; x_wconf 87' lang='lat' dir='ltr'><strong>scribere</strong></span> <span class='ocrx_word' id='word_1_465' title='bbox 2398 3508 2707 3581; x_wconf 82' lang='lat' dir='ltr'><strong>aggreditur</strong></span> <span class='ocrx_word' id='word_1_466' title='bbox 2757 3508 2907 3563; x_wconf 78' lang='lat' dir='ltr'><strong>iuxta</strong></span> <span class='ocrx_word' id='word_1_467' title='bbox 2958 3507 3121 3564; x_wconf 82' lang='lat' dir='ltr'><strong>Peta-</strong></span> 
     </span>
    </p>
   </div>
   <div class='ocr_carea' id='block_1_96' title="bbox 2106 3603 2759 3658">
    <p class='ocr_par' dir='ltr' id='par_1_96' title="bbox 2106 3603 2759 3658">
     <span class='ocr_line' id='line_1_96' title="bbox 2106 3603 2759 3658; baseline -0.002 -2"><span class='ocrx_word' id='word_1_468' title='bbox 2106 3603 2273 3658; x_wconf 86' lang='lat' dir='ltr'><strong>vinm.</strong></span> <span class='ocrx_word' id='word_1_469' title='bbox 2755 3644 2759 3648; x_wconf 93' lang='lat'><strong>.</strong></span> 
     </span>
    </p>
   </div>
   <div class='ocr_carea' id='block_1_97' title="bbox 2182 3688 3116 3759">
    <p class='ocr_par' dir='ltr' id='par_1_97' title="bbox 2182 3688 3116 3759">
     <span class='ocr_line' id='line_1_97' title="bbox 2182 3688 3116 3759; baseline -0.004 -12"><span class='ocrx_word' id='word_1_470' title='bbox 2182 3690 2380 3747; x_wconf 89' lang='lat' dir='ltr'><strong>Valens</strong></span> <span class='ocrx_word' id='word_1_471' title='bbox 2414 3689 2595 3745; x_wconf 87' lang='lat' dir='ltr'><strong>multis</strong></span> <span class='ocrx_word' id='word_1_472' title='bbox 2633 3690 2787 3745; x_wconf 84' lang='lat' dir='ltr'><strong>bellis</strong></span> <span class='ocrx_word' id='word_1_473' title='bbox 2822 3688 3116 3759; x_wconf 89' lang='lat' dir='ltr'><strong>impetitur.</strong></span> 
     </span>
    </p>
   </div>
   <div class='ocr_carea' id='block_1_98' title="bbox 2109 3778 3121 3851">
    <p class='ocr_par' dir='ltr' id='par_1_98' title="bbox 2109 3778 3121 3851">
     <span class='ocr_line' id='line_1_98' title="bbox 2109 3778 3121 3851; baseline -0.003 -15"><span class='ocrx_word' id='word_1_474' title='bbox 2109 3782 2277 3837; x_wconf 85' lang='lat' dir='ltr'><strong>Isauri</strong></span> <span class='ocrx_word' id='word_1_475' title='bbox 2315 3780 2510 3850; x_wconf 87' lang='lat' dir='ltr'><strong>oppida</strong></span> <span class='ocrx_word' id='word_1_476' title='bbox 2536 3778 2708 3851; x_wconf 78' lang='lat' dir='ltr'><strong>Lycia:</strong></span> <span class='ocrx_word' id='word_1_477' title='bbox 2731 3791 2786 3835; x_wconf 85' lang='lat' dir='ltr'><strong>et</strong></span> <span class='ocrx_word' id='word_1_478' title='bbox 2811 3779 3121 3848; x_wconf 68' lang='lat' dir='ltr'><strong>Pamphilim</strong></span> 
     </span>
    </p>
   </div>
   <div class='ocr_carea' id='block_1_99' title="bbox 2106 3869 3123 3940">
    <p class='ocr_par' dir='ltr' id='par_1_99' title="bbox 2106 3869 3123 3940">
     <span class='ocr_line' id='line_1_99' title="bbox 2106 3869 3123 3940; baseline -0.003 -15"><span class='ocrx_word' id='word_1_479' title='bbox 2106 3878 2364 3925; x_wconf 86' lang='lat' dir='ltr'><strong>vastant:</strong></span> <span class='ocrx_word' id='word_1_480' title='bbox 2394 3869 2592 3940; x_wconf 86' lang='lat' dir='ltr'><strong>quibus</strong></span> <span class='ocrx_word' id='word_1_481' title='bbox 2634 3878 2693 3923; x_wconf 92' lang='lat' dir='ltr'><strong>ut</strong></span> <span class='ocrx_word' id='word_1_482' title='bbox 2736 3874 3009 3932; x_wconf 88' lang='lat' dir='ltr'><strong>occurrat,</strong></span> <span class='ocrx_word' id='word_1_483' title='bbox 3033 3883 3123 3922; x_wconf 88' lang='lat' dir='ltr'><strong>res</strong></span> 
     </span>
    </p>
   </div>
   <div class='ocr_carea' id='block_1_100' title="bbox 2108 3956 3123 4030">
    <p class='ocr_par' dir='ltr' id='par_1_100' title="bbox 2108 3956 3123 4030">
     <span class='ocr_line' id='line_1_100' title="bbox 2108 3956 3123 4030; baseline -0.005 -13"><span class='ocrx_word' id='word_1_484' title='bbox 2108 3977 2229 4017; x_wconf 92' lang='lat' dir='ltr'><strong>cum</strong></span> <span class='ocrx_word' id='word_1_485' title='bbox 2257 3960 2439 4015; x_wconf 80' lang='lat' dir='ltr'><strong>Persis</strong></span> <span class='ocrx_word' id='word_1_486' title='bbox 2467 3958 2761 4030; x_wconf 88' lang='lat' dir='ltr'><strong>componit.</strong></span> <span class='ocrx_word' id='word_1_487' title='bbox 2792 3956 3030 4013; x_wconf 86' lang='lat' dir='ltr'><strong>Zonaras</strong></span> <span class='ocrx_word' id='word_1_488' title='bbox 3047 3957 3123 4012; x_wconf 91' lang='lat' dir='ltr'><strong>lib</strong></span> 
     </span>
    </p>
   </div>
   <div class='ocr_carea' id='block_1_101' title="bbox 2110 4049 3139 4116">
    <p class='ocr_par' dir='ltr' id='par_1_101' title="bbox 2110 4049 3139 4116">
     <span class='ocr_line' id='line_1_101' title="bbox 2110 4049 3139 4116; baseline -0.003 -11"><span class='ocrx_word' id='word_1_489' title='bbox 2110 4051 2167 4116; x_wconf 68' lang='grc'><strong>4,</strong></span> <span class='ocrx_word' id='word_1_490' title='bbox 2186 4065 2234 4105; x_wconf 91' lang='lat' dir='ltr'><strong>c.</strong></span> <span class='ocrx_word' id='word_1_491' title='bbox 2258 4049 2346 4104; x_wconf 83' lang='grc'><strong>20.</strong></span> <span class='ocrx_word' id='word_1_492' title='bbox 3132 4054 3139 4065; x_wconf 80' lang='grc'><em>”</em></span> 
     </span>
    </p>
   </div>
   <div class='ocr_carea' id='block_1_102' title="bbox 2176 4414 2679 4471">
    <p class='ocr_par' dir='ltr' id='par_1_102' title="bbox 2176 4414 2679 4471">
     <span class='ocr_line' id='line_1_102' title="bbox 2176 4414 2679 4471; baseline -0.002 -2"><span class='ocrx_word' id='word_1_493' title='bbox 2176 4414 2386 4471; x_wconf 88' lang='lat' dir='ltr'><strong>Damasi</strong></span> <span class='ocrx_word' id='word_1_494' title='bbox 2419 4414 2485 4470; x_wconf 93' lang='lat'><strong>10</strong></span> <span class='ocrx_word' id='word_1_495' title='bbox 2517 4423 2569 4470; x_wconf 91' lang='lat' dir='ltr'><strong>et</strong></span> <span class='ocrx_word' id='word_1_496' title='bbox 2600 4414 2679 4470; x_wconf 85' lang='lat' dir='ltr'><strong>ll.</strong></span> 
     </span>
    </p>
   </div>
   <div class='ocr_carea' id='block_1_103' title="bbox 2168 4502 3130 4562">
    <p class='ocr_par' dir='ltr' id='par_1_103' title="bbox 2168 4502 3130 4562">
     <span class='ocr_line' id='line_1_103' title="bbox 2168 4502 3130 4562; baseline -0.004 -1"><span class='ocrx_word' id='word_1_497' title='bbox 2168 4504 2459 4562; x_wconf 85' lang='lat' dir='ltr'><strong>Gratianus</strong></span> <span class='ocrx_word' id='word_1_498' title='bbox 2510 4521 2543 4559; x_wconf 82' lang='lat' dir='ltr'><strong>x</strong></span> <span class='ocrx_word' id='word_1_499' title='bbox 2592 4504 2688 4559; x_wconf 81' lang='lat' dir='ltr'><strong>Kal</strong></span> <span class='ocrx_word' id='word_1_500' title='bbox 2720 4503 2841 4559; x_wconf 79' lang='lat' dir='ltr'><strong>Maii</strong></span> <span class='ocrx_word' id='word_1_501' title='bbox 2891 4502 3130 4557; x_wconf 74' lang='lat' dir='ltr'><strong>Treviris</strong></span> 
     </span>
    </p>
   </div>
   <div class='ocr_carea' id='block_1_104' title="bbox 2118 4591 3133 4662">
    <p class='ocr_par' dir='ltr' id='par_1_104' title="bbox 2118 4591 3133 4662">
     <span class='ocr_line' id='line_1_104' title="bbox 2118 4591 3133 4662; baseline -0.003 -12"><span class='ocrx_word' id='word_1_502' title='bbox 2118 4596 2504 4651; x_wconf 66' lang='lat' dir='ltr'><strong>litereticorum</strong></span> <span class='ocrx_word' id='word_1_503' title='bbox 2535 4604 2835 4650; x_wconf 84' lang='lat' dir='ltr'><strong>conventus</strong></span> <span class='ocrx_word' id='word_1_504' title='bbox 2882 4591 3133 4662; x_wconf 85' lang='lat' dir='ltr'><strong>prohibet</strong></span> 
     </span>
    </p>
   </div>
   <div class='ocr_carea' id='block_1_105' title="bbox 2115 4686 3120 4755">
    <p class='ocr_par' dir='ltr' id='par_1_105' title="bbox 2115 4686 3120 4755">
     <span class='ocr_line' id='line_1_105' title="bbox 2115 4686 3120 4755; baseline -0.006 -11"><span class='ocrx_word' id='word_1_505' title='bbox 2115 4698 2171 4744; x_wconf 91' lang='lat' dir='ltr'><strong>ct</strong></span> <span class='ocrx_word' id='word_1_506' title='bbox 2197 4705 2385 4745; x_wconf 87' lang='lat' dir='ltr'><strong>eorum</strong></span> <span class='ocrx_word' id='word_1_507' title='bbox 2417 4689 2532 4745; x_wconf 89' lang='lat' dir='ltr'><strong>loca</strong></span> <span class='ocrx_word' id='word_1_508' title='bbox 2556 4688 2686 4744; x_wconf 79' lang='lat' dir='ltr'><strong>ﬁsco</strong></span> <span class='ocrx_word' id='word_1_509' title='bbox 2705 4687 2907 4755; x_wconf 83' lang='lat' dir='ltr'><strong>addicit</strong></span> <span class='ocrx_word' id='word_1_510' title='bbox 2930 4687 2966 4740; x_wconf 87' lang='lat' dir='ltr'><strong>l.</strong></span> <span class='ocrx_word' id='word_1_511' title='bbox 2992 4686 3051 4751; x_wconf 70' lang='grc'><strong>4,</strong></span> <span class='ocrx_word' id='word_1_512' title='bbox 3068 4702 3120 4741; x_wconf 90' lang='lat' dir='ltr'><strong>c.</strong></span> 
     </span>
    </p>
   </div>
   <div class='ocr_carea' id='block_1_106' title="bbox 2113 4776 3132 4842">
    <p class='ocr_par' dir='ltr' id='par_1_106' title="bbox 2113 4776 3132 4842">
     <span class='ocr_line' id='line_1_106' title="bbox 2113 4776 3132 4842; baseline -0.003 -8"><span class='ocrx_word' id='word_1_513' title='bbox 2113 4779 2318 4835; x_wconf 86' lang='lat' dir='ltr'><strong>Thcod.</strong></span> <span class='ocrx_word' id='word_1_514' title='bbox 2355 4781 2421 4835; x_wconf 89' lang='lat' dir='ltr'><strong>de</strong></span> <span class='ocrx_word' id='word_1_515' title='bbox 2464 4780 2648 4835; x_wconf 58' lang='lat' dir='ltr'><strong>haeret.</strong></span> <span class='ocrx_word' id='word_1_516' title='bbox 2698 4787 2754 4833; x_wconf 93' lang='lat' dir='ltr'><strong>ct</strong></span> <span class='ocrx_word' id='word_1_517' title='bbox 2781 4778 2816 4832; x_wconf 95' lang='lat' dir='ltr'><strong>l.</strong></span> <span class='ocrx_word' id='word_1_518' title='bbox 2848 4777 2919 4831; x_wconf 79' lang='grc'><strong>25</strong></span> <span class='ocrx_word' id='word_1_519' title='bbox 2939 4816 2954 4842; x_wconf 90' lang='grc'>,</span> <span class='ocrx_word' id='word_1_520' title='bbox 2982 4791 3030 4831; x_wconf 92' lang='lat' dir='ltr'><strong>c.</strong></span> <span class='ocrx_word' id='word_1_521' title='bbox 3062 4776 3132 4831; x_wconf 88' lang='lat' dir='ltr'><strong>de</strong></span> 
     </span>
    </p>
   </div>
   <div class='ocr_carea' id='block_1_107' title="bbox 2119 4867 3131 4941">
    <p class='ocr_par' dir='ltr' id='par_1_107' title="bbox 2119 4867 3131 4941">
     <span class='ocr_line' id='line_1_107' title="bbox 2119 4867 3131 4941; baseline -0.003 -16"><span class='ocrx_word' id='word_1_522' title='bbox 2119 4871 2385 4941; x_wconf 89' lang='lat' dir='ltr'><strong>episcopis</strong></span> <span class='ocrx_word' id='word_1_523' title='bbox 2405 4886 2599 4926; x_wconf 75' lang='lat' dir='ltr'><strong>causas</strong></span> <span class='ocrx_word' id='word_1_524' title='bbox 2621 4872 2686 4925; x_wconf 90' lang='lat' dir='ltr'><strong>de</strong></span> <span class='ocrx_word' id='word_1_525' title='bbox 2712 4868 2966 4938; x_wconf 81' lang='lat' dir='ltr'><strong>religione</strong></span> <span class='ocrx_word' id='word_1_526' title='bbox 2990 4867 3131 4922; x_wconf 88' lang='lat' dir='ltr'><strong>inter</strong></span> 
     </span>
    </p>
   </div>
   <div class='ocr_carea' id='block_1_108' title="bbox 2116 4961 3135 5035">
    <p class='ocr_par' dir='ltr' id='par_1_108' title="bbox 2116 4961 3135 5035">
     <span class='ocr_line' id='line_1_108' title="bbox 2116 4961 3135 5035; baseline -0.005 -17"><span class='ocrx_word' id='word_1_527' title='bbox 2116 4961 2344 5018; x_wconf 89' lang='lat' dir='ltr'><strong>clericos</strong></span> <span class='ocrx_word' id='word_1_528' title='bbox 2368 4971 2515 5017; x_wconf 89' lang='lat' dir='ltr'><strong>ortas</strong></span> <span class='ocrx_word' id='word_1_529' title='bbox 2539 4961 2607 5015; x_wconf 87' lang='lat' dir='ltr'><strong>ab</strong></span> <span class='ocrx_word' id='word_1_530' title='bbox 2633 4961 2900 5035; x_wconf 85' lang='lat' dir='ltr'><strong>episcopis</strong></span> <span class='ocrx_word' id='word_1_531' title='bbox 2930 4972 3135 5013; x_wconf 88' lang='lat' dir='ltr'><strong>convo-</strong></span> 
     </span>
    </p>
   </div>
   <div class='ocr_carea' id='block_1_109' title="bbox 2116 5051 3139 5122">
    <p class='ocr_par' dir='ltr' id='par_1_109' title="bbox 2116 5051 3139 5122">
     <span class='ocr_line' id='line_1_109' title="bbox 2116 5051 3139 5122; baseline 0.003 -16"><span class='ocrx_word' id='word_1_532' title='bbox 2116 5061 2239 5107; x_wconf 89' lang='lat' dir='ltr'><strong>cato</strong></span> <span class='ocrx_word' id='word_1_533' title='bbox 2270 5051 2612 5122; x_wconf 71' lang='lat' dir='ltr'><strong>Presbyter-io</strong></span> <span class='ocrx_word' id='word_1_534' title='bbox 2656 5052 2974 5105; x_wconf 72' lang='lat' dir='ltr'><strong>Dimccsano</strong></span> <span class='ocrx_word' id='word_1_535' title='bbox 3015 5058 3139 5115; x_wconf 78' lang='lat' dir='ltr'><strong>ter-.</strong></span> 
     </span>
    </p>
   </div>
   <div class='ocr_carea' id='block_1_110' title="bbox 2054 5141 3129 5210">
    <p class='ocr_par' dir='ltr' id='par_1_110' title="bbox 2054 5141 3129 5210">
     <span class='ocr_line' id='line_1_110' title="bbox 2054 5141 3129 5210; baseline -0.007 -8"><span class='ocrx_word' id='word_1_536' title='bbox 2054 5196 2063 5202; x_wconf 91' lang='lat'><strong>.</strong></span> <span class='ocrx_word' id='word_1_537' title='bbox 2116 5143 2307 5198; x_wconf 85' lang='lat' dir='ltr'><strong>minari</strong></span> <span class='ocrx_word' id='word_1_538' title='bbox 2347 5142 2517 5210; x_wconf 85' lang='lat' dir='ltr'><strong>jubet.</strong></span> <span class='ocrx_word' id='word_1_539' title='bbox 2552 5143 2626 5196; x_wconf 84' lang='lat' dir='ltr'><strong>De</strong></span> <span class='ocrx_word' id='word_1_540' title='bbox 2656 5141 2973 5196; x_wconf 82' lang='lat' dir='ltr'><strong>criminibus</strong></span> <span class='ocrx_word' id='word_1_541' title='bbox 3000 5155 3129 5196; x_wconf 89' lang='lat' dir='ltr'><strong>vero</strong></span> 
     </span>
    </p>
   </div>
   <div class='ocr_carea' id='block_1_111' title="bbox 2114 5230 2988 5301">
    <p class='ocr_par' dir='ltr' id='par_1_111' title="bbox 2114 5230 2988 5301">
     <span class='ocr_line' id='line_1_111' title="bbox 2114 5230 2988 5301; baseline -0.001 -18"><span class='ocrx_word' id='word_1_542' title='bbox 2114 5230 2348 5299; x_wconf 84' lang='lat' dir='ltr'><strong>judicem</strong></span> <span class='ocrx_word' id='word_1_543' title='bbox 2380 5231 2614 5286; x_wconf 76' lang='lat' dir='ltr'><strong>civitatis</strong></span> <span class='ocrx_word' id='word_1_544' title='bbox 2643 5245 2988 5301; x_wconf 85' lang='lat' dir='ltr'><strong>cognoscere.</strong></span> 
     </span>
    </p>
   </div>
   <div class='ocr_carea' id='block_1_112' title="bbox 2193 5317 3127 5386">
    <p class='ocr_par' dir='ltr' id='par_1_112' title="bbox 2193 5317 3127 5386">
     <span class='ocr_line' id='line_1_112' title="bbox 2193 5317 3127 5386; baseline -0.002 -12"><span class='ocrx_word' id='word_1_545' title='bbox 2193 5319 2526 5375; x_wconf 86' lang='lat' dir='ltr'><strong>Theodosius</strong></span> <span class='ocrx_word' id='word_1_546' title='bbox 2553 5319 2746 5375; x_wconf 85' lang='lat' dir='ltr'><strong>Senior</strong></span> <span class='ocrx_word' id='word_1_547' title='bbox 2792 5317 2911 5386; x_wconf 82' lang='lat' dir='ltr'><strong>ejus</strong></span> <span class='ocrx_word' id='word_1_548' title='bbox 2942 5317 3127 5372; x_wconf 84' lang='lat' dir='ltr'><strong>Thcod</strong></span> 
     </span>
    </p>
   </div>
   <div class='ocr_carea' id='block_1_113' title="bbox 2117 5408 3125 5483">
    <p class='ocr_par' dir='ltr' id='par_1_113' title="bbox 2117 5408 3125 5483">
     <span class='ocr_line' id='line_1_113' title="bbox 2117 5408 3125 5483; baseline -0.001 -17"><span class='ocrx_word' id='word_1_549' title='bbox 2117 5412 2208 5481; x_wconf 88' lang='lat' dir='ltr'><strong>qui</strong></span> <span class='ocrx_word' id='word_1_550' title='bbox 2251 5421 2439 5482; x_wconf 85' lang='lat' dir='ltr'><strong>postea</strong></span> <span class='ocrx_word' id='word_1_551' title='bbox 2488 5413 2772 5483; x_wconf 81' lang='lat' dir='ltr'><strong>imperavit</strong></span> <span class='ocrx_word' id='word_1_552' title='bbox 2815 5420 2991 5481; x_wconf 77' lang='lat' dir='ltr'><strong>pater,</strong></span> <span class='ocrx_word' id='word_1_553' title='bbox 3020 5408 3125 5466; x_wconf 80' lang='lat' dir='ltr'><strong>Va-</strong></span> 
     </span>
    </p>
   </div>
   <div class='ocr_carea' id='block_1_114' title="bbox 2119 5506 3231 5581">
    <p class='ocr_par' dir='ltr' id='par_1_114' title="bbox 2119 5506 3231 5581">
     <span class='ocr_line' id='line_1_114' title="bbox 2119 5506 3231 5581; baseline 0.002 -20"><span class='ocrx_word' id='word_1_554' title='bbox 2119 5507 2276 5563; x_wconf 84' lang='lat' dir='ltr'><strong>lentis</strong></span> <span class='ocrx_word' id='word_1_555' title='bbox 2310 5506 2393 5580; x_wconf 76' lang='lat' dir='ltr'><strong>{ut</strong></span> <span class='ocrx_word' id='word_1_556' title='bbox 2413 5508 2659 5581; x_wconf 87' lang='lat' dir='ltr'><strong>apparet]</strong></span> <span class='ocrx_word' id='word_1_557' title='bbox 2694 5506 2843 5578; x_wconf 78' lang='lat' dir='ltr'><strong>jussu</strong></span> <span class='ocrx_word' id='word_1_558' title='bbox 2867 5508 2923 5565; x_wconf 90' lang='lat' dir='ltr'><strong>in</strong></span> <span class='ocrx_word' id='word_1_559' title='bbox 2944 5506 3133 5563; x_wconf 72' lang='lat' dir='ltr'><strong>Africa:</strong></span> <span class='ocrx_word' id='word_1_560' title='bbox 3226 5558 3231 5563; x_wconf 91' lang='lat'><strong>.</strong></span> 
     </span>
    </p>
   </div>
   <div class='ocr_carea' id='block_1_115' title="bbox 2123 5598 3133 5670">
    <p class='ocr_par' dir='ltr' id='par_1_115' title="bbox 2123 5598 3133 5670">
     <span class='ocr_line' id='line_1_115' title="bbox 2123 5598 3133 5670; baseline -0.001 -17"><span class='ocrx_word' id='word_1_561' title='bbox 2123 5599 2387 5666; x_wconf 82' lang='lat' dir='ltr'><strong>occiditur</strong></span> <span class='ocrx_word' id='word_1_562' title='bbox 2436 5608 2556 5670; x_wconf 90' lang='lat' dir='ltr'><strong>post</strong></span> <span class='ocrx_word' id='word_1_563' title='bbox 2595 5609 2900 5669; x_wconf 75' lang='lat' dir='ltr'><strong>stlsceptum</strong></span> <span class='ocrx_word' id='word_1_564' title='bbox 2932 5598 3133 5666; x_wconf 75' lang='lat' dir='ltr'><strong>baptis-</strong></span> 
     </span>
    </p>
   </div>
   <div class='ocr_carea' id='block_1_116' title="bbox 2122 5675 3212 5762">
    <p class='ocr_par' dir='ltr' id='par_1_116' title="bbox 2122 5675 3212 5762">
     <span class='ocr_line' id='line_1_116' title="bbox 2122 5675 3212 5762; baseline -0.004 -17"><span class='ocrx_word' id='word_1_565' title='bbox 2122 5706 2287 5745; x_wconf 91' lang='lat' dir='ltr'><strong>mum.</strong></span> <span class='ocrx_word' id='word_1_566' title='bbox 2320 5690 2485 5747; x_wconf 83' lang='lat' dir='ltr'><strong>Filius</strong></span> <span class='ocrx_word' id='word_1_567' title='bbox 2512 5692 2749 5762; x_wconf 80' lang='lat' dir='ltr'><strong>periculo</strong></span> <span class='ocrx_word' id='word_1_568' title='bbox 2775 5707 2835 5745; x_wconf 79' lang='lat' dir='ltr'><strong>se</strong></span> <span class='ocrx_word' id='word_1_569' title='bbox 2859 5689 3125 5747; x_wconf 83' lang='lat' dir='ltr'><strong>subducit.</strong></span> <span class='ocrx_word' id='word_1_570' title='bbox 3203 5675 3212 5685; x_wconf 80' lang='grc'><em>’</em></span> 
     </span>
    </p>
   </div>
  </div>
