3914 6318
67 351 157 405 661

924 347 1267 405 CHRONOL.
1308 350 1352 403 Α
1394 352 1427 405 ξ
1492 348 1898 405 SYLVESTRO
1932 348 2022 402 AD
2061 347 2119 402 S.
2155 352 2361 404 Ctthlb.
2404 350 2473 402 Μ.

3224 353 3327 411 6(ξὲ

136 463 281 532 Anni
360 461 741 532 Imperatores,
795 461 1045 517 Consules
1100 464 1365 519 Romano-
1439 467 1577 519 Anni
1678 469 1725 526 Λ
1824 463 1963 517 Ληιιὶ
2035 462 2472 529 Christianorum,
2500 464 2809 518 Judworum
2846 474 2892 517 ct
2924 466 3051 532 [ini-‘-
3123 468 3257 520 Anni

2101 538 2343 587 timorum
2380 532 2712 603 populorum,
2740 533 3038 601 Pontiﬁces,
3114 536 3264 589 κει-α’

2106 603 2291 674 Reges,
2321 621 2401 658 res
2444 614 2600 674 gesta:
2626 615 2673 657 et
2705 606 3033 658 documenta.
3097 606 3310 660 Christi.

70 532 187 586 Per.
205 531 328 585 Jul.

185 534 242 653 1.1
249 534 328 655 ull.
444 548 579 599 rum,
614 548 692 586 res
717 543 873 602 gestm
902 543 949 586 et
979 534 1305 590 documenta.

220 620 251 655 η
300 642 313 654 .

110 611 157 653 et
185 611 313 655 Ind.

356 880 714 936 Florentium.
748 882 1207 953 Constantinopoli
1239 899 1369 940 vero

360 970 682 1037 Theodorus,
728 980 783 1026 et
813 972 1037 1029 subinde
1063 974 1367 1042 Africanus.

352 1060 598 1116 Almelov
623 1075 690 1115 ex
714 1060 872 1132 legib.

424 1152 691 1217 Arcadius
722 1154 1097 1219 hmreticorum
1126 1172 1373 1214 conven-A

353 1252 442 1297 tus
467 1245 743 1313 prohibet.
771 1245 883 1301 Cod
928 1246 1112 1303 Theod
1155 1250 1230 1305 lib
1256 1265 1371 1314 XVI.

357 1341 398 1385 t.
429 1332 463 1386 5
488 1333 555 1388 de
583 1333 750 1389 hazret
779 1334 813 1387 l.
848 1334 919 1389 26
944 1338 1017 1392 ‘et
1061 1352 1174 1408 seq.
1220 1339 1360 1396 Idem

356 1422 619 1478 adversus
644 1422 882 1481 Gentiles
910 1426 1058 1495 plura
1082 1430 1365 1485 constituit

350 1512 389 1567 l.
420 1514 486 1569 15
511 1513 577 1569 de
605 1514 853 1586 Paganis.

126 2132 252 2188 5109
417 2133 567 2206 lmpp
596 2134 739 2192 Caass
767 2138 1031 2195 Arcadius
1056 2140 1172 2212 Aug
1204 2150 1270 2195 tr.
1307 2158 1356 2213 p.

110 2225 179 2300 (θ
207 2227 272 2281 r3
353 2227 445 2295 ιδ,
473 2229 561 2293 ιιι,
589 2244 681 2285 cos
709 2246 780 2283 ιν.

108 2308 180 2386 θ
209 2317 268 2370 17
427 2315 495 2372 Et
540 2316 807 2375 Honorius
852 2322 967 2393 Aug
1010 2331 1074 2377 tr.
1120 2340 1172 2394 p.
1220 2324 1274 2389 ὅ,
1304 2325 1364 2389 4,

134 2406 179 2459 F
206 2408 254 2462 Ε
347 2426 442 2467 cos
473 2428 554 2467 ιιι.

105 2497 283 2593 Mati“-
350 2536 490 2593 Coss
555 2502 668 2593 te?
698 2503 962 2593 etesiis
984 2506 1100 2593 ιξυε

169 2584 221 2622 ix
352 2572 490 2593 “""
555 2572 666 2642 Imp
701 2572 968 2629 Honorius
996 2572 1113 2646 Aug
1142 2595 1223 2632 ιιι.

139 2668 180 2711 et
213 2675 244 2714 χ
420 2661 584 2731 Anliq
630 2662 765 2731 lapis
794 2665 933 2734 apud
964 2663 1155 2735 Vignol
1186 2668 1249 2722 de
1277 2667 1359 2722 col

345 2751 428 2807 Pii
456 2768 509 2822 p.
538 2753 664 2818 552,
704 2763 758 2809 et
787 2755 930 2825 leges
958 2757 1235 2826 utriusque
1263 2759 1362 2813 cod

348 2842 494 2912 apud
542 2841 745 2897 Reland
794 2851 851 2896 ut
882 2844 916 2896 l.
946 2843 1042 2907 M,
1076 2844 1136 2898 C.
1168 2844 1268 2898 Th.
1301 2847 1366 2901 de

347 2948 407 2987 re
452 2932 591 2986 milit
632 2941 685 2987 et
729 2932 785 2987 ll.
818 2933 909 2999 2‘2,
937 2934 1029 3000 25,
1058 2935 1129 2988 24
1161 2936 1225 2990 de
1258 2938 1365 2989 hae-

346 3032 479 3089 ret.,
511 3033 616 3079 etc.

415 3115 566 3170 Praef
592 3116 718 3172 Urbi
770 3118 835 3171 Β.
868 3116 1226 3174 Florentium.
1261 3119 1364 3175 ΟΡ.

350 3206 659 3275 Africanus,
704 3216 813 3261 tum
860 3206 1127 3275 Clearcns,
1169 3210 1361 3268 deinde

347 3296 607 3351 Claudius
629 3313 694 3352 ex
720 3298 770 3352 ll.
800 3300 937 3369 apud
961 3300 1270 3356 Almeloven
1300 3304 1364 3357 de

346 3387 499 3443 Prwl'
515 3387 646 3444 Urb.

423 3479 637 3550 Fritigil
666 3480 851 3550 regina
888 3480 1361 3537 Marcomanorum

348 3571 535 3625 audita
602 3570 875 3626 Ambrosii
938 3571 1079 3626 fama
1152 3573 1368 3630 Christo

353 3662 609 3728 credidit,
640 3671 693 3717 et
730 3664 799 3717 ab
829 3662 944 3733 ipso
973 3663 1095 3718 ﬁdei
1129 3666 1367 3735 regulam

352 3752 670 3822 postulavit.
702 3752 839 3807 Tum
865 3754 982 3808 viro
1016 3769 1115 3809 suo
1141 3769 1369 3823 persua-

349 3841 446 3906 sit,
468 3849 530 3895 ut
552 3841 809 3897 Romanis
829 3857 890 3897 se
916 3845 1187 3900 traderet:
1207 3861 1368 3914 quem

347 3948 499 3987 anno
526 3935 775 4002 sequenti
816 3944 873 3989 ut
913 3935 1121 3992 videret
1161 3936 1361 3993 Medio-

352 4023 539 4079 ianum
569 4024 791 4080 veniens
833 4034 1103 4082 mortuum
1148 4028 1364 4097 reperit.

350 4112 519 4168 Pctav
542 4129 608 4168 ex
632 4113 855 4171 Paulino
883 4116 933 4171 in
952 4116 1074 4172 Vita
1103 4115 1160 4172 S.
1178 4116 1363 4171 Ambr.

143 4245 201 4332 5t
209 4246 268 4300 t0
426 4246 575 4317 lmpp
600 4247 745 4304 Cazss
774 4250 1034 4306 Arcadius
1059 4251 1174 4322 Aug
1214 4260 1279 4304 tr.
1309 4267 1361 4320 p.

121 4334 187 4411 Θ
217 4339 276 4392 11
346 4339 435 4403 14,
472 4340 558 4405 15,
590 4356 682 4395 cos
708 4357 780 4395 tv.

121 4418 189 4492 Ο
220 4429 278 4483 18
422 4429 488 4483 Et
539 4428 806 4485 Honorius
864 4431 981 4504 Aug
1026 4433 1091 4498 4,
1140 4434 1206 4498 5,
1255 4451 1347 4490 cos

163 4517 203 4569 D
349 4537 428 4574 ιιι.

116 4607 291 4665 Indici.
357 4683 385 4687 _
558 4612 776 4669 Clodius
790 4613 1245 4687 Ilermogenianus
1259 4617 1367 4672 Cte-

182 4697 210 4734 ι
345 4683 479 4738 Coss
679 4687 871 4739 sarius.

142 4760 182 4801 et
209 4767 259 4804 xl
546 4784 613 4796 —
643 4753 872 4809 Atticus.

422 4841 525 4897 Vet
550 4843 777 4913 inscript
808 4845 860 4897 in
887 4844 1101 4899 Monum
1133 4844 1274 4899 Basil
1304 4845 1360 4900 S.

353 4932 505 4986 Pauli
551 4939 607 4987 et
631 4933 802 5004 Aring
828 4934 890 4988 T.
925 4934 981 4999 2,
1013 4950 1115 5005 pag
1153 4935 1278 5001 420,
1309 4946 1363 4990 et

356 5022 553 5078 Reines
581 5039 631 5093 p.
659 5023 783 5089 943,
812 5033 866 5079 et
898 5026 952 5080 in
978 5026 1123 5096 epist
1154 5027 1220 5081 ad
1249 5026 1363 5080 Ru-

354 5122 497 5183 pert.
555 5114 726 5185 Leges
801 5133 1015 5188 quoque
1080 5118 1360 5188 utriusque

356 5204 571 5259 Codicis
595 5207 734 5274 apud
757 5206 1053 5261 Relandum
1074 5216 1133 5262 ut
1156 5209 1195 5263 Ι.
1217 5209 1272 5271 9,
1299 5209 1360 5261 C.

356 5292 459 5348 Th.
479 5293 545 5349 de
560 5293 855 5363 jurisdist.,
878 5304 1081 5361 etc.,et
1110 5298 1163 5351 in
1192 5297 1366 5351 concil

354 5384 572 5439 African
608 5398 798 5454 nempe
826 5384 991 5441 Carth
1021 5387 1074 5441 5.

436 5473 524 5528 Pr.
558 5474 687 5531 Urbi
716 5475 782 5529 ιι.
812 5475 1150 5531 Florentinus
1179 5492 1240 5531 ex
1266 5477 1365 5531 cod

358 5563 543 5619 Theod
576 5563 649 5620 lib
676 5567 969 5633 x1v,tit2;
1001 5567 1035 5620 Ι.
1066 5568 1122 5632 5,
1149 5576 1277 5630 etc.,
1311 5574 1365 5621 et

354 5654 456 5709 (ΞΡ.
486 5655 767 5725 Africanus
793 5659 891 5714 cod
913 5658 1015 5713 Th.
1046 5658 1115 5713 lib
1146 5673 1217 5722 tv,
1247 5665 1283 5711 t.
1305 5657 1359 5721 4,

362 5747 394 5798 1.
425 5748 476 5799 1.

1441 534 1551 589 UC

1446 618 1565 659 ante

1406 686 1451 728 et

1423 743 1583 797 Palil.

1482 687 1595 743 post

1459 2143 1593 2198 1148

1462 2234 1599 2290 1149

1454 4252 1590 4308 1149

1464 4348 1603 4402 1150

1677 4514 1727 4573 D

1780 532 1985 603 Olymp.

2030 878 2233 949 ipsum,
2278 887 2333 932 et
2387 877 2659 932 Alaricum
2722 876 2955 931 Gothum
3012 892 3043 929 a

2030 966 2223 1022 Ruﬁno
2307 968 2539 1022 accitum
2625 967 2679 1021 in
2780 965 3043 1020 Crteciam

2030 1056 2199 1111 classe
2221 1057 2504 1121 instructa,
2530 1054 2799 1109 Alarieum
2825 1054 3045 1124 fugavit,

2038 1148 2288 1204 Ruﬁnum
2334 1162 2431 1217 per
2473 1147 2720 1211 Cainam,
2748 1154 2802 1201 et
2839 1146 3038 1200 milites

2027 1239 2223 1297 occidit
2269 1256 2281 1290 :
2331 1238 2488 1294 bonis
2550 1238 2719 1307 ipsius
2784 1236 3045 1305 Eutropio

2031 1329 2324 1394 attributis,
2362 1329 2455 1399 qui
2482 1337 2602 1383 erat
2630 1326 2914 1383 Stilichoni
2956 1327 3067 1380 adu

2032 1421 2225 1476 dictus.

2106 1509 2163 1566 S.
2210 1510 2541 1581 Augustinus
2592 1509 2836 1579 Hippone
2890 1509 3042 1580 regio

2031 1603 2316 1673 episcopus
2334 1601 2615 1658 ordinatur
2634 1601 2845 1656 virente
2869 1601 3041 1655 adhuc

1964 1702 1965 1705 ‘
2044 1693 2255 1749 Valerio
2283 1708 2369 1763 ep.
2397 1691 2448 1757 5,
2494 1692 2775 1763 Augustini
2831 1692 2953 1755 110,
2990 1701 3045 1745 et

1920 1824 1921 1831 η
2034 1785 2264 1856 Prosper
2304 1785 2358 1839 in
2408 1786 2575 1840 chron
2616 1794 2669 1838 et
2699 1783 2884 1838 Possid
2912 1799 2961 1839 c.
2991 1783 3043 1837 8.

1853 2260 1903 2296 IV

1776 4244 1985 4315 Olymp.

1826 4336 1931 4391 293

1858 4444 1910 4483 IV

1850 4533 1895 4577 et

1824 4617 1929 4671 291

1894 4724 1909 4761 1

2032 1878 2137 1932 Alii
2207 1876 2604 1949 ordinationem
2678 1874 2933 1930 diﬁ‘erunt
2982 1874 3046 1928 ad

2033 1985 2232 2025 annum
2275 1977 2586 2039 sequentem
2637 1968 2777 2037 apud
2828 1966 3047 2037 Pagium

2037 2078 2091 2115 ιι.
2118 2077 2171 2114 x.
2197 2062 2253 2115 h.
2282 2077 2334 2115 a.

2105 2151 2282 2207 Siricii
2314 2152 2381 2205 12

2102 2230 2258 2299 Gildo
2285 2258 2467 2298 comes
2492 2252 2547 2297 et
2571 2244 2826 2312 magister
2853 2243 3048 2297 utrius-

2034 2346 2137 2401 que
2168 2331 2373 2386 militize
2395 2346 2428 2385 a
2464 2331 2768 2386 Theodosio
2793 2346 2889 2400 per
2912 2331 3053 2384 Afri-

2033 2439 2149 2479 cam
2174 2425 2496 2479 constitutus
2517 2434 2641 2478 ante
2664 2440 2835 2478 annos
2856 2438 3046 2477 novem

2031 2516 2133 2570 hoc
2157 2530 2300 2570 anno
2318 2531 2407 2570 res
2434 2529 2601 2570 novas
2627 2514 2842 2569 molitus
2868 2525 3048 2585 tyran-

2036 2608 2215 2661 nidem
2258 2608 2488 2677 arripuit
2540 2608 2686 2661 circa
2735 2612 3048 2659 autumnum

2037 2705 2123 2768 te:
2149 2696 2442 2753 Claudiano
2471 2698 2538 2752 de
2567 2696 2705 2752 bello
2726 2694 2965 2764 Gildon).
2990 2703 3045 2747 et

2035 2790 2226 2845 urbem
2270 2789 2501 2845 Romam
2544 2788 2685 2843 fame
2726 2786 2943 2841 vexavit
2978 2800 3045 2839 ex

2032 2879 2152 2933 aliis
2177 2878 2269 2932 AA
2296 2878 2434 2947 apud
2465 2878 2686 2949 Pagium
2718 2877 2773 2931 h.
2799 2893 2849 2931 a.

2105 2968 2397 3037 Eutropius
2424 2969 2475 3021 in
2516 2968 2773 3023 Orientali
2824 2968 3049 3038 imperio

2047 3052 2273 3113 avaritia
2303 3067 2357 3113 et
2390 3057 2703 3113 crudelitate
2751 3067 3049 3126 grassatur,

2044 3151 2281 3205 Timasio
2312 3165 2376 3204 ex
2412 3150 2670 3220 magistro
2720 3149 2951 3203 militum
2996 3149 3047 3201 in

2040 3243 2221 3299 Oasim
2286 3241 2553 3313 relegata,
2597 3249 2653 3296 et
2702 3240 3044 3295 Abundantio

2034 3334 2309 3388 consulari
2346 3331 2621 3386 Sidonem.
2657 3331 2819 3386 Petav
2846 3347 2911 3384 cx
2942 3332 3046 3384 Zo-

2035 3427 2137 3479 sim
2167 3424 2241 3479 lib
2264 3423 2316 3477 5.

2111 3514 2166 3569 S.
2200 3514 2283 3569 ιο.
2332 3514 2587 3585 Baptista:
2636 3513 2872 3582 reliquiae
2921 3512 3048 3565 Ale-

2036 3607 2312 3661 xandriam
2337 3607 2609 3662 translate
2630 3606 2795 3677 Payni
2821 3622 2875 3667 ιι,
2895 3620 3051 3673 quem

2033 3697 2067 3750 6
2095 3697 2190 3751 Kal
2232 3705 2389 3752 vocat
2417 3697 2639 3766 Theoph
2682 3712 2731 3749 a.
2765 3696 2925 3761 5890,
2953 3696 3038 3749 ln-

2034 3804 2183 3843 carn.
2206 3789 2329 3843 590.
2361 3790 2456 3843 lbi.

2104 3878 2286 3934 Chron
2322 3878 2581 3935 Paschale
2604 3895 2634 3932 a
2660 3878 2919 3948 martyrio
2945 3878 3041 3932 SS.

2037 3966 2400 4037 apostolorum
2467 3967 2615 4022 Petri
2681 3977 2735 4022 et
2779 3967 2932 4021 Pauli
2980 3967 3048 4021 ad

2039 4058 2137 4112 hos
2187 4058 2437 4113 consules
2485 4068 2733 4112 numerat
2778 4074 2882 4112 ann
2920 4058 3043 4112 335.

2041 4153 2149 4208 Nos
2174 4169 2301 4209 vero
2331 4154 2427 4208 ’551
2461 4155 2698 4209 inchoat.

2114 4244 2291 4299 Siricii
2319 4246 2385 4300 13
2409 4256 2464 4300 et
2494 4246 2578 4299 14.

2110 4336 2421 4407 Eutropius,
2473 4353 2580 4408 quo
2622 4336 2973 4391 Stilichonem
3025 4354 3050 4389 a

2049 4428 2381 4499 profectione
2410 4430 2464 4484 in
2506 4432 2783 4487 Orientem
2817 4430 3050 4484 abduce-

2034 4533 2134 4586 ret,
2170 4525 2379 4578 hostem
2408 4524 2581 4593 ipsum
2626 4525 2693 4579 ab
2721 4524 3046 4593 imperatore

2036 4623 2089 4669 et
2113 4626 2300 4671 senatu
2328 4616 2629 4671 denuntiari
2655 4625 2825 4678 curat,
2861 4624 2914 4669 et
2937 4616 3048 4668 Gil-

2042 4707 2232 4761 donem
2302 4707 2553 4761 comitem
2614 4715 2669 4759 et
2733 4706 3051 4775 Paganum,
3103 4768 3115 4775 ,

2035 4815 2192 4869 quem
2221 4799 2555 4854 Theodosius
2578 4798 2773 4853 Africae
2798 4796 3048 4866 praefece-

2036 4901 2138 4961 rat,
2167 4891 2265 4946 sibi
2296 4890 2567 4947 conciliat.
2606 4890 2683 4944 lta
2716 4888 2783 4945 ab
2812 4888 3048 4943 llonorio

2040 4983 2300 5037 deﬁciens
2340 4981 2518 5036 Africa
2555 4978 2801 5048 adjuncta
2834 4989 2915 5035 est
2946 4981 3043 5033 Ar-

2035 5074 2211 5128 cadio.
2250 5071 2411 5127 Petav
2440 5086 2504 5126 ex
2535 5068 2711 5125 Zosim
2740 5087 2792 5135 ν,
2815 5080 2869 5124 et
2906 5070 3041 5123 Mar-

2032 5164 2241 5219 cellino.

2110 5297 2167 5351 S.
2208 5296 2527 5352 Ambrosius
2570 5295 2797 5349 moritur
2830 5294 2930 5348 sub
2965 5292 3048 5347 di-

2033 5386 2267 5442 luculum
2305 5387 2527 5441 Sahbati
2555 5386 2723 5442 sancti
2752 5385 2889 5454 prid.
2917 5398 3043 5439 non.

2032 5476 2251 5547 Aprilis.
2277 5476 2551 5531 Paulinus.

2108 5566 2391 5624 Nectarius
2431 5569 2661 5622 moritur
2708 5568 2761 5621 Ιι.
2795 5582 2846 5620 a.
2899 5565 3042 5619 circa

2040 5659 2107 5712 9.7
2171 5656 2301 5729 Sept
2343 5667 2398 5713 et
2444 5658 2713 5714 communi
2779 5671 3042 5712 consensu

2037 5749 2250 5819 eligitur
2312 5748 2592 5817 episcopus
2656 5747 2755 5800 Cl‘.
2825 5747 2881 5799 S.
2950 5745 3031 5797 Jo.

3158 2151 3259 2204 596

3110 4254 3123 4274 '
3161 4244 3262 4297 597
