3914 6318
116 357 228 420 θῖδ
313 439 317 442 .
999 360 1340 417 CHRONOL.
1381 361 1424 415 A
1475 362 1533 417 S.
1571 359 1980 418 SYLVESTRO
2016 363 2106 417 AD
2147 363 2202 419 S.
2241 365 2447 422 GREG.
2494 367 2562 422 Μ.
2771 435 2776 442 κ
3293 366 3397 433 678

193 481 380 558 Anni
427 478 802 550 Imperatores,
867 478 1136 558 Consules
1175 481 1442 536 Ronumo—
1487 482 1650 558 Antii
1750 485 1797 542 A
1870 481 2036 558 “Anni
2108 482 2547 551 Christianorum,
2572 486 2882 558 ,Ιιιάιεοιύῃι
2913 499 2959 543 et
2989 489 3114 558 fitti-
3188 493 3328 547 Anni

125 548 398 628 ἔθει-...ηιμ
498 545 633 613 rum,
667 567 747 602 res
775 560 930 620 gestte
957 562 1003 605 et
1032 550 1364 606 documenta.
1487 545 1557 605 'U
1591 550 1632 605 C
1861 548 2069 622 Olymp.
2179 558 2423 628 timorum
2448 545 2780 625 populorum,
2819 545 3120 628 Pontifices,
3194 545 3345 618 Ern!

157 630 203 673 et
238 618 376 674 Ind.
781 618 788 620 ⁷
1521 632 1684 743 ante!
1933 618 1946 621 ⁷
2017 618 2025 622 ⁷
2179 623 2364 694 Reges,
2394 618 2472 680 res
2499 618 2653 696 gesta:
2680 638 2727 680 et
2763 618 3118 683 documenta;
3170 631 3385 687 Christi.

1495 702 1541 760 et
1570 708 1660 760 pos
2029 750 2032 752 .

1497 759 1664 815 Patil.

423 915 548 952 num
593 898 737 953 Cons
775 898 1090 963 Theodosii,
1128 916 1288 970 quem
1342 900 1437 956 ba-

422 990 512 1048 bet
549 1004 602 1042 v.
653 986 778 1059 [nisi
835 989 903 1042 sit
951 989 1173 1045 Honorii
1226 1009 1300 1057 Ix,
1346 993 1439 1062 qui
2115 998 2199 1038 res
2245 1000 2275 1038 a
2327 985 2568 1055 principe
2611 987 2712 1042 hoc
2760 1002 2900 1041 anno
2942 987 3116 1042 editas

424 1091 572 1134 recte
607 1077 856 1149 jungitur
890 1096 1012 1135 cum
1061 1081 1345 1138 Theodosii
1383 1100 1437 1146 ν,
2107 1083 2293 1129 contra
2319 1077 2497 1132 varias
2523 1079 2953 1147 superstitiones.
2986 1079 3116 1134 Vide

423 1170 565 1228 infra
589 1186 733 1225 anno
760 1168 913 1242 ιιι]
945 1171 1088 1225 Idem
1119 1172 1256 1227 Grut
1279 1172 1436 1239 1052,
2103 1163 2278 1218 Baron
2321 1161 2504 1234 Petav,
2543 1166 2652 1238 Pag
2689 1177 2744 1222 et
2780 1183 2846 1223 ex
2881 1169 3118 1238 antiquis

421 1261 488 1324 6,
541 1262 762 1316 exhibet
811 1264 1141 1334 epitaphium
1195 1264 1436 1338 Treviris
2104 1253 2371 1310 Orosium.
2887 1265 2891 1270 ’

2106 893 2245 946 rium
2270 894 2542 963 profectus
2565 896 2800 950 suaserit
2832 896 2974 967 leges
2997 898 3118 966 plu-

411 1351 903 1422 jungens°Houorii
931 1353 1278 1408 Consulatum
1305 1369 1396 1409 vni
1416 1391 1434 1422 ,

418 1455 539 1495 cum
569 1442 745 1512 primo
781 1441 1118 1498 Constantini
1151 1443 1292 1515 [ejus
1322 1446 1432 1529 sci-

416 1529 542 1585 licet
581 1532 790 1602 tyranni
825 1547 892 1586 ex
928 1532 1202 1588 Britannia
1239 1535 1331 1604 qui
1376 1537 1431 1589 h.

421 1636 472 1674 a.
531 1621 752 1676 Arelate
816 1623 1163 1694 consederat]
1223 1625 1288 1678 de
1332 1640 1440 1694 quo

417 1713 540 1767 vide
576 1713 733 1768 Noris
765 1714 935 1784 epoch
968 1713 1292 1785 Syromaced
1324 1715 1435 1770 diss

410 1804 475 1868 4,
505 1820 557 1859 0.
590 1806 613 1858 1
638 1845 654 1870 ,
684 1806 830 1861 circa
859 1807 1042 1860 finem.
1081 1806 1268 1860 Eidem
1297 1806 1432 1861 Pur-

416 1911 609 1966 puram
665 1897 830 1951 mittit
896 1897 1186 1952 Honorius.
1239 1896 1430 1969 Olytnp

415 1989 560 2058 apud
601 1987 870 2044 Photium.
903 1988 1068 2043 Iidem
1103 2004 1225 2044 coss
1254 1989 1432 2044 Hono-

417 2078 533 2132 rius
558 2095 648 2132 vnt
673 2088 730 2133 et
769 2078 952 2132 Theod
986 2094 1081 2144 ιιι,
1109 2077 1358 2151 leguntur
1382 2079 1434 2134 in

412 2169 697 2238 utriusque
761 2169 974 2225 Codicis
1031 2169 1238 2241 legibus
1292 2172 1434 2241 apud

414 2259 622 2314 Reland
667 2269 726 2314 ut
757 2259 868 2317 Cod
909 2261 1093 2317 Theod
1132 2263 1200 2318 dc
1235 2263 1429 2318 Decur.

419 2349 532 2404 Urb
551 2350 737 2407 Romae
761 2352 796 2405 l.
822 2352 876 2418 6,
907 2351 980 2408 lib
1003 2368 1113 2419 Juv,
1138 2354 1221 2408 tit.
1254 2355 1306 2418 1,
1327 2363 1432 2409 etc.

488 2428 579 2493 Pr.
621 2439 748 2496 Urbi
779 2441 963 2496 Romae
999 2442 1330 2499 Bonosianus
1358 2444 1429 2499 ibi

413 2537 469 2584 et
523 2530 726 2585 Attalus
776 2547 842 2588 ex
888 2533 1123 2588 Zosimo.
1173 2532 1277 2588 ΟΡ.
1310 2533 1429 2588 Mo-

413 2623 604 2676 naxius
652 2623 763 2680 Cod
815 2624 1002 2680 Theod
1043 2624 1115 2678 lib
1162 2640 1250 2692 xv,
1296 2633 1332 2681 t.
1377 2627 1427 2691 1,

416 2713 454 2766 1.
489 2713 578 2777 17,
607 2725 712 2769 etc.

484 2805 661 2869 Alani,
691 2816 745 2861 et
767 2807 1018 2872 Vandali,
1044 2817 1098 2862 et
1125 2808 1285 2863 Suevi
1313 2809 1432 2864 llis-

416 2894 610 2964 panias
659 2895 1056 2966 ingrediuntur.
1115 2893 1335 2965 ldatius,
1376 2909 1432 2956 et

413 2987 657 3044 Orosius.
705 2989 936 3045 Mittitur
974 3007 1102 3046 vero
1140 2991 1195 3046 in
1233 2991 1431 3061 Hispa-

414 3079 558 3133 niam
581 3077 837 3134 Constans
861 3078 1199 3136 Constantini
1223 3081 1428 3154 Tyran-

412 3173 468 3226 ni
501 3169 643 3228 filius
669 3183 787 3243 post
808 3189 996 3244 pacem
1027 3192 1150 3230 cum
1193 3177 1429 3232 Honorio

412 3265 622 3320 initam.
666 3266 843 3322 Zosim
885 3266 957 3321 lib
987 3283 1063 3332 vr,
1103 3284 1200 3338 cap
1229 3270 1280 3324 4.
1319 3269 1426 3324 Sed

415 3354 681 3411 Maximus
713 3357 764 3411 in
805 3356 1058 3427 Hispania
1089 3359 1426 3430 tyrannidem

412 3457 648 3504 exercet.

210 3556 338 3612 5l23
483 3558 629 3629 lmpp
683 3560 831 3616 Caess
885 3560 1152 3616 Honorius
1192 3563 1310 3632 Aug
1358 3570 1420 3616 tr.

181 3650 247 3724 ω
271 3650 334 3703 27
412 3667 466 3720 p.
498 3651 583 3715 17,
611 3650 696 3705 18.
721 3651 826 3707 Cos
851 3669 969 3706 vnt.

185 3731 342 3805 012
486 3741 553 3794 Et
614 3740 948 3798 Theodosius
1006 3741 1108 3798 Jun
1171 3742 1289 3813 Aug
1362 3752 1430 3798 tr.

257 3830 300 3883 B
416 3845 470 3900 p.
502 3831 555 3898 8,
583 3831 636 3886 9.
665 3831 769 3887 Cos
793 3847 874 3888 ιιι.

200 3923 358 3979 Indict
489 3923 590 3979 Cos
633 3924 718 3979 Fl.
770 3924 1002 3980 Varanes
1061 3926 1256 3981 solus:
1302 3941 1424 3981 nam

237 4033 324 4072 VIII
413 4017 685 4074 Tertullus
731 4017 798 4072 ab
840 4017 1018 4071 Attalo
1060 4027 1274 4072 creatus
1310 4033 1432 4070 um-

213 4118 335 4165 ettx
409 4109 621 4166 bratilis
672 4107 871 4164 Consul
924 4109 1174 4164 habetur.
1209 4107 1433 4164 Orosius

417 4202 494 4256 lib
518 4201 570 4266 7,
599 4216 697 4272 cap
722 4201 812 4255 ω.

483 4291 593 4348 Cod
635 4291 817 4346 Theod
857 4289 1014 4344 habet
1047 4289 1314 4362 Varanem
1345 4305 1428 4344 so-

419 4386 529 4439 lum
563 4385 637 4440 lib
666 4402 748 4448 Ix,
779 4392 816 4438 t.
858 4383 948 4447 28,
989 4382 1024 4435 l.
1063 4383 1149 4447 11,
1191 4383 1287 4446 l2,
1317 4391 1427 4448 etc;

417 4477 560 4548 apud
586 4477 786 4532 Reland
807 4484 861 4531 et
887 4475 961 4530 lib
982 4490 1075 4538 vn,
1100 4481 1140 4528 t.
1166 4473 1305 4538 15,1.
1337 4473 1430 4538 20,

425 4578 546 4639 qua:
579 4567 865 4623 ostendunt
893 4565 1248 4635 direptionem
1273 4563 1434 4620 Urbis

419 4676 562 4715 anno
593 4659 854 4730 superiori
886 4657 1196 4728 contigisse.

494 4750 798 4804 Marcianus
851 4747 1139 4803 Praefectus
1184 4745 1317 4802 Urbi
1364 4747 1433 4802 ab

421 4841 601 4898 Attalo
641 4843 980 4899 constitutus.
1015 4841 1193 4896 Zosim
1224 4839 1297 4895 lib
1333 4855 1384 4892 vr
1407 4880 1422 4904 ,

419 4949 516 5002 cap
558 4933 607 4986 7.

225 5034 353 5090 5124
496 5035 644 5104 lmpp
693 5033 839 5089 Caess
894 5031 1159 5087 Honorius
1217 5030 1332 5100 Aug
1387 5037 1453 5083 tr.
1507 5027 1645 5083 1165

1514 5119 1650 5176 1164

200 5124 349 5200 @28
421 5142 474 5197 p.
509 5127 605 5191 18,
652 5125 736 5179 19.
767 5125 870 5180 Cos
897 5133 1012 5179 VIII.

201 5208 354 5282 015
495 5219 563 5272 Ει
607 5217 938 5272 Theodosius
971 5215 1072 5270 Jun
1116 5217 1229 5286 Aug
1273 5223 1340 5267 tr.
1384 5227 1437 5284 ιι.

269 5306 310 5359 A
394 5303 482 5374 ’9,
519 5308 603 5362 10.
637 5308 740 5362 Cos
767 5322 839 5360 tv.

216 5395 376 5453 Indict
502 5397 700 5454 Consul
727 5396 1058 5452 Theodosius
1086 5393 1188 5451 Jun
1219 5394 1336 5466 Aug
1365 5410 1438 5461 tv,

269 5503 316 5541 Ix
425 5490 541 5544 sine
580 5487 778 5557 collega
817 5487 900 5557 leg
935 5484 1024 5542 48.
1056 5487 1115 5541 Ο.
1159 5485 1342 5540 Theod
1371 5486 1437 5540 de

246 5587 288 5628 et
315 5595 344 5632 χ
434 5580 686 5650 operibus
710 5580 939 5649 publicis
965 5579 1084 5634 data
1125 5577 1186 5632 P.
1228 5577 1290 5632 C.
1329 5577 1439 5631 Va-

430 5685 576 5726 ranre
595 5680 646 5726 et
672 5671 744 5726 llb
766 5672 817 5735 7,
845 5671 1083 5742 ejusdem
1109 5669 1217 5725 Cod
1243 5670 1324 5724 tit.
1348 5669 1433 5734 17,

426 5761 465 5815 1.
503 5763 660 5817 unica
697 5764 761 5817 de
802 5763 1016 5818 lusoriis
1055 5761 1319 5816 Danuvii:
1370 5761 1435 5816 de

1540 3563 1678 3619 H62

1541 3655 1678 3710 1165

2176 1343 2318 1401 Urbs
2357 1348 2523 1402 Roma
2571 1364 2713 1405 anno
2754 1351 3018 1419 superiori
3051 1353 3119 1405 ab

2102 1433 2316 1494 Alarico
2357 1442 2600 1506 obsessa,
2629 1451 2684 1496 et
2725 1451 2847 1514 post
2889 1443 3004 1512 ejus
3043 1459 3126 1498 re-

2103 1543 2313 1583 cessum
2342 1529 2398 1583 b.
2441 1546 2492 1584 a.
2524 1531 2715 1586 iterum
2745 1534 2929 1588 invasa
2974 1535 3121 1603 capi-

2106 1628 2195 1672 tur
2231 1629 2288 1674 et
2334 1621 2586 1690 diripitur
2623 1638 2718 1690 per
2741 1623 2857 1678 dies
2909 1633 3116 1694 septem
3164 1665 3173 1674 .

2104 1724 2169 1763 ex
2196 1725 2287 1764 vin
2331 1710 2428 1766 Kal
2481 1711 2613 1782 Sept
2668 1715 2955 1783 asportatis
3001 1717 3120 1770 auri

2105 1802 2258 1858 libris
2297 1812 2380 1858 ter
2429 1805 2680 1870 millibus,
2731 1808 2937 1877 argenti
2978 1824 3115 1872 xxx;

2104 1892 2175 1946 Μ.
2201 1903 2397 1963 praeter
2422 1896 2556 1950 alias
2603 1897 2810 1966 species
2841 1912 2871 1952 a
2912 1883 3114 1954 Senatu

2094 1993 2280 2054 pactas
2315 2004 2327 2040 :
2367 1977 2545 2041 Zosim
2571 2029 2584 2050 ,
2621 1989 2692 2041 lib
2718 2004 2747 2041 v
2794 1979 3068 2044 Marcellin
3093 2031 3109 2054 ,

2025 2135 2028 2138 ,
2103 2077 2258 2132 Oros.
2286 2087 2391 2132 etc.
2450 2056 2580 2134 Vide
2619 2080 2840 2152 Pagium
2873 2081 2940 2136 ad
2984 2083 3038 2137 h.
3069 2099 3120 2137 a.

2098 2171 2191 2239 qui
2231 2172 2469 2227 ostendit
2513 2188 2796 2243 perperam
2827 2175 3048 2231 dilatam
3091 2193 3119 2231 a

2085 2262 2405 2332 quibusdam
2430 2265 2724 2336 chronolog
2749 2275 2802 2322 et
2825 2269 2933 2322 hist
2956 2271 3118 2324 etiam

2097 2356 2338 2425 antiquis
2374 2357 2512 2414 hanc
2560 2358 2721 2415 Urbis
2752 2361 3112 2430 direptionem

2100 2449 2170 2503 ad
2217 2456 2416 2504 annum
2471 2451 2553 2506 vel
2599 2452 2877 2507 biennium
2933 2455 3114 2524 proxi-

2097 2558 2243 2597 mum
2277 2560 2290 2598 :
2322 2543 2456 2599 Vide
2498 2543 2804 2615 Philostorg
2827 2587 2841 2610 ,
2891 2546 2964 2601 lib
3010 2564 3108 2612 xu,

2096 2649 2196 2705 cap
2219 2637 2272 2690 5.

2170 2725 2384 2780 Attalus
2432 2726 2586 2797 jussu
2635 2727 2834 2782 Alarici
2887 2729 3112 2798 impera-

2098 2824 2183 2882 tor
2214 2818 2413 2872 dicitur
2433 2820 2532 2888 qui
2552 2828 2671 2874 erat
2694 2819 2782 2873 Pr.
2814 2819 2964 2876 Urbi.

2137 2927 2139 2930 ‘
2167 2905 2401 2962 Placidia
2417 2907 2761 2977 Imperatoris
2786 2924 2940 2964 soror
2962 2918 3122 2983 capta

2100 2999 2255 3053 nubit
2268 2982 2424 3052 Ataul
2431 2999 2540 3069 pho
2563 2999 2762 3054 Alarici
2778 2982 3103 3072 propinquo.

2168 3089 2225 3145 S.
2286 3090 2595 3148 Honoratus
2657 3092 2901 3150 lustratis
2949 3095 3114 3150 ltalire

2097 3182 2362 3238 coenobiis
2387 3183 2532 3238 circa
2563 3183 2705 3240 hunc
2732 3201 2932 3241 annum
2961 3187 3112 3241 Leri-

2095 3288 2263 3330 nense
2301 3277 2688 3335 monasterium
2720 3278 2901 3332 condit
2945 3279 3120 3348 primo

2099 3365 2200 3420 sub
2229 3365 2414 3436 regula
2444 3366 2501 3420 S.
2540 3365 2858 3426 Pachomiii.
2918 3368 3073 3425 Noris
3099 3411 3114 3435 ,

2095 3459 2204 3515 bist
2228 3457 2411 3529 Pelag.
2452 3457 2525 3514 lib
2551 3476 2612 3524 tt,
2644 3475 2744 3529 pag
2775 3460 3044 3527 175,176.

2168 3552 2464 3607 Innocentii
2489 3552 2524 3606 9
2551 3562 2606 3607 et
2644 3551 2729 3608 10.
2874 3597 2876 3600 .
3070 3539 3138 3550 ’“”

2097 3743 2287 3790 contra
2319 3735 2695 3789 Heraclianum
2723 3745 2904 3804 partes
2937 3735 3112 3791 Hono-

2098 3825 2163 3880 rii
2211 3825 2263 3879 in
2323 3824 2502 3879 Africa
2556 3834 2852 3880 sectantem
2929 3829 3112 3896 copias

2105 3915 2303 3969 mittat.
2347 3913 2600 3984 Neglecta
2635 3914 2830 3968 Alarici
2886 3917 3113 3971 consilio

2100 4013 2288 4060 contra
2329 4003 2622 4058 Honorium
2657 4005 2924 4059 Ravennae
2953 4021 3115 4076 agere

2100 4104 2205 4149 tem
2272 4102 2472 4150 movet.
2531 4093 2714 4150 Jovius
2759 4095 3112 4153 diffidentiam

2101 4183 2242 4238 inter
2289 4183 2562 4238 Alaricutn
2610 4193 2665 4238 et
2689 4185 2926 4238 Attalum
2957 4187 3116 4242 indu-

2099 4273 2192 4328 cit.
2228 4273 2500 4344 Spoliatur
2534 4274 2745 4329 Attalus
2776 4275 2997 4344 imperio
3041 4278 3109 4332 ab

2098 4363 2314 4420 Alarico
2338 4365 2540 4438 (Zosim
2569 4365 2642 4422 lib
2668 4364 2760 4438 vr),
2797 4375 2850 4421 et
2883 4368 3114 4423 traditur

2102 4454 2361 4521 Honorio,
2392 4472 2516 4511 curn
2566 4472 2673 4528 quo
2716 4473 2902 4528 pacem
2947 4458 3116 4514 Alari-

2100 4561 2196 4602 cus
2226 4547 2327 4602 init
2354 4566 2367 4601 :
2396 4549 2643 4604 Alaricus
2667 4549 3009 4619 trajecturus
3060 4552 3112 4605 in

2097 4637 2337 4694 Africam
2357 4637 2490 4693 obit.
2509 4637 2762 4694 Succedit
2782 4639 3116 4710 Athaulpbus

2011 4721 2034 4746 ”
2099 4725 2422 4794 Joruandes,
2452 4743 2549 4797 cap
2580 4728 2667 4782 50.

2169 5023 2461 5078 Innocentii
2497 5024 2562 5078 10
2602 5033 2654 5079 et
2675 5025 2760 5079 11.

2164 5112 2391 5168 Collatio
2454 5113 2638 5168 habita
2684 5113 2872 5168 Carth.
2930 5114 3114 5170 catho-

2104 5205 2235 5261 licos
2288 5207 2429 5261 inter
2487 5215 2543 5261 et
2616 5207 2924 5262 Donatistas
2973 5247 2988 5271 ,
3059 5208 3112 5263 in

2100 5313 2205 5368 qua
2274 5299 2568 5353 Donatistai
2626 5299 2844 5368 penitus
2915 5300 3157 5380 eversi“

2103 5386 2238 5445 Vide
2284 5390 2440 5446 Noris
2474 5391 2581 5444 hist
2628 5388 2806 5463 Pelag,
2837 5390 2910 5446 lib
2947 5407 2986 5457 ι,
3019 5407 3118 5462 cap

2112 5482 2146 5536 5
2174 5490 2230 5537 et
2259 5481 2332 5536 lib
2357 5492 2549 5552 tt,.pag
2569 5480 2696 5535 222.
2984 5504 2995 5511 ε

2178 5573 2491 5629 Antiochius
2529 5572 2694 5628 Persa
2743 5573 2810 5628 ab
2837 5572 3122 5644 Isdegerdc.

2109 5667 2346 5736 (Arcadii
2380 5672 2706 5721 testamento
2739 5673 2884 5720 tutor
2906 5665 2992 5721 hic
3018 5665 3116 5720 da-

2110 5765 2195 5815 tus
2217 5759 2390 5814 fuerat
2436 5755 2762 5825 Theodosio)
2809 5757 3008 5812 missus
3055 5757 3123 5812 ad

3216 3555 3276 3609 41

2168 3557 2464 3607 Innocentii
2489 3557 2524 3606 9
2551 3562 2606 3607 et
2644 3557 2729 3608 10.
2874 3597 2876 3600 .
3216 3557 3318 3610 410

2157 3643 2374 3698 Attalus
2402 3642 2472 3696 ab
2499 3643 2711 3698 Alarico
2747 3645 3006 3699 suadetur
3048 3654 3108 3699 ut
3221 3718 3224 3720 _

3209 5027 3309 5085 HI
