3914 6318
562 291 667 352 675
1295 287 1388 342 AD
1409 283 1843 370 ANASTASIUM
1880 280 2388 352 PHOLEGOMENA
2428 280 2602 344 EDIT.
2647 277 3064 336 ROM.-VA.TIC.
3693 283 3772 338 σιι

635 399 772 468 Auni
810 395 1218 468 'lmperatores,
1287 394 1537 468 Consules
1595 395 1860 449 Romano-
1928 395 2065 468 ᾼῃῃι
2160 396 2209 458 Α

565 458 820 525 ΡενῘΙιιΙ.
919 458 1056 534 rum,
1083 470 1163 520 res
1206 458 1362 536 gesta:
1389 470 1436 518 et
1462 467 1790 518 documenta.
1940 460 2041 518 L’C

597 549 646 594 et
681 545 701 592 ι
713 539 798 593 nd.
1152 592 1158 594 _
1886 559 1889 561 -
1936 545 2058 586 ante

1899 613 1948 654 et
1971 610 2086 670 post

1905 669 2068 724 Palil.

835 830 940 885 qua
969 813 1090 867 vide
1126 811 1379 867 Gotofred
1410 812 1662 880 signanda
1692 809 1850 864 Theo-

827 905 975 958 dosio
1010 901 1117 970 IV,
1157 914 1204 956 et
1249 902 1338 972 qui
1379 902 1534 970 fuerit
1573 902 1842 954 nuntiatus

829 994 992 1064 (male
1060 993 1324 1063 signatur]
1375 991 1458 1061 V.)
1520 992 1851 1046 Theodosius

839 1082 943 1136 Jun
985 1081 1333 1146 Decentialia,
1378 1081 1645 1134 Honorius
1677 1079 1858 1134 Romae

843 1171 1152 1226 Viccnnalia
1179 1170 1631 1225 dedit.'Marcellin
1650 1170 1850 1226 Chron.

907 1262 1129 1316 Barbari
1155 1262 1245 1329 qui
1270 1277 1327 1315 se
1358 1261 1625 1330 Hispania:
1650 1259 1858 1315 infude-

837 1363 957 1406 raut
987 1353 1290 1420 provincias
1322 1353 1460 1404 inter
1493 1365 1550 1404 se
1581 1349 1846 1404 dividunt.

834 1442 1138 1498 Gallzeciam
1169 1440 1416 1494 Wandali
1463 1447 1749 1508 occupant,
1799 1447 1854 1492 et

839 1532 998 1586 Suevi
1035 1529 1190 1583 Alani
1222 1528 1587 1593 Lusitaniam,
1619 1536 1672 1581 et
1719 1526 1854 1582 Car-

840 1624 968 1690 thag
998 1619 1306 1689 provincias
1333 1636 1346 1672 :
1380 1618 1626 1672 Wandali
1653 1617 1844 1687 Siliugi

835 1718 1108 1770 Baeticam.
1140 1713 1274 1768 ldat.

907 1805 997 1859 Pr.
1053 1804 1183 1858 Urbi
1256 1802 1322 1856 R.
1395 1801 1742 1856 Bonosianus.
1798 1800 1857 1856 C.

841 1897 1046 1952 Theod.
1076 1895 1146 1949 lib
1178 1911 1267 1960 xv,
1305 1904 1343 1948 t.
1376 1896 1429 1960 1,
1461 1895 1496 1948 l.
1534 1894 1603 1948 48
1651 1904 1704 1948 et
1755 1891 1857 1948 CP.

842 1989 1102 2043 Isidorus.
1131 1987 1332 2043 Reland
1358 1996 1412 2043 et.
1439 1987 1629 2043 Gotolr
1642 2003 1708 2042 ex
1729 1985 1866 2041 notit

837 2080 982 2150 dign.

621 2174 761 2230 5125
917 2171 1065 2242 lmpp
1093 2171 1239 2227 Caess
1265 2171 1532 2226 Honorius
1569 2169 1684 2241 Aug
1717 2181 1782 2224 tr.
1815 2185 1870 2240 p.

597 2267 676 2343 Θ
713 2266 735 2319 1
849 2264 933 2330 19,
965 2265 1057 2328 20,
1088 2278 1199 2319 cos.
1225 2279 1301 2317 ix.

596 2341 676 2425 ὃ
715 2356 778 2411 14
921 2355 988 2410 Et
1030 2354 1364 2411 Theodosius
1411 2341 1526 2424 Aug
1576 2363 1644 2408 tr.
1679 2368 1729 2423 p.
1778 2353 1862 2416 10,

611 2449 654 2503 G
706 2447 751 2501 Ρ
845 2449 1029 2514 ll,cos
1053 2463 1107 2501 v.

606 2540 782 2630 ιηείεει
845 2575 978 2630 ρος,
1030 2539 1561 2630 ,ειειξιξιξὲιξξβιιεέξ
1657 2569 1662 2572 ·

673 2627 702 2663 x
847 2610 978 2630 W"
1030 2610 1360 2664 Theodosius
1387 2611 1506 2680 Aug
1530 2627 1582 2664 v.

913 2693 1082 2773 Leges
1109 2703 1388 2771 utriusque
1433 2703 1543 2760 Cod
1575 2703 1717 2774 apud
1759 2702 1862 2756 Re-

811 2794 944 2848 land
996 2804 1056 2848 ut.
1107 2796 1206 2850 cod
1241 2794 1427 2850 Theod
1475 2796 1541 2850 de
1584 2796 1852 2850 cohortat.

849 2883 1062 2952 Princip
1111 2885 1292 2938 cornic
1320 2885 1356 2938 l.
1409 2884 1500 2950 22,
1525 2885 1619 2950 25,
1645 2884 1735 2949 24,
1765 2884 1855 2948 25,

839 2982 946 3030 etc.
980 2966 1073 3028 His
1090 2990 1210 3029 coss
1237 2974 1399 3029 occisi
1421 2985 1545 3030 sunt
1563 2975 1787 3030 Jovinus
1811 2983 1864 3028 et

841 3061 1187 3118 Sebastianus
1245 3063 1438 3120 fratres
1493 3065 1544 3119 in
1591 3063 1763 3120 Gallia
1809 3074 1864 3119 et

843 3153 1099 3224 Hispania
1157 3156 1493 3225 tyrannidem
1547 3165 1862 3212 exercentes

841 3243 1136 3298 Marcellini.
1163 3243 1362 3300 Chron.

910 3333 1178 3390 Honorius
1210 3335 1518 3393 Donatistas
1549 3347 1669 3406 post
1695 3339 1862 3394 colla-

844 3425 1043 3479 tionem
1076 3426 1383 3495 pervieaees
1417 3427 1640 3483 diversis
1683 3431 1856 3498 paruis

843 3512 1086 3578 mulctat,
1111 3513 1380 3570 Ecclesias
1406 3529 1698 3585 earumque
1721 3517 1858 3570 bona

842 3601 1132 3659 Catholicis
1179 3605 1388 3660 restitui
1412 3604 1564 3674 jubet
1585 3606 1622 3660 l.
1653 3607 1722 3660 52
1746 3607 1859 3662 Cod

831 3691 1015 3748 Theod
1061 3693 1130 3750 de
1193 3695 1480 3752 haireticis.
1549 3696 1863 3754 Iovinianus

838 3783 1124 3840 haereticus
1155 3788 1209 3840 in
1233 3786 1462 3842 insulam
1492 3787 1655 3845 Boam
1681 3791 1750 3845 ab
1778 3805 1865 3845 eo-

841 3875 960 3930 dem
985 3875 1232 3946 Principe
1259 3877 1548 3950 relegatur.
1595 3879 1706 3936 Cod
1741 3881 1843 3936 Th.

841 3964 946 4020 eod
979 3965 1041 4020 tit
1065 3964 1103 4020 l.
1128 3965 1216 4020 51.

615 2711 664 2755 et
693 2719 745 2755 XI

618 4402 755 4457 5126
917 4402 1065 4473 lmpp
1093 4405 1238 4460 (less
1261 4404 1527 4461 Honorius
1561 4405 1678 4477 Aug
1704 4417 1772 4462 tr.
1803 4423 1858 4476 p.

730 4494 767 4547 2
861 4493 943 4556 10,
975 4493 1066 4560 21,
1098 4510 1191 4550 cos
1220 4511 1293 4552 ix.
1657 4523 1670 4532 ι

598 4579 680 4657 θ
708 4586 772 4642 15
925 4586 992 4640 Ει
1010 4585 1341 4642 Theodosius
1355 4602 1457 4642 eun
1480 4586 1597 4656 Aug
1621 4595 1688 4640 tr.
1713 4601 1766 4656 p.
1793 4587 1851 4641 11

657 4677 708 4732 Ε
849 4678 1073 4744 12,εοεε
1105 4693 1153 4730 v.

615 4761 789 4828 Iudici
917 4772 1024 4826 Cos
1049 4770 1246 4826 Lucius
1293 4769 1469 4836 solus,
1499 4785 1622 4825 nam
1653 4785 1854 4839 expuu-

660 4877 715 4916 XI
844 4872 962 4916 ctus
982 4861 1128 4915 fuite
1158 4860 1333 4914 Fastis
1360 4858 1855 4913 lleraclianusAl‘ri-

613 4961 663 5007 et
691 4967 769 5008 xu
842 4967 918 5006 ea:
937 4967 1136 5017 comes,
1155 4952 1242 5021 qui
1274 4950 1485 5019 Collega
1499 4951 1656 5004 datus
1676 4950 1851 5005 fuerat

851 5041 1018 5096 Lucio
1046 5041 1100 5094 in
1128 5041 1442 5105 Consulatu,
1467 5047 1522 5094 ut
1544 5040 1594 5095 iu
1615 5039 1724 5096 Cod
1757 5039 1856 5094 Th.

843 5129 916 5183 lib
932 5147 1014 5194 xv,
1052 5139 1090 5183 t.
1123 5129 1209 5196 14,
1257 5129 1294 5181 l.
1327 5127 1392 5183 15
1437 5135 1490 5184 et
1513 5127 1760 5198 Prosper,
1790 5135 1844 5182 et

836 5221 1106 5278 Marcellin
1139 5223 1190 5277 in
1217 5223 1408 5278 chron.

916 5313 1207 5385 Signantur
1243 5315 1421 5384 itaque
1448 5314 1736 5370 Consulatu
1765 5329 1852 5368 so-

849 5402 1126 5471 liusLucii
1157 5402 1300 5473 leges
1325 5404 1433 5458 Cod
1460 5405 1754 5474 utriusque,
1786 5414 1846 5458 ut

846 5492 908 5548 C.
955 5491 1056 5546 Th.
1085 5491 1126 5546 Ι.
1175 5508 1268 5546 un.
1329 5493 1610 5548 de'comit
1659 5503 1713 5548 et
1761 5495 1863 5548 trib

848 5597 891 5636 St
906 5582 1017 5636 .hol.
1053 5591 1139 5637 etc
1165 5584 1301 5654 apud
1333 5583 1554 5638 Relaud.

916 5673 1330 5744 Pclag‘usllrito
1377 5676 1563 5744 dogma
1613 5675 1845 5730 nominis

1961 2169 2098 2224 1164

1953 2260 2089 2316 1165

1959 4409 2090 4463 1165

1959 4498 2092 4552 ιιδθ
2173 4466 2222 4526 υ

2309 393 2445 445 Auni
2518 392 2959 455 Christianorum,
2995 391 3301 445 Judworum
3329 401 3374 445 et

2263 460 2467 542 Olymp.

2391 2271 2440 2310 ιγ

2331 4409 2433 4465 297

2365 4516 2416 4555 ιν

2371 4604 2417 4644 ει

2339 4683 2442 4740 298

2567 393 2959 455 hristiauorum,
2995 391 3301 445 Judworum
3329 401 3374 445 et
3404 391 3526 460 [iui-
3596 395 3724 449 Aturi

2567 463 2809 514 timorum
2848 462 3177 530 pepulerum,
3225 457 3524 528 Pontiﬁces,
3600 462 3733 516 ,λεγει-

2556 530 2738 600 Reges,
2767 547 2844 583 res
2867 540 3020 600 gestae
3045 540 3092 583 et
3123 530 3450 584 documenta.
3573 530 3760 585 Christi.

2516 795 2734 850 tutelam
2807 790 3093 847 Theodosii
3154 792 3208 846 in
3277 792 3518 845 ordinem

2519 887 2798 957 redigitur,
2849 896 2904 940 et
2956 883 3237 938 Pulcheria
3280 883 3522 952 Augusta

2515 976 2628 1033 sola
2648 975 2929 1045 imperium
2952 973 3314 1028 administrat.
3351 970 3523 1026 Theo-

2517 1067 2742 1136 phanes.
2782 1068 2784 1070 ’
3134 1064 3136 1068 ’

2590 1156 2924 1212 Constantini
2941 1163 3099 1231 caput
3127 1154 3178 1208 in
3201 1162 3362 1210 conto
3375 1152 3526 1209 affer-

2518 1260 2606 1306 tur
2631 1248 2865 1304 Honorio
2900 1263 2984 1301 xtv
3011 1247 3110 1301 Kal
3138 1235 3258 1302 OCt.
3307 1245 3523 1301 ldatius.

2520 1339 2784 1394 Constans
2799 1351 3010 1406 quoque
3024 1334 3348 1389 interficitur
3365 1333 3528 1388 Vienn

2525 1445 2622 1500 per
2697 1428 3046 1491 Gerontium,
3130 1426 3421 1481 substituto
3477 1426 3526 1480 ei

2519 1523 2751 1577 Maximo
2777 1535 2794 1573 :
2824 1521 2914 1592 qui
2950 1517 3287 1589 postmodum
3340 1527 3530 1572 exutus

2518 1628 2753 1683 purpura
2800 1610 2929 1664 vivit
2975 1608 3224 1680 ignobilis
3253 1609 3304 1660 in
3339 1606 3522 1678 Hispa-

2526 1705 2635 1757 nia.
2661 1693 2920 1756 Zosimus
2938 1715 2986 1753 vi
3009 1708 3066 1753 et
3087 1697 3443 1752 Marcellinus.

2595 1792 2852 1864 Synesius
2878 1788 3108 1846 concilio
3127 1797 3316 1843 coacto
3329 1786 3537 1840 Andro-

2519 1885 2694 1939 nicum
2707 1880 3006 1952 Pentapolit
3021 1879 3159 1935 Prov
3170 1878 3315 1933 Pratl'
3322 1895 3352 1931 a
3365 1893 3534 1932 comm

2519 1985 2784 2046 segregat,
2828 1976 2918 2044 qui
2968 1972 3238 2045 paenitens
3289 1971 3542 2041 recipitur

2525 2071 2591 2123 ad
2620 2067 2851 2123 veniam.
2877 2064 3050 2136 Synes
3077 2064 3218 2133 epist
3237 2062 3325 2116 58.

2582 2159 2874 2214 Innocentii
2899 2159 2958 2212 11
2994 2165 3047 2211 et
3071 2157 3158 2210 12.
3620 2151 3703 2208 H3

2584 2253 2792 2308 Mortuo
2839 2250 3133 2322 Theophila
3172 2247 3530 2303 Alexandrino

2527 2348 2675 2418 cpisc
2696 2347 2780 2400 die
2805 2331 2870 2400 115
2918 2343 3018 2400 Oct
3040 2343 3280 2399 succedit
3307 2341 3553 2413 Cyrillus.

2526 2439 2680 2494 Neris
2711 2437 2816 2492 hist
2843 2435 3000 2507 Pelag
3033 2435 3068 2488 l.
3111 2451 3148 2500 ι,
3182 2449 3230 2490 c.
3263 2435 3296 2488 4
3346 2445 3400 2490 et
3444 2433 3478 2487 l.
3503 2448 3560 2498 ιι,

2529 2549 2577 2588 c.
2612 2534 2663 2598 1,
2685 2530 2917 2600 Carthag
2933 2530 3104 2585 concil
3125 2530 3342 2585 damnat
3360 2527 3529 2585 Coale-

2527 2624 2714 2687 stium,
2731 2622 2821 2692 qui
2838 2623 2903 2675 ad
2927 2620 3226 2676 Romanam
3253 2620 3435 2675 sedem
3448 2635 3535 2690 ap-

2527 2716 2706 2787 pellat.
2761 2715 3043 2770 Mercator.

2601 2807 2658 2862 S.
2686 2807 3016 2878 Augustinus
3038 2807 3091 2860 b.
3110 2821 3159 2860 a.
3189 2806 3429 2861 scribere
3452 2804 3527 2858 in—

2533 2901 2660 2971 cipit
2687 2908 2872 2956 contra
2900 2899 3231 2970 Pelagianos.
3261 2898 3337 2954 lbi
3371 2897 3462 2953 lib.
3491 2912 3526 2962 ι,

2527 3010 2575 3050 c.
2607 2994 2661 3059 4,
2693 3004 2746 3050 et
2777 2995 2848 3050 lib
2881 3011 2936 3057 ιι,
2962 3010 3011 3049 c.
3038 3011 3090 3061 ιι,
3120 3011 3170 3065 p.
3194 2995 3320 3050 258.

2596 3085 2882 3140 Cassianus
2908 3093 3214 3141 constructo
3239 3087 3382 3156 apud
3399 3085 3531 3141 Mas-

2525 3176 2698 3231 siliam
2751 3176 3077 3231 monasterio
3141 3175 3371 3232 celebris
3427 3175 3525 3233 Ca-

2525 3267 2655 3322 stori
2699 3267 3012 3336 Aplensi‘um
3065 3267 3318 3336 episcopo
3338 3268 3436 3322 abs
3478 3284 3531 3322 se

2525 3359 2815 3428 postulanti
2844 3355 3218 3428 IEgyptiorum
3244 3359 3528 3414 monacho-

2526 3469 2644 3506 rum
2687 3452 2929 3506 instituta
2959 3467 3034 3505 xu
3065 3450 3227 3506 libros
3251 3467 3317 3505 eo
3351 3451 3416 3506 de
3443 3467 3522 3505 ar-

2525 3551 2779 3614 gumento
2807 3541 3015 3605 scribit,
3051 3541 3104 3594 in
3141 3541 3341 3610 quibus
3371 3540 3534 3596 Semi-

2525 3633 2862 3705 pelagiauum
2886 3633 3077 3703 dogma
3107 3631 3419 3696 introducit,
3443 3647 3524 3688 as.

2523 3741 2708 3780 serens
2723 3724 2972 3778 humanis
2986 3723 3188 3777 viribus
3209 3723 3348 3777 bona
3369 3738 3526 3794 opera

2524 3831 2680 3887 posse
2711 3815 2974 3880 inchoari,
2997 3814 3090 3869 sed
3117 3813 3233 3868 sine
3256 3815 3432 3884 gratia
3460 3813 3529 3868 di-

2531 3910 2654 3962 vina
2683 3924 2789 3963 non
2815 3906 3017 3977 pertici.
3070 3901 3203 3961 Vide
3245 3905 3402 3960 Neris
3429 3906 3530 3960 hist

2521 3999 2680 4070 Pelag
2713 3999 2802 4054 lib.
2835 4015 2871 4054 ιι
2904 4013 2954 4053 c.
2990 3998 3039 4063 1,
3066 4012 3168 4066 pag
3193 3997 3312 4052 162.

2598 4092 2757 4147 Cirta:
2774 4092 2824 4145 in
2849 4090 3091 4144 Numidia
3115 4089 3411 4144 Concilium
3439 4089 3524 4142 ha-

2523 4185 2692 4239 bitum
2723 4197 2904 4238 mense
2930 4181 3089 4236 Juuio
3113 4193 3298 4235 contra
3322 4181 3528 4235 Donati-

2523 4284 2654 4328 stas.

2589 4407 2884 4462 Innocentii
2905 4406 2989 4472 12,
3020 4406 3108 4460 15.
3610 4397 3686 4451 H3

2591 4497 2942 4554 Heraclianus
2961 4497 3030 4553 ob
3048 4505 3299 4552 navatam
3320 4506 3526 4552 strenue

2541 4605 2760 4660 operam
2795 4596 2981 4644 contra
3004 4587 3304 4657 perduelles
3345 4601 3518 4642 eomes

2533 4682 2604 4736 Af
2605 4683 2727 4737 ricze
2750 4690 2805 4736 et
2826 4681 3012 4736 consul
3028 4689 3261 4743 creatus,
3287 4677 3523 4750 perduel-

2533 4774 2596 4829 lis
2628 4775 2741 4845 ipse
2769 4789 2890 4828 eum
2923 4787 3017 4827 nec
3044 4771 3256 4826 navium
3285 4771 3453 4825 classe
3476 4769 3524 4824 in

2537 4865 2740 4920 Italiam
2760 4865 3036 4934 navigans,
3055 4872 3106 4917 et
3123 4861 3514 4930 contravUrbem

2528 4959 2708 5027 copias
2719 4959 2919 5013 ducens
2932 4970 3154 5010 occursu
3170 4954 3360 5009 Marini
3372 4951 3520 5008 comi-

2523 5050 2589 5104 tis
2612 5049 2677 5102 ad
2704 5048 3000 5103 Utriculum
3041 5055 3323 5116 superatus
3355 5033 3406 5098 iii
3433 5042 3510 5096 fu-

2520 5157 2646 5214 gam
2677 5141 2922 5205 vertitur,
2951 5149 3006 5194 et
3031 5139 3082 5192 in
3115 5136 3356 5194 Africam
3382 5136 3517 5191 dela-

2527 5243 2612 5288 tus
2635 5232 2846 5302 capitur
2891 5229 3216 5300 Carthagine
3250 5238 3304 5282 et
3330 5227 3521 5283 interﬁ-

2521 5326 2680 5390 citur,
2710 5324 3033 5380 succedente
3073 5321 3279 5376 Marino
3333 5337 3347 5375 :
3379 5320 3518 5390 cujus

2518 5417 2670 5487 jussu
2702 5413 3040 5468 Marcellinus
3089 5413 3380 5478 Tribunus,
3433 5410 3515 5481 qui

2529 5523 2628 5578 pro
2655 5507 2757 5562 [ide
2781 5506 3055 5562 Catholica
3080 5505 3294 5561 fortiter
3324 5505 3519 5558 labora-

2527 5607 2698 5664 verat,
2743 5598 3142 5672 Donatistarum
3194 5613 3262 5651 ex
3313 5593 3514 5650 insidiis

2524 5695 2812 5760 occiditur,
2847 5710 3006 5763 quem
3066 5693 3356 5766 Martyrem
3402 5689 3516 5746 colit
