3914 6318
62 395 168 453 677

139 505 290 559 Anni
376 504 763 574 Imperatores,
825 503 1073 558 Consules
1127 503 1391 559 Romano-
1463 507 1600 560 Anni

1453 574 1602 630 'UC

1487 656 1604 699 ante

1453 727 1501 769 et
1527 726 1639 783 post

1461 785 1617 838 Petit.

69 575 196 629 Per.
224 574 355 631 Jul.

100 655 146 697 et
180 643 319 698 Ind.

969 393 1311 450 cuneum.
1353 396 1395 450 A
1436 394 1494 451 s.
1530 374 1941 451 seresrno
1977 377 2071 445 An
2110 389 2167 445 s.
2208 390 2413 446 cum.
2441 392 2528 448 -Μ,
2605 385 2609 390 ‘
3241 395 3352 455 678‘

495 591 633 641 rum,
663 590 742 628 res
769 585 924 643 gesta:
946 585 991 628 et
1014 575 1338 630 documenta.

358 853 458 908 -sui
495 860 682 908 contra
719 853 948 923 gratiam
981 852 1180 908 Christi
1219 854 1393 910 Coale-

291 989 302 995 .
373 945 478 1000 stio
526 952 580 999 ct
605 943 817 1000 Juliano
839 945 1168 1001 auditoribus
1199 947 1392 1002 exerit.

157 1760 297 1814 5127

123 1851 262 1928 a5

124 1935 301 2007 016

190 2031 237 2082 D

123 2123 293 2177 Indict

176 2211 246 2246 XII

174 2297 220 2338 et

166 2393 260 2432 XIII

170 3747 304 3803 5128

146 3840 285 3915 ωλι

146 3925 309 3998 On

216 4023 254 4076 C

161 4113 327 4170 lndict

195 4223 285 4262 XIII

230 4315 275 4355 et

194 4407 280 4446 MV

372 1036 628 1106 Prosper.
1388 1113 1396 1120 .

445 1126 851 1197 Burgundiones
886 1125 1188 1181 Germaniae
1208 1127 1383 1198 populi

377 1228 587 1287 partem
611 1218 797 1292 Gallia:
827 1219 1014 1274 Rheno
1035 1237 1388 1292 preptnquam

371 1306 636 1360 obtinent.
667 1307 915 1376 Prosper.

444 1397 750 1451 Vicennalia
768 1399 978 1470 Imperii
1011 1399 1254 1456 Honorii.
1275 1399 1400 1457 Post

367 1488 579 1545 cladem
617 1490 900 1546 Gothicam
953 1492 1112 1548 Urbis
1158 1493 1389 1549 solitudo

368 1581 573 1634 sensim
621 1581 811 1636 desinit
841 1592 946 1654 ;.et
996 1585 1063 1638 15
1119 1584 1283 1639 millia
1313 1586 1400 1657 ci-~

369 1672 519 1726 vium
549 1681 919 1728 numerantur.
951 1673 1254 1746 Olympiod.

445 1762 598 1833 lmpp
627 1764 772 1818 Cacss
801 1763 1067 1850 llonorius
1094 1766 1210 1837 Ang
1234 1774 1300 1819 tr.
1331 1781 1386 1837 p.
1447 1765 1587 1820 1166

1446 1855 1580 1910 1167

374 1851 466 1918 21,
498 1852 590 1916 22,
620 1868 740 1908 coss
768 1869 840 1906 Ix.

441 1943 510 1996 Et
544 1943 878 2035 Theodosius
899 1944 1024 2000 Jun.
1055 1947 1173 2018 Aug
1213 1955 1280 2001 tr.
1331 1963 1385 2017 p.

369 2033 707 2100 12,.15,“(;οε
738 2051 788 2089 v.

367 2159 510 2215 Koss
663 2126 1042 2215 ιεῖυηὲἒπηίίυδ·

549 2197 631 2249 Fl.
661 2198 946 2253 Constans.

439 2287 504 2342 L.
533 2289 602 2345 38
631 2307 694 2360 ῃ.
728 2291 829 2345 Th.
863 2293 928 2347 de
954 2293 1296 2348 naviculariis
1320 2294 1385 2348 ad

369 2372 635 2437 Albinum
666 2382 813 2438 Praef
838 2384 964 2440 Urbi
995 2394 1047 2440 et
1094 2385 1130 2438 1.
1172 2386 1260 2450 54,
1293 2386 1382 2453 55,

368 2473 440 2528 de
471 2474 638 2530 lueret
667 2476 889 2546 alimque
917 2478 1055 2547 apud
1083 2476 1284 2532 Rcland
1335 2488 1388 2533 et

371 2565 603 2634 epistola
651 2567 723 2620 22
759 2567 1052 2623 Innocentii
1083 2567 1240 2638 Papae
1275 2568 1389 2625 Idib

373 2655 490 2709 Dec
518 2655 829 2712 Constantio
860 2673 972 2712 cos.

449 2743 799 2801 Constantius
828 2745 1022 2803 Comes
1045 2747 1184 2818 apud
1210 2748 1396 2803 Arela-

379 2843 496 2888 tum
521 2835 709 2890 Galliae
738 2836 924 2892 urbem
953 2839 1254 2894 consistens
1286 2839 1392 2894 Go-

386 2926 522 2980 thos
547 2925 796 2982 Narbona
840 2928 1078 2999 expellit,
1110 2937 1164 2985 et
1207 2931 1260 2984 in
1291 2930 1389 2985 Hi-

385 3020 633 3089 spaniam
677 3021 826 3076 abire
855 3023 1020 3094 cogit.
1051 3022 1392 3094 Athaulphus

375 3111 443 3166 de
457 3113 813 3169 exstinctione
826 3113 1049 3169 Romani
1067 3115 1298 3170 nominis
1311 3129 1392 3170 co-

368 3203 556 3272 gitans
584 3202 832 3260 Placidia:
861 3206 1042 3260 uxoris
1068 3207 1310 3271 consilio,
1335 3216 1389 3259 et

373 3293 750 3363 experimento
783 3295 848 3350 de
884 3310 1103 3350 suorum
1147 3295 1389 3351 indocili-

377 3391 491 3436 tate
521 3383 586 3436 ad
633 3386 926 3454 parendum
983 3385 1188 3458 legibus
1244 3385 1387 3442 facto

373 3473 521 3528 bello
539 3473 840 3530 abstinetet
860 3477 1082 3548 gloriam
1106 3478 1300 3547 quznrit
1321 3477 1386 3532 de

378 3557 634 3621 restituto
662 3568 958 3622 Gothorum
988 3569 1191 3623 viribus
1230 3569 1385 3622 Rom.

375 3656 628 3726 Imperio.
668 3657 906 3715 .Orosius
931 3698 944 3722 ,
983 3659 1056 3714 lib
1102 3659 1154 3723 7,
1199 3674 1246 3713 c.
1302 3657 1392 3711 «15.

454 3747 602 3820 lmpp
629 3749 773 3805 Cmss
802 3749 1068 3806 Honorius
1094 3750 1211 3821 Aug
1239 3760 1320 3806 tr.
1337 3766 1388 3820 p.
1470 3749 1604 3804 1167

1474 3840 1607 3894 1168

378 3839 473 3906 22,
503 3841 591 3908 25,
619 3857 710 3897 eos
731 3857 786 3898 ι.

470 3935 537 3990 Et
565 3936 896 3993 Theodosius
927 3936 1028 3992 Jun
1073 3937 1186 4007 Aug
1227 3944 1291 3990 tr.
1336 3949 1391 4006 p.

387 4025 593 4092 15,14,
631 4040 722 4082 cos
750 4043 825 4082 vr.
918 4042 923 4047 '

389 4117 525 4172 Goss
547 4118 706 4172 iidem
765 4118 1030 4174 llonorius
1052 4118 1168 4186 Aug
1197 4132 1250 4170 ι.

464 4211 635 4280 'Augg
773 4207 1104 4266 Theodosius
1154 4209 1273 4279 Aug
1321 4222 1395 4261 vr.

461 4303 522 4358 L.
551 4302 640 4369 56,
681 4304 767 4369 57,
819 4302 907 4369 58,
960 4303 1059 4357 cod
1106 4301 1289 4357 Theod
1331 4301 1396 4356 de

379 4392 563 4448 Haeret
589 4393 812 4462 aliaeque
841 4393 980 4462 apud
1022 4392 1247 4448 Reland.

459 4481 552 4538 Pr.
584 4484 713 4539 Urbi
761 4483 946 4540 Romae
971 4483 1258 4538 Gracchus.
1287 4482 1398 4540 Cod

383 4573 570 4629 Theod
620 4575 692 4631 lib
746 4591 865 4640 vnt,
902 4576 966 4631 tit
991 4575 1046 4642 7,
1095 4574 1130 4628 1.
1162 4575 1254 4628 20.
1285 4573 1388 4630 ΟΡ.
1415 4576 1428 4583 “

377 4663 577 4723 "Ursus.
603 4669 700 4724 cod
727 4669 828 4724 Th.
854 4669 928 4725 lib
949 4685 1024 4732 Vl,
1051 4677 1086 4723 ι.
1105 4667 1320 4733 25,1.1.

465 4758 674 4814 Attalus
721 4775 750 4814 a
779 4759 968 4816 Gothis
1016 4761 1082 4814 ad
1116 4760 1397 4830 Hispanias

394 4846 747 4916 migrantibus
798 4846 1089 4918 neglectus,
1125 4859 1178 4902 et
1215 4847 1402 4915 prmsi-

395 4935 482 4990 dio
512 4951 703 4992 carens
731 4939 957 5008 capitur,
991 4948 1044 4994 et
1089 4939 1398 4994 Constanti-

401 5045 471 5083 no
501 5027 737 5085 Patricio
767 5031 918 5086 vivus
942 5031 1185 5086 oil‘ertur.

470 5117 802 5192 Athaulphus
846 5135 876 5175 a
928 5123 1157 5192 quodam
1186 5135 1403 5176 suorum

373 5209 708 5267 'vulneratus
722 5213 923 5279 interit,
944 5227 1276 5284 regnumque
1287 5209 1402 5280 ejus

407 5299 583 5355 Vallia
611 5303 824 5359 invasit.
868 5303 1118 5374 Prosper.

467 5389 639 5446 Vallia
667 5393 919 5448 adversus
943 5393 1142 5447 Alanos
1169 5400 1224 5446 et
1246 5390 1408 5446 Wan-

400 5482 568 5548 dalos,
617 5482 850 5568 Silingos
897 5485 1092 5540 bellum
1143 5485 1394 5554 capessit.

407 5573 538 5628 idat.
749 5574 751 5582 ³

1701 1855 1748 1916 Β

1699 509 1749 568 Α
1847 501 1983 574 Anni
2058 492 2492 570 Christianorum,
2526 503 2835 559 Judwomm
2864 514 2911 559 et
2937 505 3065 573 [ini-
3137 504 3274 561 Anni

1807 570 2014 642 Olymp.
2126 574 2370 642 timorum
2398 576 2729 642 populorum,
2762 574 3064 642 Pontiﬁces,
3143 575 3274 631 Αἶγα

2126 574 2370 644 t_imarum
2398 576 2729 642 populorum,
2762 574 3064 644 Pontiﬁces,
3139 575 3293 644 Αῖνω

2122 641 2304 712 Reges,
2337 641 2416 696 res
2440 653 2596 712 gesta:
2626 654 2672 698 et
2699 641 3027 726 documenta.
3119 643 3334 701 Christi.

2055 869 2292 924 Ecclesia
2327 871 2359 926 8
2383 871 2455 924 l.|.
2490 871 2620 940 Apr.
2653 872 2814 928 Pctav
2837 890 2903 929 ex
2943 875 3064 930 ldac

2052 972 2106 1016 et
2129 961 2320 1017 Orosio
2352 963 2444 1016 lib.
2473 964 2527 1025 8,
2569 980 2667 1034 cap
2689 965 2778 1019 42.

2123 1051 2254 1107 Vide
2306 1052 2444 1107 Card
2525 1053 2682 1108 Noris
2739 1055 2845 1110 hist
2903 1056 3067 1126 Pelag

2059 1158 2108 1196 (ἶ.
2142 1159 2192 1196 ν.

2099 1763 2420 1819 ‘lnnocentii
2454 1764 2520 1818 l3
2547 1771 2601 1818 et
2624 1763 2708 1826 14,
2741 1763 2831 1832 qui
2859 1764 2912 1818 iu
2949 1763 3062 1834 cpi-
3173 1762 3280 1819 411

2055 1853 2188 1910 stola
2218 1853 2309 1920 22,
2343 1855 2466 1907 data
2518 1851 2631 1906 ldib
2659 1853 2767 1908 Dec
2793 1852 3056 1908 Constan-

2059 1937 2132 2000 tio
2165 1962 2257 2000 cos
2291 1955 2405 1999 rata
2438 1945 2602 2000 habet
2623 1945 2845 1999 Decreta
2869 1944 3059 2014 synodi

2056 2037 2404 2093 Macedonius.
2721 2107 2724 2110 Α

2123 2129 2410 2184 Pulcheria
2443 2127 2731 2182 Theodosii
2781 2141 2940 2182 soror
2965 2126 3071 2180 Au-

2058 2232 2212 2289 gusta
2264 2219 2527 2289 appellata
2586 2226 2670 2273 est
2715 2232 2767 2272 tv
2815 2217 2932 2272 Non
2985 2215 3069 2270 Jul

2059 2311 2278 2366 Marccl.
2320 2321 2374 2366 et
2400 2310 2510 2365 Chr
2540 2311 2694 2377 Alex.
2877 2303 2879 2306 ’

2127 2400 2424 2454 Gothorum
2478 2399 2669 2454 classis
2715 2399 2768 2453 in
2825 2395 3062 2453 Africam

2077 2492 2368 2561 trajectura
2388 2493 2434 2545 vi
2455 2491 2787 2560 tempestatis
2803 2489 3068 2560 demergi-

2064 2593 2152 2641 tur
2183 2584 2233 2638 in
2268 2582 2405 2638 freto
2429 2579 2717 2636 Gadltano.
2752 2579 2995 2634 Orosius.

2120 2671 2392 2730 Honorius
2426 2662 2732 2725 Donatistas
2779 2684 2915 2724 nova
2952 2681 3076 2722 san-

2055 2765 2236 2821 c-iione
2263 2761 2507 2836 percellit
2536 2779 2567 2816 x
2606 2761 2703 2815 Kal
2729 2761 2815 2816 Jul
2844 2769 2898 2814 et
2946 2775 3076 2814 con-

2055 2858 2238 2911 tinuat
2282 2864 2402 2909 acta
2452 2861 2640 2908 contra
2699 2851 2916 2907 eosdem
2974 2849 3077 2904 sub

2067 2948 2374 3004 Marcellino
2452 2947 2692 3001 Tribuno
2769 2941 3076 3014 spectabilis

2072 3038 2348 3093 memoriae
2368 3037 2486 3092 viro
2510 3036 2584 3090 lib
2613 3049 2722 3090 rm.
2749 3035 2861 3089 Cod
2889 3031 3077 3087 Theod

2057 3130 2194 3184 titv.
2223 3129 2292 3183 de
2325 3129 2493 3182 haeret
2534 3126 2670 3180 1.54
2695 3135 2750 3178 et
2775 3124 2863 3187 55,
2916 3122 3068 3192 cujus

2063 3221 2461 3276 exsecutionem
2503 3219 2790 3273 demandat
2835 3215 3066 3271 Dulcitio

2059 3313 2187 3368 Trib
2212 3327 2276 3367 ac
2315 3311 2419 3366 Not
2450 3311 2518 3366 ad
2539 3325 2698 3379 quem
2729 3309 2787 3367 S.
2812 3309 2929 3378 Aug
2956 3322 3077 3378 per-

2057 3403 2266 3467 scribit,
2290 3410 2446 3472 prout
2462 3400 2772 3456 Marcellino
2793 3387 3084 3468 inscripse?

2067 3503 2151 3547 rat
2180 3493 2346 3548 libros
2375 3492 2442 3546 de
2468 3491 2614 3546 civit.
2651 3490 2762 3546 Dei.

2054 3775 2058 3778 .
2129 3730 2429 3794 ,lnnocentii
2459 3729 2523 3783 M
2562 3741 2616 3784 et
2641 3730 2729 3787 15,
3139 3725 3244 3781 415

2138 3823 2376 3876 Iuventio
2391 3823 2734 3892 reliquiarum
2751 3821 3076 3892 S.Stephani

2063 3913 2486 3984 Protomartyris
2517 3929 2582 3966 ex
2614 3912 2852 3987 epistolis
2882 3898 2941 3967 S.
2976 3911 3079 3965 Lu-

2059 4003 2225 4070 ciaui,
2254 4011 2359 4056 etc.
2391 4001 2524 4056 Vide
2552 4002 2725 4054 Baron
2752 4009 2806 4055 et
2835 4000 2967 4069 Pag.

2059 4147 2062 4150 .
2134 4092 2358 4148 Orosius
2380 4093 2432 4146 in
2457 4090 2672 4162 Synodo
2693 4089 3078 4161 Hierosolymi-

2063 4195 2187 4241 tana
2205 4183 2488 4239 occasione
2502 4181 2875 4236 Eucaaniorum
2894 4178 3076 4234 habita

2061 4290 2340 4348 praesens,
2379 4274 2510 4328 Acta
2565 4282 2754 4328 contra
2799 4258 3080 4350 Pelagium

2063 4366 2356 4435 describit,
2407 4365 2479 4420 ibi
2529 4365 2733 4434 pariter
2761 4363 3074 4434 degentem,

2070 4460 2158 4516 ubi
2189 4459 2486 4514 decernunt
2509 4456 2720 4522 Patres,
2753 4464 2807 4508 ut
2854 4453 2922 4508 ad
2962 4453 3081 4508 beao

2066 4563 2176 4607 tum
2220 4550 2584 4605 Innocentium
2618 4535 2822 4618 Papam
2887 4547 3080 4602 Roma-

2067 4660 2189 4698 num
2217 4641 2430 4697 Fratres
2449 4650 2496 4695 et
2518 4640 2745 4711 epistola:
2759 4641 3085 4694 mitterentur

2068 4733 2292 4787 universi
2320 4730 2460 4802 quod
2489 4729 2576 4783 ille
2611 4730 2901 4783 decerneret
2933 4727 3084 4783 secué

2067 4823 2191 4877 turi.
2225 4822 2360 4877 Vide
2408 4819 2547 4876 Card
2595 4817 2752 4873 Noris
2782 4812 2889 4872 hist
2923 4815 3087 4888 Pelag

2066 4912 2139 4967 lib
2168 4913 2194 4966 1
2221 4927 2268 4967 c.
2295 4911 2326 4962 7
2355 4919 2409 4965 et
2427 4909 2646 4980 Pagium
2676 4908 2742 4964 ad
2769 4923 2818 4961 a.
2841 4907 2875 4960 2
2895 4923 2948 4962 n.
2973 4923 3048 4962 vr.

2141 5001 2312 5056 Judaei
2383 4997 2704 5054 Alexandria
2778 4999 2983 5067 expulsi
3055 5015 3084 5052 ιι

2073 5092 2289 5163 Cyrillo,
2320 5091 2462 5160 quod
2511 5089 2709 5145 caedem
2741 5090 2793 5143 in
2817 5088 3084 5144 Christia-

2073 5199 2170 5238 nos
2194 5189 2497 5252 patrassent
2517 5189 2698 5244 noctu,
2722 5180 2926 5234 excitos
2949 5179 3084 5255 falso

2073 5288 2291 5327 rumore
2325 5272 2557 5328 incensae
2587 5270 2861 5326 Ecclesize.
2895 5270 3086 5326 Socrat

2080 5363 2154 5417 lib
2179 5362 2231 5428 8,
2263 5377 2310 5417 c.
2350 5361 2439 5428 15,
2469 5363 2553 5417 14.

2145 5453 2453 5523 lsdegerdes
2469 5453 2751 5508 Persarum
2773 5453 2887 5509 Rex
2908 5452 3090 5524 proxi-

2072 5559 2193 5599 mus
2234 5544 2568 5598 conversioni
2603 5543 2669 5597 ad
2721 5543 3080 5598 Christianam

2074 5635 2234 5690 ﬁdem
2255 5635 2323 5690 ob
2343 5636 2584 5706 exempla
2599 5637 2897 5692 sanctitatis
2916 5635 3088 5689 Maru-

2080 5727 2182 5781 thm
2228 5727 2476 5798 Episcopi
2526 5726 2941 5797 Mesopotamiae,
2990 5727 3090 5780 hoc

2079 5825 2290 5869 mortuo
2335 5819 2402 5874 ob
2454 5819 2884 5888 intempestivum
2919 5817 3090 5872 zelum
3136 5853 3140 5856 -
