3914 6318
613 266 717 335 cm
1347 278 1440 335 AD
1474 278 1916 339 ANASTASIUM
1957 278 2468 340 PROLEGOIIENA
2507 283 2683 339 EDIT.
2728 284 3147 355 nonanno.
3724 306 3792 363 σω

672 388 846 480 Am'ﬁ'
892 387 1269 459 Imperatores,
1328 389 1580 480 Consules
1648 392 1913 480 Romano-
2206 401 2265 480 Αί
2318 396 2499 480 “dimi
2571 399 3013 480 Christianorum,
3045 404 3357 480 {admonuit
3384 420 3431 464 et
3466 411 3583 480 ﬁni-
3644 416 3754 471 Anni
3862 392 3863 463 ξ

598 453 866 549 Ρςηιειιι.
975 453 1116 527 rum,
1148 477 1226 515 res
1255 453 1423 531 'gesta:
1449 473 1495 519 et
1526 465 1855 520 documenta.
2207 453 2265 483 ”“
2313 464 2523 539 Olymp.
2582 453 2597 456 ⁷
2632 453 2885 549 timorum
2907 453 3579 549 Chias;
3862 453 3863 495 ξ

643 535 692 583 et
719 525 842 582 Ind.
1103 525 1107 527 ⁷
1265 525 1286 531 ⁷
1976 530 2136 659 ante:
2384 525 2408 538 ν
2470 525 2481 539 ’
2626 525 2815 612 Reges,
2847 525 2930 597 re;
2955 525 3576 614 *g’éiiiﬂé'ao'ciiiiéiiﬂf’
3862 570 3863 581 ‘

1946 622 1985 674 ε,
2020 621 2115 674 pos

1954 672 2119 729 ram.

655 1172 796 1231 5129

624 1263 704 1340 Θ
763 1266 798 1320 5
867 1265 959 1342 24,
990 1283 1082 1322 cos
1107 1284 1162 1322 x.

620 1347 700 1424 θ
733 1356 796 1411 18
940 1356 1006 1411 Et
1025 1355 1357 1412 Theodosius
1389 1356 1489 1412 Jun
1521 1356 1639 1429 Aug
1695 1365 1763 1412 tr.
1822 1374 1875 1429 p.

650 1445 698 1500 Β
754 1447 800 1502 Α
875 1447 964 1515 14,
994 1447 1083 1515 15,
1111 1463 1206 1504 cos
1241 1465 1338 1503 vn.

638 1558 817 1651 ’2'?“
889 1595 1024 1651 Coss
1085 1560 1429 1651 Ἐηεξςξίὲοξὲινξ
1451 1563 1701 1651 laneus
1726 1579 1819 1651 ῖιιτ

658 1644 751 1683 xxv
889 1630 1024 1651 w”
1078 1630 1271 1689 Junius
1301 1632 1539 1700 Quartus
1561 1630 1853 1690 Palladius.

921 1720 1148 1801 .Panvin
1177 1738 1245 1778 ex
1288 1732 1376 1780 vet
1404 1724 1546 1795 lapid
1576 1734 1643 1781 .et
1672 1725 1873 1782 Reines

852 1829 907 1884 p.
929 1814 1056 1879 422,
1083 1816 1393 1887 etepistohe
1418 1807 1717 1874 Innocentii
1733 1819 1872 1874 data:

857 1919 910 1959 γι
931 1904 1029 1959 Kal
1058 1903 1311 1962 Febr'ubi
1336 1907 1390 1963 hi
1419 1923 1539 1965 coss
1560 1924 1870 1965 memoran-

640 1727 690 1772 et
732 1734 801 1774 XV

859 2006 966 2051 tur.
1022 1997 1155 2053 Vide
1210 1998 1417 2075 Beland
1463 2010 1523 2057 et
1582 2001 1730 2075 leges
1803 1990 1872 2057 ab

853 2085 970 2156 ipso
1021 2086 1219 2162 relatas
1277 2089 1357 2154 8,¹
1382 2089 1435 2145 9.
1460 2088 1520 2146 C.
1554 2078 1656 2146 Th.
1689 2090 1756 2146 de
1776 2083 1878 2148 Do-

849 2185 987 2232 mest
1017 2187 1075 2232 et
1112 2188 1326 2247 protect
1362 2191 1472 2236 etc.

909 2265 1000 2321 Pr.
1019 2266 1145 2323 Urbi
1162 2267 1226 2323 II.
1244 2266 1665 2335 Probianus,cod
1686 2260 1869 2330 Theod

841 2355 917 2411 lib
942 2374 1054 2425 xlv,
1091 2366 1133 2412 ι.
1156 2358 1247 2423 9.0,
1278 2358 1312 2413 Ι.
1342 2358 1399 2413 1.
1445 2360 1530 2416 CP
1558 2360 1749 2429 Ursus,
1770 2363 1872 2419 cod

835 2445 939 2501 Th.
969 2447 1043 2503 lib
1076 2464 1173 2513 xu,
1210 2451 1333 2514 1.,1,
1362 2448 1398 2504 l.
1428 2450 1557 2517 I80,
1588 2461 1696 2518 etc.

906 2539 1078 2595 Vallia
1100 2556 1287 2611 pacem
1310 2557 1433 2598 cum
1462 2542 1704 2599 Honorio
1733 2544 1853 2608 init,

834 2626 1075 2684 Placidia
1096 2631 1368 2697 restituta,
1390 2648 1511 2702 quae
1534 2633 1691 2688 nubit
1716 2632 1852 2711 Con;

838 2718 1058 2775 stantio.
1090 2719 1317 2776 Orosius
1340 2731 1398 2776 et
1436 2720 1690 2794 Prosper.

622 2825 765 2885 5150
906 2829 1057 2901 lmpp
1091 2830 1241 2889 Cazss
1267 2829 1454 2899 Honor
1502 2834 1623 2902 Aug
1678 2842 1744 2891 tr.
1795 2850 1849 2906 p.

727 2919 761 2974 6
848 2919 940 2986 2t,
972 2921 1066 2988 25,
1092 2938 1186 2980 cos
1211 2939 1290 2978 χι.

594 3001 674 3079 Θ
705 3010 771 3067 19
911 3011 979 3066 Ει
1021 3012 1356 3070 Theodosius
1383 3013 1487 3071 Jun
1537 3017 1656 3088 Aug
1683 3026 1749 3072 tr.
1792 3032 1847 3089 p.

645 3098 691 3158 ϐ
839 3102 929 3170 15,
960 3104 1047 3171 16,
1079 3120 1202 3161 coss
1225 3122 1321 3162 vn.

572 3211 749 3306 ιηέξεί
827 3247 960 3306 Coss
1024 3215 1442 3306 Perseius
1466 3234 1543 3275 κιο

627 3298 696 3338 xv
828 3286 960 3306 W"
1022 3286 1374 3343 Constantius
1404 3286 1466 3344 ft.

612 3384 660 3429 et
692 3375 717 3430 1
885 3375 943 3431 L.
977 3377 1063 3444 12,
1087 3380 1187 3435 cod
1212 3379 1397 3435 Theod
1427 3379 1501 3434 lib
1518 3396 1593 3446 vr,
1628 3386 1667 3435 t.
1691 3380 1747 3446 2,
1773 3381 1840 3437 ad

826 3468 1134 3526 Monaxium
1160 3470 1253 3527 Pr.
1303 3471 1467 3537 Urbi,
1515 3482 1649 3538 etc._.
1702 3474 1847 3544 apud

828 3559 1058 3628 Beland,
1081 3570 1137 3618 et
1158 3561 1211 3617 in
1245 3562 1473 3632 epistola
1502 3562 1841 3625 Paschasini,

820 3661 877 3707 et
893 3652 951 3719 in
969 3651 1197 3723 epistola
1243 3651 1441 3708 Zosimi
1474 3668 1627 3724 papae
1651 3654 1718 3710 ad
1746 3654 1858 3709 Au-

804 3742 996 3799 relium
1014 3788 1029 3800 .

877 3832 1104 3893 Vandali
1117 3834 1309 3908 Silingi
1326 3837 1378 3892 in
1392 3837 1588 3894 Baetica
1611 3853 1708 3908 per
1722 3836 1844 3894 Vals

814 3912 960 3983 liam
980 3942 1162 3999 regem
1187 3944 1378 3987 omnes
1407 3930 1697 3987 exstincti.‘
1714 3930 1805 3985 Ida
1822 3960 1838 3973 -

812 4019 943 4076 cius.
978 4020 1125 4077 Idem
1152 4020 1319 4078 refert
1331 4023 1557 4088 Alanos,
1581 4022 1673 4093 qui
1700 4019 1847 4076 Van-

818 4111 955 4168 dalis
981 4121 1037 4169 et
1091 4114 1285 4171 Suevis
1316 4100 1751 4179 dominabantur,
1803 4130 1832 4168 a

819 4188 1008 4258 Gothis
1027 4203 1161 4259 adeo
1180 4219 1355 4260 caesos
1375 4218 1514 4270 esse,
1535 4212 1593 4258 ut
1625 4205 1836 4261 exstin-

810 4302 898 4348 cto
922 4293 1089 4349 Atace
1123 4294 1359 4365 ipsorum
1386 4296 1705 4366 rege,pauci
1735 4282 1829 4367 qui

812 4384 1210 4453 superfuerant,
1245 4387 1444 4443 abolito
1476 4388 1624 4459 regni
1654 4388 1829 4444 nomi-

816 4489 904 4541 ne,
933 4473 1189 4533 Vandalis
1216 4479 1309 4548 qui
1348 4479 1400 4533 in
1424 4477 1593 4534 Gallia
1622 4479 1834 4535 resede-

807 4577 929 4624 runt
955 4583 1013 4625 se
1039 4570 1385 4642 subjecerint.
1431 4571 1705 4629 Petavius.

878 4682 1259 4741 Controversia
1284 4685 1352 4741 de
1390 4685 1659 4742 Paschatc
1680 4686 1824 4741 inter

804 4774 1180 4835 Occidentales
1261 4787 1316 4835 et
1403 4778 1823 4835 Alexandrinos.

802 4867 941 4926 Vide
972 4870 1182 4928 litteras
1226 4870 1541 4927 Paschasiui
1571 4871 1639 4925 ad
1681 4869 1820 4926 Leo-

801 4974 926 5016 nem
949 4958 1223 5033 Magnum.

875 5049 1146 5106 Honorius
1192 5051 1420 5106 Romam
1475 5050 1814 5120 triumphans

800 5138 1098 5212 ingreditur
1135 5149 1409 5211 praeeunte
1439 5154 1658 5195 currum
1704 5137 1820 5208 ejus

574 5227 705 5284 5I3l
798 5228 999 5295 Attalo,
1054 5246 1213 5300 quem
1247 5238 1554 5311 truncatum
1601 5229 1813 5285 duobus

556 5320 721 5400 Q7

560 5402 709 5480 Ol

623 5500 673 5554 F

537 5594 732 5650 India.

550 5702 742 5751 xveti

800 5418 911 5478 gat.
940 5407 1110 5479 Prosp
1129 5423 1196 5465 ex
1221 5412 1389 5468 chron
1418 5419 1473 5467 ct
1513 5411 1813 5469 Philostor-

798 5516 937 5573 gius.
1814 5516 1825 5525 “

868 5696 1022 5768 Impp
1049 5695 1195 5753 Caess
1227 5695 1497 5754 Honorius
1509 5695 1627 5765 Aug
1655 5702 1724 5750 tr.
1754 5709 1811 5765 p.

806 5319 988 5391 digitis
1038 5320 1091 5374 in
1136 5313 1652 5391 Liparam-Iusulam
1679 5318 1816 5377 rele-
1856 5362 1869 5370 .

937 1175 1087 1248 Impp
1109 1176 1254 1233 Cazss
1275 1178 1457 1232 Honor
1475 1178 1593 1250 Aug
1616 1186 1681 1233 tr.
1707 1193 1759 1249 p.
1785 1166 1879 1243 23,
1958 1170 2095 1232 I668

937 1304 959 1324 η.
990 1283 1082 1322 cos
1107 1284 1162 1322 x.
1958 1267 2095 1324 I669

1958 1268 2060 1324 166

1904 5593 1931 5647 1
1940 5591 2044 5648 669

1903 5691 2042 5747 1160

2358 1272 2409 1310 ιν

2330 2829 2434 2885 298

2348 2937 2400 2975 ιν

2350 3112 2398 3157 Cl

2314 3194 2419 3249 9-09

2568 804 2817 875 Episcopi
2869 805 3199 874 Abdaactis,
3252 811 3592 871 incendentis'

2558 894 2836 965 Templum
2854 897 3015 967 Ignis,
3032 902 3183 969 gravi
3208 900 3578 973 persecutione

2549 987 2885 1045 Christianos
2940 1002 3099 1048 vexat
3160 996 3229 1050 ad
3289 998 3583 1068 quinquen-

2552 1078 2720 1134 nium.
2751 1080 3123 1152 Theophanes.

2625 1170 2918 1228 Innocentii
2956 1173 3023 1228 15
3045 1186 3103 1231 et
3121 1175 3209 1232 16.
3646 1180 3729 1238 116

2625 1261 2914 1334 Synodalis
2986 1265 3228 1336 epistola
3284 1266 3573 1324 Prmsulum

2548 1348 2927 1408 Africanorum
2973 1371 3161 1422 um,
3201 1355 3567 1415 daumautium

2548 1450 2764 1498 errores
2790 1443 3014 1517 Pelagii,
3062 1454 3118 1502 et
3151 1450 3454 1520 rogantium
3482 1450 3566 1505 Iu-

2544 1533 2851 1588 nocentium
2880 1535 3105 1607 Papam,
3137 1548 3197 1593 ut
3243 1539 3549 1611 Apostoiica

2551 1624 2877 1696 auctoritate
2903 1635 2957 1682 et
2987 1627 3100 1698 ipse
3135 1629 3377 1686 damnet.
3412 1632 3577 1705 Syno-

2542 1711 2645 1768 dus
2676 1712 2981 1771 Milevitana
3028 1719 3232 1788 pariter
3301 1722 3355 1776 in
3395 1722 3570 1778 Africa

2548 1803 2769 1859 eosdem
2796 1821 3010 1863 errores
3037 1808 3301 1866 damnans
3342 1826 3558 1868 causam

2551 1896 2722 1952 refert
2748 1899 2816 1954 ab
2862 1899 3186 1958 Innocentio
3215 1904 3561 1975 iudicandam

2549 1990 2775 2060 epistola
2807 1992 2876 2047 94
2904 2002 2960 2048 et
2995 1994 3098 2050 178
3133 1995 3190 2049 S.
3248 1996 3387 2069 Aug.
3438 1998 3565 2054 Vide

2538 2082 2764 2154 Pagium
2795 2099 2889 2141 seu
2923 2086 2991 2141 ad
3021 2088 3078 2142 h.
3105 2104 3158 2142 a.
3196 2106 3252 2144 n.
3287 2106 3404 2146 VIII.

2611 2176 2695 2233 0b
2738 2178 3024 2235 victoriam
3055 2182 3122 2237 de
3160 2182 3343 2239 Attalo
3384 2200 3564 2255 repor-

2539 2279 2708 2327 tatam
2739 2271 2847 2327 ludi
2888 2270 3217 2331 exhibentur
3249 2275 3559 2337 Constanti-

2532 2358 2730 2433 n0poli,
2788 2357 2843 2417 et
2910 2363 3259 2423 Theodosius
3304 2367 3550 2428 Heraclia

2535 2456 2763 2513 veniens
2816 2456 3338 2530 Constantinopolim
3395 2479 3556 2521 aurea

2533 2547 2858 2601 corona‘ab
2901 2543 3041 2603 Urso
3096 2548 3255 2606 Urbis
3299 2551 3457 2609 Prtef.
3506 2565 3557 2611 ct

2528 2635 2731 2691 Senatu
2749 2638 2978 2693 donatur
3006 2638 3117 2695 Chr
3144 2641 3302 2714 Alex,

2602 2822 2899 2888 Innocentii
2933 2833 3020 2901 16,
3059 2836 3150 2905 qui
3177 2835 3313 2894 obiit
3346 2838 3431 2895 die
3474 2840 3537 2897 11
3657 2840 3732 2897 III

2533 2922 2813 2980 Februarii
2843 2940 2964 2982 cum
2994 2929 3225 2986 sedisset
3254 2942 3427 2988 annos
3463 2950 3549 2999 xv,

2520 3027 2735 3069 menses
2770 3014 2857 3080 11,
2904 3014 3020 3072 dies
3067 3033 3159 3073 xx.
3212 3017 3348 3075 Vide
3395 3032 3548 3080 notas

2517 3102 2594 3159 'ad
2630 3103 2818 3160 Innoc.
2885 3106 3053 3163 Vacat
3104 3107 3273 3165 Sedes
3304 3111 3420 3166 dies
3456 3112 3548 3170 22.

2526 3196 2758 3254 Zosnws
2799 3215 3083 3256 successor
3124 3202 3342 3274 eligitur
3370 3205 3455 3260 die
3486 3205 3547 3271 9,

2523 3296 2577 3343 et
2632 3289 2916 3345 ordinatur
2975 3290 3062 3347 die
3121 3292 3181 3346 11
3236 3292 3437 3360 Martii,
3488 3305 3540 3351 et

2513 3377 2722 3435 Pascha
2747 3379 2985 3436 celebrat
3007 3381 3060 3436 in
3085 3380 3284 3438 litteris
3309 3382 3543 3439 Pascha-

2511 3470 2617 3526 sini
2684 3482 3039 3529 memoratum
3100 3474 3190 3530 die
3261 3491 3356 3532 vui
3422 3475 3536 3532 Kal.

2513 3561 2685 3633 April.

2578 3653 2924 3710 Innocentius
2943 3664 3071 3712 ante
3084 3657 3292 3713 obitum
3318 3674 3536 3730 respons

2514 3744 2606 3799 det
2625 3736 2908 3816 Synodicaa
2921 3745 3076 3802 Milev
3089 3746 3237 3804 Cone
3249 3759 3306 3804 et
3323 3750 3540 3807 damnat

2506 3835 2757 3890 haeresim
2785 3835 3149 3908 Pelagianam.
3182 3840 3321 3897 Vide
3370 3841 3525 3897 Naris

2506 3925 2636 3982 hist.
2664 3927 2825 3999 Pelag
2854 3927 2927 3985 lib
2954 3945 2990 3985 t.
3020 3946 3070 3986 c.
3088 3947 3213 4000 np.
3235 3932 3530 3999 70,75,74.

2580 4015 2821 4073 Decretis
2874 4018 3101 4075 duorum
3162 4021 3524 4079 Concihorum

2504 4107 2948 4180 Carthaginensis
2996 4120 3050 4166 et
3082 4111 3375 4171 Milevitani
3401 4128 3525 4173 ceu-

2508 4209 2590 4254 tra
2620 4199 2856 4256 haereses
2880 4200 3225 4272 Pelagianam
3256 4214 3310 4260 et
3353 4204 3524 4261 Coele-

2503 4287 2735 4344 stianam
2766 4304 2887 4344 cum
2919 4291 3245 4348 accessisset
3259 4291 3521 4362 judicium

2502 4391 2813 4445 supremum
2894 4376 3050 4434 Sedis
3133 4380 3457 4451 Apostolica:
3501 4422 3516 4445 ,

2498 4482 2658 4543 causa
2689 4467 2843 4536 ﬁnita
2890 4480 2988 4533 est,
3023 4468 3099 4523 ait
3127 4468 3185 4524 S.
3238 4470 3353 4543 Aug
3382 4462 3522 4527 scrnt

2501 4540 2568 4612 de
2591 4557 2722 4612 verb
2748 4557 3010 4629 Apostoli.
3044 4560 3177 4615 Vide
3219 4540 3380 4616 Naris
3410 4561 3517 4617 hist

2498 4647 2660 4719 Pelag
2686 4648 2760 4703 lib
2797 4665 2833 4713 ι,
2860 4664 2962 4721 cap
2997 4642 3083 4716 l7,
3112 4667 3217 4723 pag
3245 4652 3364 4709 101.

2567 4730 2855 4797 Ctelestius
2912 4751 3088 4799 tamen
3148 4735 3375 4800 Romam
3428 4759 3508 4801 ve-

2493 4834 2647 4890 niens
2697 4842 2754 4890 et
2818 4834 3012 4890 callida
3062 4836 3508 4902 dissimulatione,

2495 4940 2600 4979 non
2628 4940 2784 4981 secus
2806 4940 2870 4980 ac
2893 4925 3140 4998 Pelagius
3159 4926 3395 4983 libellum
3418 4928 3518 4985 7.0-

2490 5016 2629 5072 simo
2663 5015 2895 5072 oﬂ‘erens
2936 5017 3160 5073 subdola
3186 5020 3501 5090 purgatione

2487 5091 2852 5179 conscriptum
2910 5098 3142 5165 habetur
3208 5110 3508 5179 innocens,

2490 5200 2584 5255 sed
2626 5198 2785 5270 paulo
2834 5208 2956 5269 post
3003 5200 3219 5271 plenius
3264 5217 3505 5257 examen

2490 5290 2671 5347 subire
2691 5289 2876 5361 jussus
2899 5299 3124 5362 uterque
3146 5307 3313 5350 causa
3339 5292 3502 5370 cadit,

2484 5393 2540 5437 et
2566 5381 2800 5437 instante
2824 5380 3040 5436 Zosimo
3065 5384 3226 5439 ambo
3252 5393 3501 5454 tanquam

2488 5473 2725 5530 haeretici
2792 5474 3061 5543 pelluntur
3117 5472 3172 5531 in
3231 5477 3495 5532 exsilium.

2488 5563 2618 5621 Vide
2639 5573 2796 5621 notas
2824 5565 2890 5621 ad
2919 5563 3214 5621 Zosimum.

2550 5689 2748 5746 Zosimi
2774 5691 2799 5746 1
2833 5698 2889 5746 et
2905 5688 2962 5757 2,
2997 5688 3340 5745 Bosrrscws.
3596 5682 3685 5737 H8
