  <div class='ocr_page' id='page_1' title='image "/cluster/home/n/w/nwhite01/storage/ocr_20150623/127/hvd.32044015471683/356.png"; bbox 0 0 3914 6318; ppageno 0'>
   <div class='ocr_carea' id='block_1_1' title="bbox 79 383 168 440">
    <p class='ocr_par' dir='ltr' id='par_1_1' title="bbox 79 383 168 440">
     <span class='ocr_line' id='line_1_1' title="bbox 79 383 168 440; baseline 0 0"><span class='ocrx_word' id='word_1_1' title='bbox 79 383 168 440; x_wconf 72' lang='grc'><strong>101</strong></span> 
     </span>
    </p>
   </div>
   <div class='ocr_carea' id='block_1_2' title="bbox 950 346 2502 419">
    <p class='ocr_par' dir='ltr' id='par_1_2' title="bbox 950 346 2502 419">
     <span class='ocr_line' id='line_1_2' title="bbox 950 346 2502 419; baseline -0.011 -1"><span class='ocrx_word' id='word_1_2' title='bbox 950 358 1293 419; x_wconf 69' lang='lat' dir='ltr'><strong>CHBONOL.</strong></span> <span class='ocrx_word' id='word_1_3' title='bbox 1335 357 1380 413; x_wconf 85' lang='lat' dir='ltr'><strong>A</strong></span> <span class='ocrx_word' id='word_1_4' title='bbox 1412 355 1470 411; x_wconf 88' lang='lat' dir='ltr'><strong>S.</strong></span> <span class='ocrx_word' id='word_1_5' title='bbox 1513 349 1924 410; x_wconf 77' lang='lat' dir='ltr'><strong>SYLV‘ESTRO</strong></span> <span class='ocrx_word' id='word_1_6' title='bbox 1959 350 2052 406; x_wconf 88' lang='lat' dir='ltr'><strong>AD</strong></span> <span class='ocrx_word' id='word_1_7' title='bbox 2087 349 2146 405; x_wconf 90' lang='lat' dir='ltr'><strong>S.</strong></span> <span class='ocrx_word' id='word_1_8' title='bbox 2183 347 2388 404; x_wconf 81' lang='lat' dir='ltr'><strong>GREG.</strong></span> <span class='ocrx_word' id='word_1_9' title='bbox 2431 346 2502 402; x_wconf 79' lang='grc' dir='ltr'><strong>Μ.</strong></span> 
     </span>
    </p>
   </div>
   <div class='ocr_carea' id='block_1_3' title="bbox 139 451 3045 554">
    <p class='ocr_par' dir='ltr' id='par_1_3' title="bbox 139 451 3045 554">
     <span class='ocr_line' id='line_1_3' title="bbox 139 451 3045 554; baseline -0.003 7"><span class='ocrx_word' id='word_1_10' title='bbox 139 495 274 550; x_wconf 67' lang='grc' dir='ltr'>ω</span> <span class='ocrx_word' id='word_1_11' title='bbox 342 484 724 554; x_wconf 56' lang='lat' dir='ltr'><strong>Imperatores,</strong></span> <span class='ocrx_word' id='word_1_12' title='bbox 795 473 1048 554; x_wconf 64' lang='grc' dir='ltr'><strong>ονιευιερ</strong></span> <span class='ocrx_word' id='word_1_13' title='bbox 1101 472 1371 554; x_wconf 60' lang='grc' dir='ltr'><strong>Βωκω-</strong></span> <span class='ocrx_word' id='word_1_14' title='bbox 1639 451 1716 528; x_wconf 75' lang='grc' dir='ltr'><strong>Ἀ</strong></span> <span class='ocrx_word' id='word_1_15' title='bbox 1786 462 1972 554; x_wconf 56' lang='lat' dir='ltr'><strong>Are</strong></span> <span class='ocrx_word' id='word_1_16' title='bbox 2021 457 2801 554; x_wconf 54' lang='lat' dir='ltr'><strong>Ghﬂiitammdﬁwzmz&#39;</strong></span> <span class='ocrx_word' id='word_1_17' title='bbox 2839 458 3045 554; x_wconf 55' lang='lat' dir='ltr'><strong>etin&quot;</strong></span> 
     </span>
    </p>
   </div>
   <div class='ocr_carea' id='block_1_4' title="bbox 137 535 1586 618">
    <p class='ocr_par' dir='ltr' id='par_1_4' title="bbox 137 535 1586 618">
     <span class='ocr_line' id='line_1_4' title="bbox 137 535 1586 618; baseline -0.014 -4"><span class='ocrx_word' id='word_1_18' title='bbox 137 535 274 615; x_wconf 51' lang='grc' dir='ltr'><strong>δεῖ</strong></span> <span class='ocrx_word' id='word_1_19' title='bbox 342 535 549 618; x_wconf 56' lang='lat' dir='ltr'><strong>&quot;Hm,</strong></span> <span class='ocrx_word' id='word_1_20' title='bbox 595 565 678 604; x_wconf 75' lang='lat' dir='ltr'><strong>res</strong></span> <span class='ocrx_word' id='word_1_21' title='bbox 703 535 880 618; x_wconf 66' lang='grc' dir='ltr'><strong>ρεειω,</strong></span> <span class='ocrx_word' id='word_1_22' title='bbox 919 554 966 599; x_wconf 76' lang='lat' dir='ltr'><strong>et</strong></span> <span class='ocrx_word' id='word_1_23' title='bbox 995 544 1326 598; x_wconf 68' lang='lat' dir='ltr'><strong>documenta.</strong></span> <span class='ocrx_word' id='word_1_24' title='bbox 1409 535 1484 597; x_wconf 81' lang='grc' dir='ltr'><strong>Π.</strong></span> <span class='ocrx_word' id='word_1_25' title='bbox 1524 539 1586 594; x_wconf 88' lang='lat' dir='ltr'><strong>C.</strong></span> 
     </span>
    </p>
   </div>
   <div class='ocr_carea' id='block_1_5' title="bbox 116 621 1605 687">
    <p class='ocr_par' dir='ltr' id='par_1_5' title="bbox 116 621 1605 687">
     <span class='ocr_line' id='line_1_5' title="bbox 116 621 1605 687; baseline -0.014 -1"><span class='ocrx_word' id='word_1_26' title='bbox 116 631 198 687; x_wconf 79' lang='lat' dir='ltr'><strong>Jul</strong></span> <span class='ocrx_word' id='word_1_27' title='bbox 237 638 285 683; x_wconf 74' lang='lat' dir='ltr'><strong>et</strong></span> <span class='ocrx_word' id='word_1_28' title='bbox 1347 641 1350 646; x_wconf 64' lang='grc' dir='ltr'><strong><em>ι</em></strong></span> <span class='ocrx_word' id='word_1_29' title='bbox 1400 621 1605 687; x_wconf 74' lang='lat' dir='ltr'><strong>ante_et</strong></span> 
     </span>
    </p>
   </div>
   <div class='ocr_carea' id='block_1_6' title="bbox 162 680 1642 754">
    <p class='ocr_par' dir='ltr' id='par_1_6' title="bbox 162 680 1642 754">
     <span class='ocr_line' id='line_1_6' title="bbox 162 680 1642 754; baseline -0.014 0"><span class='ocrx_word' id='word_1_30' title='bbox 162 680 278 754; x_wconf 17' lang='lat' dir='ltr'><strong>limi</strong></span> <span class='ocrx_word' id='word_1_31' title='bbox 1373 693 1486 754; x_wconf 76' lang='lat' dir='ltr'><strong>post</strong></span> <span class='ocrx_word' id='word_1_32' title='bbox 1519 680 1642 735; x_wconf 79' lang='lat' dir='ltr'><strong>Pal.</strong></span> 
     </span>
    </p>
   </div>
   <div class='ocr_carea' id='block_1_7' title="bbox 350 835 1366 906">
    <p class='ocr_par' dir='ltr' id='par_1_7' title="bbox 350 835 1366 906">
     <span class='ocr_line' id='line_1_7' title="bbox 350 835 1366 906; baseline -0.012 -3"><span class='ocrx_word' id='word_1_33' title='bbox 350 844 535 903; x_wconf 83' lang='lat' dir='ltr'><strong>Novell</strong></span> <span class='ocrx_word' id='word_1_34' title='bbox 564 838 902 896; x_wconf 87' lang='lat' dir='ltr'><strong>Valentinian</strong></span> <span class='ocrx_word' id='word_1_35' title='bbox 931 837 997 892; x_wconf 87' lang='lat' dir='ltr'><strong>tit</strong></span> <span class='ocrx_word' id='word_1_36' title='bbox 1021 838 1079 902; x_wconf 85' lang='lat'><strong>&#39;5,</strong></span> <span class='ocrx_word' id='word_1_37' title='bbox 1124 835 1366 906; x_wconf 85' lang='lat' dir='ltr'><strong>aliasque</strong></span> 
     </span>
    </p>
   </div>
   <div class='ocr_carea' id='block_1_8' title="bbox 347 932 738 1007">
    <p class='ocr_par' dir='ltr' id='par_1_8' title="bbox 347 932 738 1007">
     <span class='ocr_line' id='line_1_8' title="bbox 347 932 738 1007; baseline -0.018 -16"><span class='ocrx_word' id='word_1_38' title='bbox 347 936 487 1007; x_wconf 91' lang='lat' dir='ltr'><strong>apud</strong></span> <span class='ocrx_word' id='word_1_39' title='bbox 509 932 738 990; x_wconf 84' lang='lat' dir='ltr'><strong>Reland.</strong></span> 
     </span>
    </p>
   </div>
   <div class='ocr_carea' id='block_1_9' title="bbox 425 1014 1342 1080">
    <p class='ocr_par' dir='ltr' id='par_1_9' title="bbox 425 1014 1342 1080">
     <span class='ocr_line' id='line_1_9' title="bbox 425 1014 1342 1080; baseline -0.013 0"><span class='ocrx_word' id='word_1_40' title='bbox 425 1024 614 1080; x_wconf 77' lang='lat' dir='ltr'><strong>Victor</strong></span> <span class='ocrx_word' id='word_1_41' title='bbox 636 1015 983 1076; x_wconf 88' lang='lat' dir='ltr'><strong>Tununensis</strong></span> <span class='ocrx_word' id='word_1_42' title='bbox 1006 1015 1133 1071; x_wconf 91' lang='lat' dir='ltr'><strong>hinc</strong></span> <span class='ocrx_word' id='word_1_43' title='bbox 1155 1014 1342 1070; x_wconf 82' lang='lat' dir='ltr'><strong>exordi</strong></span> 
     </span>
    </p>
   </div>
   <div class='ocr_carea' id='block_1_10' title="bbox 303 1112 797 1171">
    <p class='ocr_par' dir='ltr' id='par_1_10' title="bbox 303 1112 797 1171">
     <span class='ocr_line' id='line_1_10' title="bbox 303 1112 797 1171; baseline -0.018 1"><span class='ocrx_word' id='word_1_44' title='bbox 303 1129 308 1132; x_wconf 75' lang='lat'><strong><em>‘</em></strong></span> <span class='ocrx_word' id='word_1_45' title='bbox 353 1126 440 1171; x_wconf 89' lang='lat' dir='ltr'><strong>tur</strong></span> <span class='ocrx_word' id='word_1_46' title='bbox 467 1112 797 1169; x_wconf 87' lang='lat' dir='ltr'><strong>Chronicon.</strong></span> 
     </span>
    </p>
   </div>
   <div class='ocr_carea' id='block_1_11' title="bbox 154 1169 1580 1275">
    <p class='ocr_par' dir='ltr' id='par_1_11' title="bbox 154 1169 1580 1275">
     <span class='ocr_line' id='line_1_11' title="bbox 154 1169 1580 1275; baseline -0.013 -8"><span class='ocrx_word' id='word_1_47' title='bbox 154 1192 282 1268; x_wconf 60' lang='lat'><strong>3159</strong></span> <span class='ocrx_word' id='word_1_48' title='bbox 359 1169 389 1171; x_wconf 26' lang='grc' dir='ltr'><em>Ἢ</em></span> <span class='ocrx_word' id='word_1_49' title='bbox 422 1207 572 1275; x_wconf 89' lang='lat' dir='ltr'><strong>lmpp</strong></span> <span class='ocrx_word' id='word_1_50' title='bbox 596 1203 741 1259; x_wconf 72' lang='lat' dir='ltr'><strong>Cmss</strong></span> <span class='ocrx_word' id='word_1_51' title='bbox 767 1199 1103 1256; x_wconf 81' lang='lat' dir='ltr'><strong>Theodosius</strong></span> <span class='ocrx_word' id='word_1_52' title='bbox 1122 1197 1224 1252; x_wconf 83' lang='lat' dir='ltr'><strong>Jun</strong></span> <span class='ocrx_word' id='word_1_53' title='bbox 1247 1169 1370 1266; x_wconf 80' lang='lat' dir='ltr'><strong>Aug</strong></span> <span class='ocrx_word' id='word_1_54' title='bbox 1436 1193 1580 1257; x_wconf 86' lang='grc'><strong>1198</strong></span> 
     </span>
    </p>
   </div>
   <div class='ocr_carea' id='block_1_12' title="bbox 1447 1287 1582 1343">
    <p class='ocr_par' dir='ltr' id='par_1_12' title="bbox 1447 1287 1582 1343">
     <span class='ocr_line' id='line_1_12' title="bbox 1447 1287 1582 1343; baseline 0.007 -1"><span class='ocrx_word' id='word_1_55' title='bbox 1447 1287 1582 1343; x_wconf 85' lang='grc'><strong>1199</strong></span> 
     </span>
    </p>
   </div>
   <div class='ocr_carea' id='block_1_13' title="bbox 129 1293 1135 1379">
    <p class='ocr_par' dir='ltr' id='par_1_13' title="bbox 129 1293 1135 1379">
     <span class='ocr_line' id='line_1_13' title="bbox 129 1293 1135 1379; baseline -0.01 -25"><span class='ocrx_word' id='word_1_56' title='bbox 265 1301 294 1355; x_wconf 89' lang='lat'><strong>7</strong></span> <span class='ocrx_word' id='word_1_57' title='bbox 359 1307 426 1352; x_wconf 92' lang='lat' dir='ltr'><strong>tr.</strong></span> <span class='ocrx_word' id='word_1_58' title='bbox 454 1312 509 1368; x_wconf 91' lang='lat' dir='ltr'><strong>p.</strong></span> <span class='ocrx_word' id='word_1_59' title='bbox 536 1295 605 1348; x_wconf 71' lang='grc'><strong>44</strong></span> <span class='ocrx_word' id='word_1_60' title='bbox 639 1303 692 1348; x_wconf 89' lang='lat' dir='ltr'><strong>et</strong></span> <span class='ocrx_word' id='word_1_61' title='bbox 720 1293 810 1358; x_wconf 67' lang='lat'><strong>45,</strong></span> <span class='ocrx_word' id='word_1_62' title='bbox 841 1308 960 1347; x_wconf 89' lang='lat' dir='ltr'><strong>coss</strong></span> <span class='ocrx_word' id='word_1_63' title='bbox 980 1306 1135 1346; x_wconf 80' lang='lat' dir='ltr'><strong>xvm.</strong></span> 
     </span>
    </p>
   </div>
   <div class='ocr_carea' id='block_1_14' title="bbox 133 1380 1362 1460">
    <p class='ocr_par' dir='ltr' id='par_1_14' title="bbox 133 1380 1362 1460">
     <span class='ocr_line' id='line_1_14' title="bbox 133 1380 1362 1460; baseline -0.01 -14"><span class='ocrx_word' id='word_1_64' title='bbox 133 1383 200 1460; x_wconf 65' lang='grc' dir='ltr'>θ</span> <span class='ocrx_word' id='word_1_65' title='bbox 236 1389 298 1445; x_wconf 91' lang='grc'><strong>10</strong></span> <span class='ocrx_word' id='word_1_66' title='bbox 430 1387 499 1441; x_wconf 88' lang='grc' dir='ltr'><strong>Ει</strong></span> <span class='ocrx_word' id='word_1_67' title='bbox 521 1383 928 1442; x_wconf 86' lang='lat' dir='ltr'><strong>Valentinianus</strong></span> <span class='ocrx_word' id='word_1_68' title='bbox 947 1381 1051 1438; x_wconf 74' lang='lat' dir='ltr'><strong>Jun</strong></span> <span class='ocrx_word' id='word_1_69' title='bbox 1073 1380 1190 1453; x_wconf 76' lang='lat' dir='ltr'><strong>Aug</strong></span> <span class='ocrx_word' id='word_1_70' title='bbox 1213 1389 1281 1434; x_wconf 93' lang='lat' dir='ltr'><strong>tr.</strong></span> <span class='ocrx_word' id='word_1_71' title='bbox 1313 1395 1362 1451; x_wconf 91' lang='lat' dir='ltr'><strong>p.</strong></span> 
     </span>
    </p>
   </div>
   <div class='ocr_carea' id='block_1_15' title="bbox 196 1477 845 1544">
    <p class='ocr_par' dir='ltr' id='par_1_15' title="bbox 196 1477 845 1544">
     <span class='ocr_line' id='line_1_15' title="bbox 196 1477 845 1544; baseline -0.012 -8"><span class='ocrx_word' id='word_1_72' title='bbox 196 1479 241 1536; x_wconf 87' lang='lat' dir='ltr'><strong>F</strong></span> <span class='ocrx_word' id='word_1_73' title='bbox 350 1481 414 1544; x_wconf 73' lang='grc'><strong>21</strong></span> <span class='ocrx_word' id='word_1_74' title='bbox 445 1486 502 1538; x_wconf 78' lang='lat' dir='ltr'><strong>et</strong></span> <span class='ocrx_word' id='word_1_75' title='bbox 535 1477 626 1542; x_wconf 70' lang='lat'><strong>2&#39;2,</strong></span> <span class='ocrx_word' id='word_1_76' title='bbox 655 1491 746 1532; x_wconf 88' lang='lat' dir='ltr'><strong>eos</strong></span> <span class='ocrx_word' id='word_1_77' title='bbox 773 1491 845 1529; x_wconf 77' lang='lat' dir='ltr'><strong>vr.</strong></span> 
     </span>
    </p>
   </div>
   <div class='ocr_carea' id='block_1_16' title="bbox 184 1589 924 1684">
    <p class='ocr_par' dir='ltr' id='par_1_16' title="bbox 184 1589 924 1684">
     <span class='ocr_line' id='line_1_16' title="bbox 184 1589 924 1684; baseline 0 0"><span class='ocrx_word' id='word_1_78' title='bbox 184 1589 315 1684; x_wconf 55' lang='grc' dir='ltr'><strong>ἕζεθ’</strong></span> <span class='ocrx_word' id='word_1_79' title='bbox 357 1627 492 1684; x_wconf 84' lang='lat' dir='ltr'><strong>Coss</strong></span> <span class='ocrx_word' id='word_1_80' title='bbox 562 1589 924 1684; x_wconf 52' lang='lat' dir='ltr'><strong>Ae‘l‘fiillL;</strong></span> 
     </span>
    </p>
   </div>
   <div class='ocr_carea' id='block_1_17' title="bbox 176 1651 1320 1726">
    <p class='ocr_par' dir='ltr' id='par_1_17' title="bbox 176 1651 1320 1726">
     <span class='ocr_line' id='line_1_17' title="bbox 176 1651 1320 1726; baseline -0.017 -4"><span class='ocrx_word' id='word_1_81' title='bbox 176 1680 264 1722; x_wconf 76' lang='lat' dir='ltr'><strong>xxv</strong></span> <span class='ocrx_word' id='word_1_82' title='bbox 326 1651 492 1703; x_wconf 59' lang='lat'><strong>“&quot;5”</strong></span> <span class='ocrx_word' id='word_1_83' title='bbox 563 1660 628 1726; x_wconf 87' lang='lat' dir='ltr'><strong>Q.</strong></span> <span class='ocrx_word' id='word_1_84' title='bbox 658 1657 910 1712; x_wconf 79' lang='lat' dir='ltr'><strong>Aurelius</strong></span> <span class='ocrx_word' id='word_1_85' title='bbox 943 1651 1320 1724; x_wconf 80' lang='lat' dir='ltr'><strong>Symmachus.</strong></span> 
     </span>
    </p>
   </div>
   <div class='ocr_carea' id='block_1_18' title="bbox 161 1744 1380 1818">
    <p class='ocr_par' dir='ltr' id='par_1_18' title="bbox 161 1744 1380 1818">
     <span class='ocr_line' id='line_1_18' title="bbox 161 1744 1380 1818; baseline -0.012 -8"><span class='ocrx_word' id='word_1_86' title='bbox 161 1763 296 1810; x_wconf 67' lang='lat' dir='ltr'><strong>cur</strong></span> <span class='ocrx_word' id='word_1_87' title='bbox 433 1752 494 1808; x_wconf 93' lang='lat' dir='ltr'><strong>L.</strong></span> <span class='ocrx_word' id='word_1_88' title='bbox 548 1753 600 1813; x_wconf 88' lang='lat'><strong>8,</strong></span> <span class='ocrx_word' id='word_1_89' title='bbox 649 1749 708 1805; x_wconf 88' lang='lat' dir='ltr'><strong>C.</strong></span> <span class='ocrx_word' id='word_1_90' title='bbox 762 1749 830 1803; x_wconf 88' lang='lat' dir='ltr'><strong>de</strong></span> <span class='ocrx_word' id='word_1_91' title='bbox 878 1746 1106 1818; x_wconf 81' lang='lat' dir='ltr'><strong>legibus,</strong></span> <span class='ocrx_word' id='word_1_92' title='bbox 1155 1744 1380 1814; x_wconf 65' lang='lat' dir='ltr'><strong>aliaeque</strong></span> 
     </span>
    </p>
   </div>
   <div class='ocr_carea' id='block_1_19' title="bbox 354 1837 1140 1914">
    <p class='ocr_par' dir='ltr' id='par_1_19' title="bbox 354 1837 1140 1914">
     <span class='ocr_line' id='line_1_19' title="bbox 354 1837 1140 1914; baseline -0.013 -16"><span class='ocrx_word' id='word_1_93' title='bbox 354 1843 496 1914; x_wconf 85' lang='lat' dir='ltr'><strong>apud</strong></span> <span class='ocrx_word' id='word_1_94' title='bbox 518 1841 764 1912; x_wconf 76' lang='lat' dir='ltr'><strong>Pagium,</strong></span> <span class='ocrx_word' id='word_1_95' title='bbox 796 1837 1004 1894; x_wconf 80' lang='lat' dir='ltr'><strong>Reland</strong></span> <span class='ocrx_word' id='word_1_96' title='bbox 1031 1845 1140 1891; x_wconf 90' lang='lat' dir='ltr'><strong>etc.</strong></span> 
     </span>
    </p>
   </div>
   <div class='ocr_carea' id='block_1_20' title="bbox 431 1927 1379 2001">
    <p class='ocr_par' dir='ltr' id='par_1_20' title="bbox 431 1927 1379 2001">
     <span class='ocr_line' id='line_1_20' title="bbox 431 1927 1379 2001; baseline -0.008 -15"><span class='ocrx_word' id='word_1_97' title='bbox 431 1932 569 1988; x_wconf 91' lang='lat' dir='ltr'><strong>Picti</strong></span> <span class='ocrx_word' id='word_1_98' title='bbox 591 1941 750 2001; x_wconf 84' lang='lat' dir='ltr'><strong>atque</strong></span> <span class='ocrx_word' id='word_1_99' title='bbox 766 1929 911 1986; x_wconf 90' lang='lat' dir='ltr'><strong>Scoti</strong></span> <span class='ocrx_word' id='word_1_100' title='bbox 935 1927 1267 1982; x_wconf 75' lang='lat' dir='ltr'><strong>Britanniam</strong></span> <span class='ocrx_word' id='word_1_101' title='bbox 1293 1927 1379 1979; x_wconf 90' lang='lat' dir='ltr'><strong>in-</strong></span> 
     </span>
    </p>
   </div>
   <div class='ocr_carea' id='block_1_21' title="bbox 353 2017 1378 2092">
    <p class='ocr_par' dir='ltr' id='par_1_21' title="bbox 353 2017 1378 2092">
     <span class='ocr_line' id='line_1_21' title="bbox 353 2017 1378 2092; baseline -0.011 -11"><span class='ocrx_word' id='word_1_102' title='bbox 353 2025 564 2081; x_wconf 84' lang='lat' dir='ltr'><strong>vadunt</strong></span> <span class='ocrx_word' id='word_1_103' title='bbox 611 2023 751 2084; x_wconf 88' lang='lat' dir='ltr'><strong>Aetii</strong></span> <span class='ocrx_word' id='word_1_104' title='bbox 792 2037 894 2092; x_wconf 89' lang='lat' dir='ltr'><strong>ope</strong></span> <span class='ocrx_word' id='word_1_105' title='bbox 934 2020 1136 2080; x_wconf 83' lang='lat' dir='ltr'><strong>frustra</strong></span> <span class='ocrx_word' id='word_1_106' title='bbox 1189 2035 1217 2073; x_wconf 87' lang='lat' dir='ltr'><strong>a</strong></span> <span class='ocrx_word' id='word_1_107' title='bbox 1262 2017 1378 2071; x_wconf 82' lang='lat' dir='ltr'><strong>Bri—</strong></span> 
     </span>
    </p>
   </div>
   <div class='ocr_carea' id='block_1_22' title="bbox 358 2107 1378 2182">
    <p class='ocr_par' dir='ltr' id='par_1_22' title="bbox 358 2107 1378 2182">
     <span class='ocr_line' id='line_1_22' title="bbox 358 2107 1378 2182; baseline -0.01 -11"><span class='ocrx_word' id='word_1_108' title='bbox 358 2116 541 2171; x_wconf 89' lang='lat' dir='ltr'><strong>tannis</strong></span> <span class='ocrx_word' id='word_1_109' title='bbox 603 2113 904 2182; x_wconf 87' lang='lat' dir='ltr'><strong>implorata.</strong></span> <span class='ocrx_word' id='word_1_110' title='bbox 975 2110 1158 2165; x_wconf 87' lang='lat' dir='ltr'><strong>Gildas</strong></span> <span class='ocrx_word' id='word_1_111' title='bbox 1212 2107 1378 2163; x_wconf 90' lang='lat' dir='ltr'><strong>Usscr</strong></span> 
     </span>
    </p>
   </div>
   <div class='ocr_carea' id='block_1_23' title="bbox 352 2201 1380 2276">
    <p class='ocr_par' dir='ltr' id='par_1_23' title="bbox 352 2201 1380 2276">
     <span class='ocr_line' id='line_1_23' title="bbox 352 2201 1380 2276; baseline -0.008 -15"><span class='ocrx_word' id='word_1_112' title='bbox 352 2207 582 2263; x_wconf 89' lang='lat' dir='ltr'><strong>Britann</strong></span> <span class='ocrx_word' id='word_1_113' title='bbox 643 2204 807 2276; x_wconf 83' lang='lat' dir='ltr'><strong>Antiq</strong></span> <span class='ocrx_word' id='word_1_114' title='bbox 861 2220 913 2274; x_wconf 93' lang='lat' dir='ltr'><strong>p.</strong></span> <span class='ocrx_word' id='word_1_115' title='bbox 975 2203 1076 2260; x_wconf 81' lang='lat'><strong>198</strong></span> <span class='ocrx_word' id='word_1_116' title='bbox 1145 2211 1200 2256; x_wconf 88' lang='lat' dir='ltr'><strong>et</strong></span> <span class='ocrx_word' id='word_1_117' title='bbox 1253 2201 1380 2266; x_wconf 74' lang='grc'><strong>211,</strong></span> 
     </span>
    </p>
   </div>
   <div class='ocr_carea' id='block_1_24' title="bbox 355 2297 483 2352">
    <p class='ocr_par' dir='ltr' id='par_1_24' title="bbox 355 2297 483 2352">
     <span class='ocr_line' id='line_1_24' title="bbox 355 2297 483 2352; baseline -0.008 0"><span class='ocrx_word' id='word_1_118' title='bbox 355 2297 483 2352; x_wconf 72' lang='grc'><strong>218.</strong></span> 
     </span>
    </p>
   </div>
   <div class='ocr_carea' id='block_1_25' title="bbox 170 2380 1591 2456">
    <p class='ocr_par' dir='ltr' id='par_1_25' title="bbox 170 2380 1591 2456">
     <span class='ocr_line' id='line_1_25' title="bbox 170 2380 1591 2456; baseline -0.005 -14"><span class='ocrx_word' id='word_1_119' title='bbox 170 2387 291 2442; x_wconf 81' lang='grc'><strong>5160</strong></span> <span class='ocrx_word' id='word_1_120' title='bbox 427 2386 580 2456; x_wconf 86' lang='lat' dir='ltr'><strong>lmpp</strong></span> <span class='ocrx_word' id='word_1_121' title='bbox 598 2382 744 2439; x_wconf 68' lang='lat' dir='ltr'><strong>Cress</strong></span> <span class='ocrx_word' id='word_1_122' title='bbox 771 2383 1103 2438; x_wconf 82' lang='lat' dir='ltr'><strong>Theodosius</strong></span> <span class='ocrx_word' id='word_1_123' title='bbox 1135 2380 1237 2437; x_wconf 83' lang='lat' dir='ltr'><strong>Jun</strong></span> <span class='ocrx_word' id='word_1_124' title='bbox 1261 2381 1377 2452; x_wconf 77' lang='lat' dir='ltr'><strong>Aug</strong></span> <span class='ocrx_word' id='word_1_125' title='bbox 1451 2380 1591 2436; x_wconf 82' lang='grc'><strong>1109</strong></span> 
     </span>
    </p>
   </div>
   <div class='ocr_carea' id='block_1_26' title="bbox 1443 2472 1581 2526">
    <p class='ocr_par' dir='ltr' id='par_1_26' title="bbox 1443 2472 1581 2526">
     <span class='ocr_line' id='line_1_26' title="bbox 1443 2472 1581 2526; baseline 0 0"><span class='ocrx_word' id='word_1_126' title='bbox 1443 2474 1463 2526; x_wconf 95' lang='grc'><strong>1</strong></span> <span class='ocrx_word' id='word_1_127' title='bbox 1477 2472 1581 2526; x_wconf 69' lang='grc'><strong>200</strong></span> 
     </span>
    </p>
   </div>
   <div class='ocr_carea' id='block_1_27' title="bbox 134 2473 1117 2554">
    <p class='ocr_par' dir='ltr' id='par_1_27' title="bbox 134 2473 1117 2554">
     <span class='ocr_line' id='line_1_27' title="bbox 134 2473 1117 2554; baseline -0.011 -18"><span class='ocrx_word' id='word_1_128' title='bbox 264 2478 295 2534; x_wconf 91' lang='lat'>8</span> <span class='ocrx_word' id='word_1_129' title='bbox 355 2487 424 2532; x_wconf 89' lang='lat' dir='ltr'><strong>tr.</strong></span> <span class='ocrx_word' id='word_1_130' title='bbox 457 2493 513 2548; x_wconf 88' lang='lat' dir='ltr'><strong>p.</strong></span> <span class='ocrx_word' id='word_1_131' title='bbox 549 2476 618 2533; x_wconf 74' lang='grc'><strong>45</strong></span> <span class='ocrx_word' id='word_1_132' title='bbox 647 2485 702 2530; x_wconf 89' lang='lat' dir='ltr'><strong>et</strong></span> <span class='ocrx_word' id='word_1_133' title='bbox 733 2473 818 2536; x_wconf 73' lang='grc'><strong>46,</strong></span> <span class='ocrx_word' id='word_1_134' title='bbox 847 2490 940 2530; x_wconf 87' lang='lat' dir='ltr'><strong>eos</strong></span> <span class='ocrx_word' id='word_1_135' title='bbox 969 2489 1117 2530; x_wconf 78' lang='lat' dir='ltr'><strong>xvnt.</strong></span> 
     </span>
    </p>
   </div>
   <div class='ocr_carea' id='block_1_28' title="bbox 137 2564 1384 2638">
    <p class='ocr_par' dir='ltr' id='par_1_28' title="bbox 137 2564 1384 2638">
     <span class='ocr_line' id='line_1_28' title="bbox 137 2564 1384 2638; baseline -0.007 -13"><span class='ocrx_word' id='word_1_136' title='bbox 137 2564 200 2638; x_wconf 68' lang='grc' dir='ltr'>Ο</span> <span class='ocrx_word' id='word_1_137' title='bbox 232 2570 294 2625; x_wconf 81' lang='lat' dir='ltr'><strong>ll.</strong></span> <span class='ocrx_word' id='word_1_138' title='bbox 439 2567 507 2623; x_wconf 89' lang='lat' dir='ltr'><strong>Et</strong></span> <span class='ocrx_word' id='word_1_139' title='bbox 535 2565 944 2626; x_wconf 63' lang='lat' dir='ltr'><strong>Valentinianus</strong></span> <span class='ocrx_word' id='word_1_140' title='bbox 969 2565 1073 2621; x_wconf 86' lang='lat' dir='ltr'><strong>Jun</strong></span> <span class='ocrx_word' id='word_1_141' title='bbox 1093 2564 1211 2636; x_wconf 81' lang='lat' dir='ltr'><strong>Aug</strong></span> <span class='ocrx_word' id='word_1_142' title='bbox 1241 2573 1309 2618; x_wconf 89' lang='lat' dir='ltr'><strong>tr.</strong></span> <span class='ocrx_word' id='word_1_143' title='bbox 1331 2580 1384 2634; x_wconf 91' lang='lat' dir='ltr'><strong>p.</strong></span> 
     </span>
    </p>
   </div>
   <div class='ocr_carea' id='block_1_29' title="bbox 202 2657 876 2722">
    <p class='ocr_par' dir='ltr' id='par_1_29' title="bbox 202 2657 876 2722">
     <span class='ocr_line' id='line_1_29' title="bbox 202 2657 876 2722; baseline -0.006 -10"><span class='ocrx_word' id='word_1_144' title='bbox 202 2657 244 2712; x_wconf 84' lang='lat' dir='ltr'><em>E</em></span> <span class='ocrx_word' id='word_1_145' title='bbox 359 2658 430 2714; x_wconf 66' lang='lat'><strong>22</strong></span> <span class='ocrx_word' id='word_1_146' title='bbox 462 2667 518 2714; x_wconf 84' lang='lat' dir='ltr'><strong>et</strong></span> <span class='ocrx_word' id='word_1_147' title='bbox 540 2658 642 2722; x_wconf 68' lang='lat'><strong>9&#39;5,</strong></span> <span class='ocrx_word' id='word_1_148' title='bbox 679 2673 773 2712; x_wconf 90' lang='lat' dir='ltr'><strong>cos</strong></span> <span class='ocrx_word' id='word_1_149' title='bbox 798 2671 876 2710; x_wconf 76' lang='lat' dir='ltr'><strong>vi.</strong></span> 
     </span>
    </p>
   </div>
   <div class='ocr_carea' id='block_1_30' title="bbox 160 2747 1385 2820">
    <p class='ocr_par' dir='ltr' id='par_1_30' title="bbox 160 2747 1385 2820">
     <span class='ocr_line' id='line_1_30' title="bbox 160 2747 1385 2820; baseline -0.003 -17"><span class='ocrx_word' id='word_1_150' title='bbox 160 2748 312 2804; x_wconf 75' lang='grc' dir='ltr'><strong>Ιηάὶοι</strong></span> <span class='ocrx_word' id='word_1_151' title='bbox 394 2819 400 2820; x_wconf 15' lang='grc' dir='ltr'><em>γ</em></span> <span class='ocrx_word' id='word_1_152' title='bbox 584 2749 880 2820; x_wconf 76' lang='lat' dir='ltr'><strong>Callypius,</strong></span> <span class='ocrx_word' id='word_1_153' title='bbox 929 2763 1020 2820; x_wconf 64' lang='lat' dir='ltr'><strong>seu</strong></span> <span class='ocrx_word' id='word_1_154' title='bbox 1051 2747 1298 2817; x_wconf 79' lang='lat' dir='ltr'><strong>Alypius,</strong></span> <span class='ocrx_word' id='word_1_155' title='bbox 1325 2755 1385 2800; x_wconf 91' lang='lat' dir='ltr'><strong>ut</strong></span> 
     </span>
    </p>
   </div>
   <div class='ocr_carea' id='block_1_31' title="bbox 202 2817 1147 2876">
    <p class='ocr_par' dir='ltr' id='par_1_31' title="bbox 202 2817 1147 2876">
     <span class='ocr_line' id='line_1_31' title="bbox 202 2817 1147 2876; baseline -0.004 -2"><span class='ocrx_word' id='word_1_156' title='bbox 202 2836 263 2874; x_wconf 82' lang='lat' dir='ltr'><strong>xv</strong></span> <span class='ocrx_word' id='word_1_157' title='bbox 375 2819 511 2876; x_wconf 88' lang='lat' dir='ltr'><strong>Coss</strong></span> <span class='ocrx_word' id='word_1_158' title='bbox 657 2817 718 2874; x_wconf 59' lang='lat' dir='ltr'><strong>in&#39;</strong></span> <span class='ocrx_word' id='word_1_159' title='bbox 740 2817 923 2874; x_wconf 88' lang='lat' dir='ltr'><strong>Chron</strong></span> <span class='ocrx_word' id='word_1_160' title='bbox 951 2817 1147 2874; x_wconf 85' lang='lat' dir='ltr'><strong>Pasch.</strong></span> 
     </span>
    </p>
   </div>
   <div class='ocr_carea' id='block_1_32' title="bbox 205 2890 950 2946">
    <p class='ocr_par' dir='ltr' id='par_1_32' title="bbox 205 2890 950 2946">
     <span class='ocr_line' id='line_1_32' title="bbox 205 2890 950 2946; baseline -0.007 -1"><span class='ocrx_word' id='word_1_161' title='bbox 205 2900 246 2945; x_wconf 81' lang='lat' dir='ltr'><strong>et</strong></span> <span class='ocrx_word' id='word_1_162' title='bbox 281 2907 295 2946; x_wconf 91' lang='lat' dir='ltr'><strong>t</strong></span> <span class='ocrx_word' id='word_1_163' title='bbox 583 2890 950 2945; x_wconf 90' lang='lat' dir='ltr'><strong>Ardaburius.</strong></span> 
     </span>
    </p>
   </div>
   <div class='ocr_carea' id='block_1_33' title="bbox 437 2975 1384 3050">
    <p class='ocr_par' dir='ltr' id='par_1_33' title="bbox 437 2975 1384 3050">
     <span class='ocr_line' id='line_1_33' title="bbox 437 2975 1384 3050; baseline -0.005 -15"><span class='ocrx_word' id='word_1_164' title='bbox 437 2979 674 3050; x_wconf 87' lang='lat' dir='ltr'><strong>Epistola</strong></span> <span class='ocrx_word' id='word_1_165' title='bbox 702 2979 740 3035; x_wconf 92' lang='lat' dir='ltr'><strong>S</strong></span> <span class='ocrx_word' id='word_1_166' title='bbox 790 2978 986 3034; x_wconf 87' lang='lat' dir='ltr'><strong>Leonis</strong></span> <span class='ocrx_word' id='word_1_167' title='bbox 1023 2991 1173 3049; x_wconf 74' lang='lat' dir='ltr'><strong>papae</strong></span> <span class='ocrx_word' id='word_1_168' title='bbox 1201 2975 1264 3030; x_wconf 88' lang='lat' dir='ltr'><strong>ad</strong></span> <span class='ocrx_word' id='word_1_169' title='bbox 1296 2976 1384 3030; x_wconf 84' lang='lat' dir='ltr'><strong>Ja-</strong></span> 
     </span>
    </p>
   </div>
   <div class='ocr_carea' id='block_1_34' title="bbox 364 3070 1368 3142">
    <p class='ocr_par' dir='ltr' id='par_1_34' title="bbox 364 3070 1368 3142">
     <span class='ocr_line' id='line_1_34' title="bbox 364 3070 1368 3142; baseline -0.006 -14"><span class='ocrx_word' id='word_1_170' title='bbox 364 3073 615 3128; x_wconf 89' lang='lat' dir='ltr'><strong>nuarium</strong></span> <span class='ocrx_word' id='word_1_171' title='bbox 630 3073 939 3142; x_wconf 87' lang='lat' dir='ltr'><strong>episcopum</strong></span> <span class='ocrx_word' id='word_1_172' title='bbox 964 3070 1368 3140; x_wconf 84' lang='lat' dir='ltr'><strong>Aquileiensem</strong></span> 
     </span>
    </p>
   </div>
   <div class='ocr_carea' id='block_1_35' title="bbox 365 3160 1387 3233">
    <p class='ocr_par' dir='ltr' id='par_1_35' title="bbox 365 3160 1387 3233">
     <span class='ocr_line' id='line_1_35' title="bbox 365 3160 1387 3233; baseline -0.005 -16"><span class='ocrx_word' id='word_1_173' title='bbox 365 3171 557 3233; x_wconf 87' lang='lat' dir='ltr'><strong>quarta</strong></span> <span class='ocrx_word' id='word_1_174' title='bbox 575 3165 626 3216; x_wconf 90' lang='lat' dir='ltr'><strong>in</strong></span> <span class='ocrx_word' id='word_1_175' title='bbox 649 3163 835 3218; x_wconf 90' lang='lat' dir='ltr'><strong>codice</strong></span> <span class='ocrx_word' id='word_1_176' title='bbox 863 3161 900 3216; x_wconf 92' lang='lat' dir='ltr'><strong>S</strong></span> <span class='ocrx_word' id='word_1_177' title='bbox 926 3160 1116 3216; x_wconf 88' lang='lat' dir='ltr'><strong>Crucis</strong></span> <span class='ocrx_word' id='word_1_178' title='bbox 1143 3160 1387 3229; x_wconf 80' lang='lat' dir='ltr'><strong>signatur</strong></span> 
     </span>
    </p>
   </div>
   <div class='ocr_carea' id='block_1_36' title="bbox 373 3251 1390 3324">
    <p class='ocr_par' dir='ltr' id='par_1_36' title="bbox 373 3251 1390 3324">
     <span class='ocr_line' id='line_1_36' title="bbox 373 3251 1390 3324; baseline -0.004 -15"><span class='ocrx_word' id='word_1_179' title='bbox 373 3271 436 3309; x_wconf 79' lang='grc' dir='ltr'><strong>ιη</strong></span> <span class='ocrx_word' id='word_1_180' title='bbox 516 3253 613 3308; x_wconf 78' lang='lat' dir='ltr'><strong>Kal</strong></span> <span class='ocrx_word' id='word_1_181' title='bbox 643 3253 740 3310; x_wconf 83' lang='lat' dir='ltr'><strong>Jan</strong></span> <span class='ocrx_word' id='word_1_182' title='bbox 775 3253 968 3324; x_wconf 83' lang='lat' dir='ltr'><strong>Alypio</strong></span> <span class='ocrx_word' id='word_1_183' title='bbox 1019 3260 1074 3307; x_wconf 91' lang='lat' dir='ltr'><strong>et</strong></span> <span class='ocrx_word' id='word_1_184' title='bbox 1117 3251 1390 3305; x_wconf 86' lang='lat' dir='ltr'><strong>Ardahute</strong></span> 
     </span>
    </p>
   </div>
   <div class='ocr_carea' id='block_1_37' title="bbox 371 3360 516 3401">
    <p class='ocr_par' dir='ltr' id='par_1_37' title="bbox 371 3360 516 3401">
     <span class='ocr_line' id='line_1_37' title="bbox 371 3360 516 3401; baseline -0.014 0"><span class='ocrx_word' id='word_1_185' title='bbox 371 3360 516 3401; x_wconf 82' lang='lat' dir='ltr'><strong>COSS.</strong></span> 
     </span>
    </p>
   </div>
   <div class='ocr_carea' id='block_1_38' title="bbox 440 3431 1390 3493">
    <p class='ocr_par' dir='ltr' id='par_1_38' title="bbox 440 3431 1390 3493">
     <span class='ocr_line' id='line_1_38' title="bbox 440 3431 1390 3493; baseline -0.008 -1"><span class='ocrx_word' id='word_1_186' title='bbox 440 3437 672 3493; x_wconf 74' lang='lat' dir='ltr'><strong>Novella:</strong></span> <span class='ocrx_word' id='word_1_187' title='bbox 693 3433 1030 3491; x_wconf 81' lang='lat' dir='ltr'><strong>Valentinian</strong></span> <span class='ocrx_word' id='word_1_188' title='bbox 1060 3442 1114 3488; x_wconf 88' lang='lat' dir='ltr'><strong>et</strong></span> <span class='ocrx_word' id='word_1_189' title='bbox 1143 3431 1244 3486; x_wconf 89' lang='lat' dir='ltr'><strong>alia</strong></span> <span class='ocrx_word' id='word_1_190' title='bbox 1277 3447 1390 3485; x_wconf 85' lang='lat' dir='ltr'><strong>mo-</strong></span> 
     </span>
    </p>
   </div>
   <div class='ocr_carea' id='block_1_39' title="bbox 369 3522 1393 3598">
    <p class='ocr_par' dir='ltr' id='par_1_39' title="bbox 369 3522 1393 3598">
     <span class='ocr_line' id='line_1_39' title="bbox 369 3522 1393 3598; baseline -0.01 -14"><span class='ocrx_word' id='word_1_191' title='bbox 369 3543 502 3584; x_wconf 91' lang='lat' dir='ltr'><strong>num</strong></span> <span class='ocrx_word' id='word_1_192' title='bbox 527 3527 664 3598; x_wconf 89' lang='lat' dir='ltr'><strong>apud</strong></span> <span class='ocrx_word' id='word_1_193' title='bbox 689 3525 891 3581; x_wconf 84' lang='lat' dir='ltr'><strong>Reland</strong></span> <span class='ocrx_word' id='word_1_194' title='bbox 927 3525 1125 3578; x_wconf 80' lang='lat' dir='ltr'><strong>habent</strong></span> <span class='ocrx_word' id='word_1_195' title='bbox 1153 3522 1393 3592; x_wconf 83' lang='lat' dir='ltr'><strong>Callypio</strong></span> 
     </span>
    </p>
   </div>
   <div class='ocr_carea' id='block_1_40' title="bbox 369 3614 1183 3673">
    <p class='ocr_par' dir='ltr' id='par_1_40' title="bbox 369 3614 1183 3673">
     <span class='ocr_line' id='line_1_40' title="bbox 369 3614 1183 3673; baseline -0.009 0"><span class='ocrx_word' id='word_1_196' title='bbox 369 3628 427 3673; x_wconf 89' lang='lat' dir='ltr'><strong>et</strong></span> <span class='ocrx_word' id='word_1_197' title='bbox 454 3619 732 3673; x_wconf 88' lang='lat' dir='ltr'><strong>Ardaburc</strong></span> <span class='ocrx_word' id='word_1_198' title='bbox 765 3615 875 3672; x_wconf 90' lang='lat' dir='ltr'><strong>VV.</strong></span> <span class='ocrx_word' id='word_1_199' title='bbox 907 3614 1011 3669; x_wconf 90' lang='lat' dir='ltr'><strong>CC.</strong></span> <span class='ocrx_word' id='word_1_200' title='bbox 1039 3629 1183 3670; x_wconf 90' lang='lat' dir='ltr'><strong>coss.</strong></span> 
     </span>
    </p>
   </div>
   <div class='ocr_carea' id='block_1_41' title="bbox 183 4122 1604 4199">
    <p class='ocr_par' dir='ltr' id='par_1_41' title="bbox 183 4122 1604 4199">
     <span class='ocr_line' id='line_1_41' title="bbox 183 4122 1604 4199; baseline -0.003 -19"><span class='ocrx_word' id='word_1_201' title='bbox 183 4125 297 4182; x_wconf 82' lang='grc'><strong>5161</strong></span> <span class='ocrx_word' id='word_1_202' title='bbox 449 4128 594 4199; x_wconf 87' lang='lat' dir='ltr'><strong>Impp</strong></span> <span class='ocrx_word' id='word_1_203' title='bbox 621 4127 765 4184; x_wconf 70' lang='lat' dir='ltr'><strong>Cress</strong></span> <span class='ocrx_word' id='word_1_204' title='bbox 793 4127 978 4183; x_wconf 85' lang='lat' dir='ltr'><strong>Theod</strong></span> <span class='ocrx_word' id='word_1_205' title='bbox 1009 4127 1112 4182; x_wconf 84' lang='lat' dir='ltr'><strong>Jun</strong></span> <span class='ocrx_word' id='word_1_206' title='bbox 1156 4127 1271 4196; x_wconf 88' lang='lat' dir='ltr'><strong>Aug</strong></span> <span class='ocrx_word' id='word_1_207' title='bbox 1319 4132 1390 4178; x_wconf 90' lang='lat' dir='ltr'><strong>tr.</strong></span> <span class='ocrx_word' id='word_1_208' title='bbox 1469 4122 1604 4177; x_wconf 71' lang='lat'><strong>19.00</strong></span> 
     </span>
    </p>
   </div>
   <div class='ocr_carea' id='block_1_42' title="bbox 1466 4214 1596 4270">
    <p class='ocr_par' dir='ltr' id='par_1_42' title="bbox 1466 4214 1596 4270">
     <span class='ocr_line' id='line_1_42' title="bbox 1466 4214 1596 4270; baseline -0.015 0"><span class='ocrx_word' id='word_1_209' title='bbox 1466 4214 1596 4270; x_wconf 75' lang='lat'><strong>19.01</strong></span> 
     </span>
    </p>
   </div>
   <div class='ocr_carea' id='block_1_43' title="bbox 161 4215 1060 4290">
    <p class='ocr_par' dir='ltr' id='par_1_43' title="bbox 161 4215 1060 4290">
     <span class='ocr_line' id='line_1_43' title="bbox 161 4215 1060 4290; baseline -0.001 -18"><span class='ocrx_word' id='word_1_210' title='bbox 161 4215 224 4290; x_wconf 59' lang='grc' dir='ltr'><strong>Θ</strong></span> <span class='ocrx_word' id='word_1_211' title='bbox 295 4217 327 4272; x_wconf 83' lang='lat'>9</span> <span class='ocrx_word' id='word_1_212' title='bbox 373 4235 430 4290; x_wconf 90' lang='lat' dir='ltr'><strong>p.</strong></span> <span class='ocrx_word' id='word_1_213' title='bbox 457 4218 528 4272; x_wconf 72' lang='grc'><strong>46</strong></span> <span class='ocrx_word' id='word_1_214' title='bbox 553 4227 607 4273; x_wconf 86' lang='lat' dir='ltr'><strong>et</strong></span> <span class='ocrx_word' id='word_1_215' title='bbox 635 4219 723 4283; x_wconf 71' lang='lat'><strong>47,</strong></span> <span class='ocrx_word' id='word_1_216' title='bbox 761 4235 872 4274; x_wconf 89' lang='lat' dir='ltr'><strong>cos.</strong></span> <span class='ocrx_word' id='word_1_217' title='bbox 907 4234 1060 4272; x_wconf 80' lang='lat' dir='ltr'><strong>xvm.</strong></span> 
     </span>
    </p>
   </div>
   <div class='ocr_carea' id='block_1_44' title="bbox 163 4299 1388 4379">
    <p class='ocr_par' dir='ltr' id='par_1_44' title="bbox 163 4299 1388 4379">
     <span class='ocr_line' id='line_1_44' title="bbox 163 4299 1388 4379; baseline 0 -17"><span class='ocrx_word' id='word_1_218' title='bbox 163 4299 229 4372; x_wconf 63' lang='grc' dir='ltr'>δ</span> <span class='ocrx_word' id='word_1_219' title='bbox 265 4308 326 4362; x_wconf 71' lang='lat' dir='ltr'><strong>l2</strong></span> <span class='ocrx_word' id='word_1_220' title='bbox 447 4308 516 4363; x_wconf 82' lang='lat' dir='ltr'><strong>Et.</strong></span> <span class='ocrx_word' id='word_1_221' title='bbox 553 4309 961 4364; x_wconf 80' lang='lat' dir='ltr'><strong>Valentinianus</strong></span> <span class='ocrx_word' id='word_1_222' title='bbox 1005 4308 1108 4364; x_wconf 85' lang='lat' dir='ltr'><strong>Jun</strong></span> <span class='ocrx_word' id='word_1_223' title='bbox 1158 4308 1276 4379; x_wconf 80' lang='lat' dir='ltr'><strong>Aug</strong></span> <span class='ocrx_word' id='word_1_224' title='bbox 1321 4317 1388 4363; x_wconf 92' lang='lat' dir='ltr'><strong>tr.</strong></span> 
     </span>
    </p>
   </div>
   <div class='ocr_carea' id='block_1_45' title="bbox 187 4399 954 4472">
    <p class='ocr_par' dir='ltr' id='par_1_45' title="bbox 187 4399 954 4472">
     <span class='ocr_line' id='line_1_45' title="bbox 187 4399 954 4472; baseline 0 -16"><span class='ocrx_word' id='word_1_225' title='bbox 187 4399 229 4451; x_wconf 83' lang='grc' dir='ltr'><strong>Ι)</strong></span> <span class='ocrx_word' id='word_1_226' title='bbox 273 4400 311 4455; x_wconf 84' lang='lat' dir='ltr'><strong>C</strong></span> <span class='ocrx_word' id='word_1_227' title='bbox 380 4419 433 4472; x_wconf 92' lang='lat' dir='ltr'><strong>p.</strong></span> <span class='ocrx_word' id='word_1_228' title='bbox 463 4402 536 4456; x_wconf 74' lang='lat'><strong>25</strong></span> <span class='ocrx_word' id='word_1_229' title='bbox 560 4410 614 4457; x_wconf 87' lang='lat' dir='ltr'><strong>et</strong></span> <span class='ocrx_word' id='word_1_230' title='bbox 639 4402 730 4468; x_wconf 70' lang='grc'><strong>24,</strong></span> <span class='ocrx_word' id='word_1_231' title='bbox 767 4418 858 4458; x_wconf 89' lang='lat' dir='ltr'><strong>cos</strong></span> <span class='ocrx_word' id='word_1_232' title='bbox 879 4418 954 4457; x_wconf 86' lang='lat' dir='ltr'><strong>vt.</strong></span> 
     </span>
    </p>
   </div>
   <div class='ocr_carea' id='block_1_46' title="bbox 181 4489 1376 4551">
    <p class='ocr_par' dir='ltr' id='par_1_46' title="bbox 181 4489 1376 4551">
     <span class='ocr_line' id='line_1_46' title="bbox 181 4489 1376 4551; baseline 0.003 -7"><span class='ocrx_word' id='word_1_233' title='bbox 181 4489 329 4546; x_wconf 72' lang='lat' dir='ltr'><strong>Indici</strong></span> <span class='ocrx_word' id='word_1_234' title='bbox 598 4495 768 4549; x_wconf 79' lang='lat' dir='ltr'><strong>llnfus</strong></span> <span class='ocrx_word' id='word_1_235' title='bbox 829 4494 1150 4551; x_wconf 75' lang='lat' dir='ltr'><strong>Pretexatus</strong></span> <span class='ocrx_word' id='word_1_236' title='bbox 1211 4494 1376 4548; x_wconf 78' lang='lat' dir='ltr'><strong>Poslu</strong></span> 
     </span>
    </p>
   </div>
   <div class='ocr_carea' id='block_1_47' title="bbox 234 4565 895 4621">
    <p class='ocr_par' dir='ltr' id='par_1_47' title="bbox 234 4565 895 4621">
     <span class='ocr_line' id='line_1_47' title="bbox 234 4565 895 4621; baseline 0.005 -5"><span class='ocrx_word' id='word_1_237' title='bbox 234 4578 248 4616; x_wconf 86' lang='grc' dir='ltr'>ι</span> <span class='ocrx_word' id='word_1_238' title='bbox 377 4565 532 4621; x_wconf 86' lang='lat' dir='ltr'><strong>Coss.</strong></span> <span class='ocrx_word' id='word_1_239' title='bbox 668 4567 895 4620; x_wconf 80' lang='lat' dir='ltr'><strong>mianus.</strong></span> 
     </span>
    </p>
   </div>
   <div class='ocr_carea' id='block_1_48' title="bbox 194 4635 869 4690">
    <p class='ocr_par' dir='ltr' id='par_1_48' title="bbox 194 4635 869 4690">
     <span class='ocr_line' id='line_1_48' title="bbox 194 4635 869 4690; baseline -0.004 3"><span class='ocrx_word' id='word_1_240' title='bbox 194 4643 236 4685; x_wconf 71' lang='grc' dir='ltr'><strong>ει</strong></span> <span class='ocrx_word' id='word_1_241' title='bbox 263 4649 299 4688; x_wconf 84' lang='lat' dir='ltr'><strong>l&#39;</strong></span> <span class='ocrx_word' id='word_1_242' title='bbox 590 4635 649 4690; x_wconf 83' lang='lat' dir='ltr'><strong>Fl</strong></span> <span class='ocrx_word' id='word_1_243' title='bbox 661 4677 673 4690; x_wconf 94' lang='lat'><strong>.</strong></span> <span class='ocrx_word' id='word_1_244' title='bbox 706 4635 869 4690; x_wconf 79' lang='lat' dir='ltr'><strong>Zeno.</strong></span> 
     </span>
    </p>
   </div>
   <div class='ocr_carea' id='block_1_49' title="bbox 459 4725 1405 4796">
    <p class='ocr_par' dir='ltr' id='par_1_49' title="bbox 459 4725 1405 4796">
     <span class='ocr_line' id='line_1_49' title="bbox 459 4725 1405 4796; baseline 0 -16"><span class='ocrx_word' id='word_1_245' title='bbox 459 4725 621 4796; x_wconf 84' lang='lat' dir='ltr'><strong>Lapis</strong></span> <span class='ocrx_word' id='word_1_246' title='bbox 651 4727 791 4796; x_wconf 89' lang='lat' dir='ltr'><strong>apud</strong></span> <span class='ocrx_word' id='word_1_247' title='bbox 821 4726 1020 4784; x_wconf 88' lang='lat' dir='ltr'><strong>Gruter</strong></span> <span class='ocrx_word' id='word_1_248' title='bbox 1073 4742 1344 4789; x_wconf 71' lang='lat' dir='ltr'><strong>ccccuiv,</strong></span> <span class='ocrx_word' id='word_1_249' title='bbox 1371 4726 1405 4780; x_wconf 89' lang='lat'><strong>8</strong></span> 
     </span>
    </p>
   </div>
   <div class='ocr_carea' id='block_1_50' title="bbox 386 4816 1396 4887">
    <p class='ocr_par' dir='ltr' id='par_1_50' title="bbox 386 4816 1396 4887">
     <span class='ocr_line' id='line_1_50' title="bbox 386 4816 1396 4887; baseline -0.001 -17"><span class='ocrx_word' id='word_1_250' title='bbox 386 4816 611 4887; x_wconf 86' lang='lat' dir='ltr'><strong>cpistola</strong></span> <span class='ocrx_word' id='word_1_251' title='bbox 644 4817 702 4870; x_wconf 85' lang='lat' dir='ltr'><strong>S.</strong></span> <span class='ocrx_word' id='word_1_252' title='bbox 733 4817 928 4872; x_wconf 85' lang='lat' dir='ltr'><strong>Leonis</strong></span> <span class='ocrx_word' id='word_1_253' title='bbox 954 4817 1022 4871; x_wconf 87' lang='grc' dir='ltr'><strong>Μ.</strong></span> <span class='ocrx_word' id='word_1_254' title='bbox 1045 4817 1114 4872; x_wconf 68' lang='grc'><strong>«18</strong></span> <span class='ocrx_word' id='word_1_255' title='bbox 1139 4817 1203 4870; x_wconf 90' lang='lat' dir='ltr'><strong>ad</strong></span> <span class='ocrx_word' id='word_1_256' title='bbox 1231 4817 1396 4887; x_wconf 83' lang='lat' dir='ltr'><strong>Euty-</strong></span> 
     </span>
    </p>
   </div>
   <div class='ocr_carea' id='block_1_51' title="bbox 387 4899 1457 4972">
    <p class='ocr_par' dir='ltr' id='par_1_51' title="bbox 387 4899 1457 4972">
     <span class='ocr_line' id='line_1_51' title="bbox 387 4899 1457 4972; baseline -0.002 -11"><span class='ocrx_word' id='word_1_257' title='bbox 387 4909 599 4962; x_wconf 88' lang='lat' dir='ltr'><strong>chctcm</strong></span> <span class='ocrx_word' id='word_1_258' title='bbox 637 4906 732 4964; x_wconf 80' lang='lat' dir='ltr'><strong>Kal</strong></span> <span class='ocrx_word' id='word_1_259' title='bbox 769 4907 870 4964; x_wconf 82' lang='lat' dir='ltr'><strong>Jun</strong></span> <span class='ocrx_word' id='word_1_260' title='bbox 903 4907 986 4962; x_wconf 93' lang='lat' dir='ltr'><strong>his</strong></span> <span class='ocrx_word' id='word_1_261' title='bbox 1014 4923 1156 4972; x_wconf 86' lang='lat' dir='ltr'><strong>coss,</strong></span> <span class='ocrx_word' id='word_1_262' title='bbox 1195 4915 1246 4961; x_wconf 92' lang='lat' dir='ltr'><strong>et</strong></span> <span class='ocrx_word' id='word_1_263' title='bbox 1275 4907 1404 4960; x_wconf 88' lang='lat' dir='ltr'><strong>Acta</strong></span> <span class='ocrx_word' id='word_1_264' title='bbox 1454 4899 1457 4901; x_wconf 69' lang='grc'><em>’</em></span> 
     </span>
    </p>
   </div>
   <div class='ocr_carea' id='block_1_52' title="bbox 390 4997 1406 5068">
    <p class='ocr_par' dir='ltr' id='par_1_52' title="bbox 390 4997 1406 5068">
     <span class='ocr_line' id='line_1_52' title="bbox 390 4997 1406 5068; baseline -0.001 -15"><span class='ocrx_word' id='word_1_265' title='bbox 390 4997 600 5054; x_wconf 89' lang='lat' dir='ltr'><strong>concilii</strong></span> <span class='ocrx_word' id='word_1_266' title='bbox 665 4998 1287 5068; x_wconf 86' lang='lat' dir='ltr'><strong>Constantinopolitani,</strong></span> <span class='ocrx_word' id='word_1_267' title='bbox 1351 5007 1406 5052; x_wconf 91' lang='lat' dir='ltr'><strong>et</strong></span> 
     </span>
    </p>
   </div>
   <div class='ocr_carea' id='block_1_53' title="bbox 391 5089 1410 5158">
    <p class='ocr_par' dir='ltr' id='par_1_53' title="bbox 391 5089 1410 5158">
     <span class='ocr_line' id='line_1_53' title="bbox 391 5089 1410 5158; baseline 0.003 -15"><span class='ocrx_word' id='word_1_268' title='bbox 391 5089 576 5144; x_wconf 84' lang='lat' dir='ltr'><strong>Novell</strong></span> <span class='ocrx_word' id='word_1_269' title='bbox 608 5089 1000 5157; x_wconf 84' lang='lat' dir='ltr'><strong>Valentiniani,</strong></span> <span class='ocrx_word' id='word_1_270' title='bbox 1048 5089 1113 5145; x_wconf 89' lang='lat' dir='ltr'><strong>tit</strong></span> <span class='ocrx_word' id='word_1_271' title='bbox 1161 5090 1222 5144; x_wconf 77' lang='grc'><strong>15</strong></span> <span class='ocrx_word' id='word_1_272' title='bbox 1269 5090 1410 5158; x_wconf 84' lang='lat' dir='ltr'><strong>apud</strong></span> 
     </span>
    </p>
   </div>
   <div class='ocr_carea' id='block_1_54' title="bbox 393 5179 618 5238">
    <p class='ocr_par' dir='ltr' id='par_1_54' title="bbox 393 5179 618 5238">
     <span class='ocr_line' id='line_1_54' title="bbox 393 5179 618 5238; baseline 0.009 -2"><span class='ocrx_word' id='word_1_273' title='bbox 393 5179 618 5238; x_wconf 70' lang='lat' dir='ltr'><strong>lieland.</strong></span> 
     </span>
    </p>
   </div>
   <div class='ocr_carea' id='block_1_55' title="bbox 468 5275 1408 5332">
    <p class='ocr_par' dir='ltr' id='par_1_55' title="bbox 468 5275 1408 5332">
     <span class='ocr_line' id='line_1_55' title="bbox 468 5275 1408 5332; baseline 0 -2"><span class='ocrx_word' id='word_1_274' title='bbox 468 5275 682 5332; x_wconf 86' lang='lat' dir='ltr'><strong>Tertius</strong></span> <span class='ocrx_word' id='word_1_275' title='bbox 730 5276 1058 5331; x_wconf 84' lang='lat' dir='ltr'><strong>Francorum</strong></span> <span class='ocrx_word' id='word_1_276' title='bbox 1111 5291 1206 5330; x_wconf 75' lang='lat' dir='ltr'><strong>rex</strong></span> <span class='ocrx_word' id='word_1_277' title='bbox 1254 5276 1309 5329; x_wconf 88' lang='lat' dir='ltr'><strong>h.</strong></span> <span class='ocrx_word' id='word_1_278' title='bbox 1358 5290 1408 5330; x_wconf 88' lang='lat' dir='ltr'><strong>a.</strong></span> 
     </span>
    </p>
   </div>
   <div class='ocr_carea' id='block_1_56' title="bbox 394 5366 1413 5438">
    <p class='ocr_par' dir='ltr' id='par_1_56' title="bbox 394 5366 1413 5438">
     <span class='ocr_line' id='line_1_56' title="bbox 394 5366 1413 5438; baseline 0.003 -18"><span class='ocrx_word' id='word_1_279' title='bbox 394 5369 556 5436; x_wconf 70' lang='lat' dir='ltr'><strong>coepit</strong></span> <span class='ocrx_word' id='word_1_280' title='bbox 583 5368 863 5422; x_wconf 81' lang='lat' dir='ltr'><strong>Meroveus</strong></span> <span class='ocrx_word' id='word_1_281' title='bbox 884 5377 1168 5438; x_wconf 83' lang='lat' dir='ltr'><strong>postquam</strong></span> <span class='ocrx_word' id='word_1_282' title='bbox 1195 5366 1413 5423; x_wconf 83' lang='lat' dir='ltr'><strong>Clodius</strong></span> 
     </span>
    </p>
   </div>
   <div class='ocr_carea' id='block_1_57' title="bbox 399 5461 1416 5532">
    <p class='ocr_par' dir='ltr' id='par_1_57' title="bbox 399 5461 1416 5532">
     <span class='ocr_line' id='line_1_57' title="bbox 399 5461 1416 5532; baseline 0.002 -20"><span class='ocrx_word' id='word_1_283' title='bbox 399 5461 564 5517; x_wconf 83' lang='lat' dir='ltr'><strong>obiit:</strong></span> <span class='ocrx_word' id='word_1_284' title='bbox 590 5461 680 5532; x_wconf 87' lang='lat' dir='ltr'><strong>qui</strong></span> <span class='ocrx_word' id='word_1_285' title='bbox 712 5479 777 5516; x_wconf 81' lang='lat' dir='ltr'><strong>xx</strong></span> <span class='ocrx_word' id='word_1_286' title='bbox 803 5462 1022 5518; x_wconf 89' lang='lat' dir='ltr'><strong>circiter</strong></span> <span class='ocrx_word' id='word_1_287' title='bbox 1045 5461 1202 5516; x_wconf 87' lang='lat' dir='ltr'><strong>annis</strong></span> <span class='ocrx_word' id='word_1_288' title='bbox 1226 5477 1416 5532; x_wconf 81' lang='lat' dir='ltr'><strong>regna-</strong></span> 
     </span>
    </p>
   </div>
   <div class='ocr_carea' id='block_1_58' title="bbox 402 5550 901 5607">
    <p class='ocr_par' dir='ltr' id='par_1_58' title="bbox 402 5550 901 5607">
     <span class='ocr_line' id='line_1_58' title="bbox 402 5550 901 5607; baseline 0.01 -5"><span class='ocrx_word' id='word_1_289' title='bbox 402 5550 496 5604; x_wconf 75' lang='lat' dir='ltr'><strong>vit.</strong></span> <span class='ocrx_word' id='word_1_290' title='bbox 525 5550 795 5607; x_wconf 79' lang='lat' dir='ltr'><strong>Petavius.</strong></span> <span class='ocrx_word' id='word_1_291' title='bbox 899 5605 901 5607; x_wconf 81' lang='grc'><strong><em>,</em></strong></span> 
     </span>
    </p>
   </div>
   <div class='ocr_carea' id='block_1_59' title="bbox 474 5640 1415 5715">
    <p class='ocr_par' dir='ltr' id='par_1_59' title="bbox 474 5640 1415 5715">
     <span class='ocr_line' id='line_1_59' title="bbox 474 5640 1415 5715; baseline 0.001 -20"><span class='ocrx_word' id='word_1_292' title='bbox 474 5640 694 5698; x_wconf 84' lang='lat' dir='ltr'><strong>Rcchila</strong></span> <span class='ocrx_word' id='word_1_293' title='bbox 729 5660 819 5698; x_wconf 79' lang='lat' dir='ltr'><strong>rex</strong></span> <span class='ocrx_word' id='word_1_294' title='bbox 857 5643 1156 5699; x_wconf 89' lang='lat' dir='ltr'><strong>Sncvorum</strong></span> <span class='ocrx_word' id='word_1_295' title='bbox 1202 5643 1415 5715; x_wconf 81' lang='lat' dir='ltr'><strong>gentilis</strong></span> 
     </span>
    </p>
   </div>
   <div class='ocr_carea' id='block_1_60' title="bbox 407 5733 1420 5792">
    <p class='ocr_par' dir='ltr' id='par_1_60' title="bbox 407 5733 1420 5792">
     <span class='ocr_line' id='line_1_60' title="bbox 407 5733 1420 5792; baseline 0.002 -6"><span class='ocrx_word' id='word_1_296' title='bbox 407 5733 636 5790; x_wconf 85' lang='lat' dir='ltr'><strong>moritur</strong></span> <span class='ocrx_word' id='word_1_297' title='bbox 664 5735 911 5791; x_wconf 75' lang='lat' dir='ltr'><strong>Emerita-</strong></span> <span class='ocrx_word' id='word_1_298' title='bbox 938 5754 950 5790; x_wconf 88' lang='lat'><strong>:</strong></span> <span class='ocrx_word' id='word_1_299' title='bbox 985 5735 1069 5791; x_wconf 89' lang='lat' dir='ltr'><strong>cui</strong></span> <span class='ocrx_word' id='word_1_300' title='bbox 1102 5735 1420 5792; x_wconf 82' lang='lat' dir='ltr'><strong>Rcchiarius</strong></span> 
     </span>
    </p>
   </div>
   <div class='ocr_carea' id='block_1_61' title="bbox 1878 2492 1938 2530">
    <p class='ocr_par' dir='ltr' id='par_1_61' title="bbox 1878 2492 1938 2530">
     <span class='ocr_line' id='line_1_61' title="bbox 1878 2492 1938 2530; baseline 0 0"><span class='ocrx_word' id='word_1_301' title='bbox 1878 2492 1938 2530; x_wconf 83' lang='lat' dir='ltr'><strong>Ill</strong></span> 
     </span>
    </p>
   </div>
   <div class='ocr_carea' id='block_1_62' title="bbox 1902 4219 1953 4258">
    <p class='ocr_par' dir='ltr' id='par_1_62' title="bbox 1902 4219 1953 4258">
     <span class='ocr_line' id='line_1_62' title="bbox 1902 4219 1953 4258; baseline -0.02 0"><span class='ocrx_word' id='word_1_302' title='bbox 1902 4219 1953 4258; x_wconf 86' lang='lat' dir='ltr'><strong>IV</strong></span> 
     </span>
    </p>
   </div>
   <div class='ocr_carea' id='block_1_63' title="bbox 3211 344 3321 399">
    <p class='ocr_par' dir='ltr' id='par_1_63' title="bbox 3211 344 3321 399">
     <span class='ocr_line' id='line_1_63' title="bbox 3211 344 3321 399; baseline 0 0"><span class='ocrx_word' id='word_1_303' title='bbox 3211 344 3321 399; x_wconf 62' lang='lat'><strong>&#39;30!</strong></span> 
     </span>
    </p>
   </div>
   <div class='ocr_carea' id='block_1_64' title="bbox 1976 457 3262 598">
    <p class='ocr_par' dir='ltr' id='par_1_64' title="bbox 1976 457 3262 598">
     <span class='ocr_line' id='line_1_64' title="bbox 2021 457 3248 525; baseline -0.003 -7"><span class='ocrx_word' id='word_1_304' title='bbox 2021 459 2463 523; x_wconf 72' lang='lat' dir='ltr'><strong>Christianorum,</strong></span> <span class='ocrx_word' id='word_1_305' title='bbox 2489 457 2801 512; x_wconf 69' lang='lat' dir='ltr'><strong>humerum</strong></span> <span class='ocrx_word' id='word_1_306' title='bbox 2839 466 2888 512; x_wconf 77' lang='lat' dir='ltr'><strong>et</strong></span> <span class='ocrx_word' id='word_1_307' title='bbox 2925 458 3045 525; x_wconf 79' lang='lat' dir='ltr'><strong>ﬁni-</strong></span> <span class='ocrx_word' id='word_1_308' title='bbox 3109 457 3248 514; x_wconf 81' lang='lat' dir='ltr'><strong>Anni</strong></span> 
     </span>
     <span class='ocr_line' id='line_1_65' title="bbox 1976 526 3262 598; baseline -0.006 -10"><span class='ocrx_word' id='word_1_309' title='bbox 1976 571 1992 588; x_wconf 93' lang='lat'><strong>.</strong></span> <span class='ocrx_word' id='word_1_310' title='bbox 2101 531 2347 586; x_wconf 68' lang='lat' dir='ltr'><strong>timorum</strong></span> <span class='ocrx_word' id='word_1_311' title='bbox 2375 527 2706 598; x_wconf 73' lang='lat' dir='ltr'><strong>populorum,</strong></span> <span class='ocrx_word' id='word_1_312' title='bbox 2737 526 3039 596; x_wconf 77' lang='lat' dir='ltr'><strong>Pontiﬁces,</strong></span> <span class='ocrx_word' id='word_1_313' title='bbox 3094 527 3262 598; x_wconf 76' lang='lat' dir='ltr'><strong>_/Era:</strong></span> 
     </span>
    </p>
   </div>
   <div class='ocr_carea' id='block_1_65' title="bbox 2094 595 3274 671">
    <p class='ocr_par' dir='ltr' id='par_1_65' title="bbox 2094 595 3274 671">
     <span class='ocr_line' id='line_1_66' title="bbox 2094 595 3274 671; baseline -0.003 -17"><span class='ocrx_word' id='word_1_314' title='bbox 2094 599 2280 671; x_wconf 74' lang='lat' dir='ltr'><strong>Reges,</strong></span> <span class='ocrx_word' id='word_1_315' title='bbox 2307 595 2384 654; x_wconf 65' lang='lat' dir='ltr'><strong>res</strong></span> <span class='ocrx_word' id='word_1_316' title='bbox 2412 595 2569 670; x_wconf 69' lang='lat' dir='ltr'><strong>gesta:</strong></span> <span class='ocrx_word' id='word_1_317' title='bbox 2605 608 2653 653; x_wconf 76' lang='lat' dir='ltr'><strong>et</strong></span> <span class='ocrx_word' id='word_1_318' title='bbox 2699 595 3028 652; x_wconf 75' lang='lat' dir='ltr'><strong>documenta.</strong></span> <span class='ocrx_word' id='word_1_319' title='bbox 3079 595 3274 653; x_wconf 70' lang='lat' dir='ltr'><strong>Christi</strong></span> 
     </span>
    </p>
   </div>
   <div class='ocr_carea' id='block_1_66' title="bbox 2030 816 3048 886">
    <p class='ocr_par' dir='ltr' id='par_1_66' title="bbox 2030 816 3048 886">
     <span class='ocr_line' id='line_1_67' title="bbox 2030 816 3048 886; baseline -0.004 -12"><span class='ocrx_word' id='word_1_320' title='bbox 2030 827 2084 874; x_wconf 89' lang='lat' dir='ltr'><strong>et</strong></span> <span class='ocrx_word' id='word_1_321' title='bbox 2133 817 2379 880; x_wconf 69' lang='lat' dir='ltr'><strong>Baeticos,</strong></span> <span class='ocrx_word' id='word_1_322' title='bbox 2426 817 2696 886; x_wconf 88' lang='lat' dir='ltr'><strong>superatis</strong></span> <span class='ocrx_word' id='word_1_323' title='bbox 2754 816 2945 871; x_wconf 88' lang='lat' dir='ltr'><strong>Suevis</strong></span> <span class='ocrx_word' id='word_1_324' title='bbox 2994 827 3048 870; x_wconf 87' lang='lat' dir='ltr'><strong>et</strong></span> 
     </span>
    </p>
   </div>
   <div class='ocr_carea' id='block_1_67' title="bbox 2027 905 3045 978">
    <p class='ocr_par' dir='ltr' id='par_1_67' title="bbox 2027 905 3045 978">
     <span class='ocr_line' id='line_1_68' title="bbox 2027 905 3045 978; baseline -0.005 -14"><span class='ocrx_word' id='word_1_325' title='bbox 2027 908 2218 964; x_wconf 86' lang='lat' dir='ltr'><strong>Gothis</strong></span> <span class='ocrx_word' id='word_1_326' title='bbox 2240 907 2331 978; x_wconf 85' lang='lat' dir='ltr'><strong>qui</strong></span> <span class='ocrx_word' id='word_1_327' title='bbox 2359 908 2410 960; x_wconf 89' lang='lat' dir='ltr'><strong>in</strong></span> <span class='ocrx_word' id='word_1_328' title='bbox 2438 905 2554 973; x_wconf 87' lang='lat' dir='ltr'><strong>ejus</strong></span> <span class='ocrx_word' id='word_1_329' title='bbox 2593 905 2849 959; x_wconf 75' lang='lat' dir='ltr'><strong>auxilium</strong></span> <span class='ocrx_word' id='word_1_330' title='bbox 2879 919 3045 959; x_wconf 88' lang='lat' dir='ltr'><strong>vene-</strong></span> 
     </span>
    </p>
   </div>
   <div class='ocr_carea' id='block_1_68' title="bbox 2033 994 3046 1068">
    <p class='ocr_par' dir='ltr' id='par_1_68' title="bbox 2033 994 3046 1068">
     <span class='ocr_line' id='line_1_69' title="bbox 2033 994 3046 1068; baseline -0.005 -15"><span class='ocrx_word' id='word_1_331' title='bbox 2033 1007 2155 1053; x_wconf 87' lang='lat' dir='ltr'><strong>rant</strong></span> <span class='ocrx_word' id='word_1_332' title='bbox 2195 996 2449 1068; x_wconf 81' lang='lat' dir='ltr'><strong>profugit.</strong></span> <span class='ocrx_word' id='word_1_333' title='bbox 2497 996 2655 1050; x_wconf 83' lang='lat' dir='ltr'><strong>Suevi</strong></span> <span class='ocrx_word' id='word_1_334' title='bbox 2690 1010 2783 1050; x_wconf 87' lang='lat' dir='ltr'><strong>cas</strong></span> <span class='ocrx_word' id='word_1_335' title='bbox 2822 994 3046 1050; x_wconf 86' lang='lat' dir='ltr'><strong>Provin-</strong></span> 
     </span>
    </p>
   </div>
   <div class='ocr_carea' id='block_1_69' title="bbox 2030 1084 2923 1159">
    <p class='ocr_par' dir='ltr' id='par_1_69' title="bbox 2030 1084 2923 1159">
     <span class='ocr_line' id='line_1_70' title="bbox 2030 1084 2923 1159; baseline -0.009 -15"><span class='ocrx_word' id='word_1_336' title='bbox 2030 1090 2142 1144; x_wconf 92' lang='lat' dir='ltr'><strong>cias</strong></span> <span class='ocrx_word' id='word_1_337' title='bbox 2173 1088 2499 1159; x_wconf 67' lang='lat' dir='ltr'><strong>praedantur.</strong></span> <span class='ocrx_word' id='word_1_338' title='bbox 2532 1085 2606 1139; x_wconf 86' lang='lat' dir='ltr'><strong>lbi</strong></span> <span class='ocrx_word' id='word_1_339' title='bbox 2629 1099 2696 1139; x_wconf 85' lang='lat' dir='ltr'><strong>ex</strong></span> <span class='ocrx_word' id='word_1_340' title='bbox 2726 1084 2923 1139; x_wconf 85' lang='lat' dir='ltr'><strong>ldacio.</strong></span> 
     </span>
    </p>
   </div>
   <div class='ocr_carea' id='block_1_70' title="bbox 2099 1179 2504 1236">
    <p class='ocr_par' dir='ltr' id='par_1_70' title="bbox 2099 1179 2504 1236">
     <span class='ocr_line' id='line_1_71' title="bbox 2099 1179 2504 1236; baseline -0.01 0"><span class='ocrx_word' id='word_1_341' title='bbox 2099 1180 2295 1236; x_wconf 88' lang='lat' dir='ltr'><strong>Leonis</strong></span> <span class='ocrx_word' id='word_1_342' title='bbox 2324 1179 2356 1233; x_wconf 85' lang='lat'><strong>6</strong></span> <span class='ocrx_word' id='word_1_343' title='bbox 2381 1180 2504 1232; x_wconf 87' lang='lat' dir='ltr'><strong>et&#39;7.</strong></span> 
     </span>
    </p>
   </div>
   <div class='ocr_carea' id='block_1_71' title="bbox 2100 1268 3041 1338">
    <p class='ocr_par' dir='ltr' id='par_1_71' title="bbox 2100 1268 3041 1338">
     <span class='ocr_line' id='line_1_72' title="bbox 2100 1268 3041 1338; baseline -0.004 -13"><span class='ocrx_word' id='word_1_344' title='bbox 2100 1270 2295 1325; x_wconf 79' lang='lat' dir='ltr'><strong>Fames</strong></span> <span class='ocrx_word' id='word_1_345' title='bbox 2331 1270 2503 1324; x_wconf 80' lang='lat' dir='ltr'><strong>valida</strong></span> <span class='ocrx_word' id='word_1_346' title='bbox 2551 1268 3041 1338; x_wconf 89' lang='lat' dir='ltr'><strong>Constantinopoli,</strong></span> 
     </span>
    </p>
   </div>
   <div class='ocr_carea' id='block_1_72' title="bbox 2040 1360 3047 1432">
    <p class='ocr_par' dir='ltr' id='par_1_72' title="bbox 2040 1360 3047 1432">
     <span class='ocr_line' id='line_1_73' title="bbox 2040 1360 3047 1432; baseline -0.005 -14"><span class='ocrx_word' id='word_1_347' title='bbox 2040 1379 2104 1418; x_wconf 88' lang='lat' dir='ltr'><strong>ac</strong></span> <span class='ocrx_word' id='word_1_348' title='bbox 2134 1361 2413 1432; x_wconf 86' lang='lat' dir='ltr'><strong>Templum</strong></span> <span class='ocrx_word' id='word_1_349' title='bbox 2443 1361 2624 1430; x_wconf 70' lang='lat' dir='ltr'><strong>Regize</strong></span> <span class='ocrx_word' id='word_1_350' title='bbox 2651 1360 2894 1416; x_wconf 83' lang='lat' dir='ltr'><strong>Civitatis</strong></span> <span class='ocrx_word' id='word_1_351' title='bbox 2915 1376 3047 1416; x_wconf 53' lang='lat' dir='ltr'><strong>exn.</strong></span> 
     </span>
    </p>
   </div>
   <div class='ocr_carea' id='block_1_73' title="bbox 2037 1435 3048 1512">
    <p class='ocr_par' dir='ltr' id='par_1_73' title="bbox 2037 1435 3048 1512">
     <span class='ocr_line' id='line_1_74' title="bbox 2037 1435 3048 1512; baseline -0.005 -1"><span class='ocrx_word' id='word_1_352' title='bbox 2037 1466 2199 1512; x_wconf 91' lang='lat' dir='ltr'><strong>stum.</strong></span> <span class='ocrx_word' id='word_1_353' title='bbox 2264 1453 2535 1509; x_wconf 86' lang='lat' dir='ltr'><strong>Marcellin</strong></span> <span class='ocrx_word' id='word_1_354' title='bbox 2589 1455 2640 1508; x_wconf 91' lang='lat' dir='ltr'><strong>in</strong></span> <span class='ocrx_word' id='word_1_355' title='bbox 2691 1435 2859 1510; x_wconf 80' lang='lat' dir='ltr'><strong>chron</strong></span> <span class='ocrx_word' id='word_1_356' title='bbox 2907 1453 3048 1508; x_wconf 91' lang='lat' dir='ltr'><strong>Beda</strong></span> 
     </span>
    </p>
   </div>
   <div class='ocr_carea' id='block_1_74' title="bbox 2037 1546 3053 1605">
    <p class='ocr_par' dir='ltr' id='par_1_74' title="bbox 2037 1546 3053 1605">
     <span class='ocr_line' id='line_1_75' title="bbox 2037 1546 3053 1605; baseline -0.006 0"><span class='ocrx_word' id='word_1_357' title='bbox 2037 1549 2224 1605; x_wconf 88' lang='lat' dir='ltr'><strong>Gildas</strong></span> <span class='ocrx_word' id='word_1_358' title='bbox 2252 1547 2534 1603; x_wconf 79' lang='lat' dir='ltr'><strong>Puleheria</strong></span> <span class='ocrx_word' id='word_1_359' title='bbox 2566 1564 2594 1602; x_wconf 92' lang='lat' dir='ltr'><strong>a</strong></span> <span class='ocrx_word' id='word_1_360' title='bbox 2625 1563 2801 1602; x_wconf 91' lang='lat' dir='ltr'><strong>rerum</strong></span> <span class='ocrx_word' id='word_1_361' title='bbox 2825 1546 3053 1601; x_wconf 71' lang='lat' dir='ltr'><strong>admini-</strong></span> 
     </span>
    </p>
   </div>
   <div class='ocr_carea' id='block_1_75' title="bbox 2042 1635 3055 1707">
    <p class='ocr_par' dir='ltr' id='par_1_75' title="bbox 2042 1635 3055 1707">
     <span class='ocr_line' id='line_1_76' title="bbox 2042 1635 3055 1707; baseline -0.006 -13"><span class='ocrx_word' id='word_1_362' title='bbox 2042 1639 2306 1698; x_wconf 85' lang='lat' dir='ltr'><strong>stratione</strong></span> <span class='ocrx_word' id='word_1_363' title='bbox 2327 1645 2652 1694; x_wconf 85' lang='lat' dir='ltr'><strong>removetur.</strong></span> <span class='ocrx_word' id='word_1_364' title='bbox 2679 1635 2811 1690; x_wconf 84' lang='lat' dir='ltr'><strong>Vide</strong></span> <span class='ocrx_word' id='word_1_365' title='bbox 2834 1636 3055 1707; x_wconf 78' lang='lat' dir='ltr'><strong>Pagium</strong></span> 
     </span>
    </p>
   </div>
   <div class='ocr_carea' id='block_1_76' title="bbox 2041 1727 2854 1786">
    <p class='ocr_par' dir='ltr' id='par_1_76' title="bbox 2041 1727 2854 1786">
     <span class='ocr_line' id='line_1_77' title="bbox 2041 1727 2854 1786; baseline -0.007 -2"><span class='ocrx_word' id='word_1_366' title='bbox 2041 1729 2149 1784; x_wconf 89' lang='lat' dir='ltr'><strong>Sen</strong></span> <span class='ocrx_word' id='word_1_367' title='bbox 2187 1729 2254 1786; x_wconf 90' lang='lat' dir='ltr'><strong>ad</strong></span> <span class='ocrx_word' id='word_1_368' title='bbox 2281 1728 2423 1784; x_wconf 88' lang='lat' dir='ltr'><strong>hunc</strong></span> <span class='ocrx_word' id='word_1_369' title='bbox 2457 1743 2654 1785; x_wconf 90' lang='lat' dir='ltr'><strong>annum</strong></span> <span class='ocrx_word' id='word_1_370' title='bbox 2685 1745 2736 1781; x_wconf 92' lang='lat' dir='ltr'><strong>n.</strong></span> <span class='ocrx_word' id='word_1_371' title='bbox 2768 1727 2854 1779; x_wconf 90' lang='grc'><strong>11.</strong></span> 
     </span>
    </p>
   </div>
   <div class='ocr_carea' id='block_1_77' title="bbox 2117 2379 2522 2438">
    <p class='ocr_par' dir='ltr' id='par_1_77' title="bbox 2117 2379 2522 2438">
     <span class='ocr_line' id='line_1_78' title="bbox 2117 2379 2522 2438; baseline -0.002 -1"><span class='ocrx_word' id='word_1_372' title='bbox 2117 2383 2312 2438; x_wconf 84' lang='lat' dir='ltr'><strong>Leonis</strong></span> <span class='ocrx_word' id='word_1_373' title='bbox 2336 2383 2366 2435; x_wconf 89' lang='lat'><strong>7</strong></span> <span class='ocrx_word' id='word_1_374' title='bbox 2391 2390 2446 2434; x_wconf 87' lang='lat' dir='ltr'><strong>et</strong></span> <span class='ocrx_word' id='word_1_375' title='bbox 2470 2379 2522 2436; x_wconf 94' lang='lat'><strong>8.</strong></span> 
     </span>
    </p>
   </div>
   <div class='ocr_carea' id='block_1_78' title="bbox 2115 2463 3062 2536">
    <p class='ocr_par' dir='ltr' id='par_1_78' title="bbox 2115 2463 3062 2536">
     <span class='ocr_line' id='line_1_79' title="bbox 2115 2463 3062 2536; baseline -0.008 -10"><span class='ocrx_word' id='word_1_376' title='bbox 2115 2471 2337 2534; x_wconf 87' lang='lat' dir='ltr'><strong>Proclus</strong></span> <span class='ocrx_word' id='word_1_377' title='bbox 2430 2463 3062 2536; x_wconf 86' lang='lat' dir='ltr'><strong>Constantinopolitanus</strong></span> 
     </span>
    </p>
   </div>
   <div class='ocr_carea' id='block_1_79' title="bbox 2051 2552 3070 2618">
    <p class='ocr_par' dir='ltr' id='par_1_79' title="bbox 2051 2552 3070 2618">
     <span class='ocr_line' id='line_1_80' title="bbox 2051 2552 3070 2618; baseline -0.005 -1"><span class='ocrx_word' id='word_1_378' title='bbox 2051 2560 2365 2617; x_wconf 86' lang='lat' dir='ltr'><strong>Patriarcba</strong></span> <span class='ocrx_word' id='word_1_379' title='bbox 2389 2561 2502 2615; x_wconf 93' lang='lat' dir='ltr'><strong>obit</strong></span> <span class='ocrx_word' id='word_1_380' title='bbox 2524 2558 2844 2618; x_wconf 84' lang='lat' dir='ltr'><strong>succedente</strong></span> <span class='ocrx_word' id='word_1_381' title='bbox 2870 2554 2928 2610; x_wconf 92' lang='lat' dir='ltr'><strong>S.</strong></span> <span class='ocrx_word' id='word_1_382' title='bbox 2955 2552 3070 2612; x_wconf 79' lang='lat' dir='ltr'><strong>Fla-</strong></span> 
     </span>
    </p>
   </div>
   <div class='ocr_carea' id='block_1_80' title="bbox 2051 2650 3063 2725">
    <p class='ocr_par' dir='ltr' id='par_1_80' title="bbox 2051 2650 3063 2725">
     <span class='ocr_line' id='line_1_81' title="bbox 2051 2650 3063 2725; baseline -0.009 -16"><span class='ocrx_word' id='word_1_383' title='bbox 2051 2656 2228 2710; x_wconf 86' lang='lat' dir='ltr'><strong>viano.</strong></span> <span class='ocrx_word' id='word_1_384' title='bbox 2270 2653 2486 2725; x_wconf 73' lang='lat' dir='ltr'><strong>Pagius.</strong></span> <span class='ocrx_word' id='word_1_385' title='bbox 2523 2650 2725 2721; x_wconf 76' lang='lat' dir='ltr'><strong>Ingenti</strong></span> <span class='ocrx_word' id='word_1_386' title='bbox 2753 2654 3063 2704; x_wconf 68' lang='lat' dir='ltr'><strong>terrmmotu</strong></span> 
     </span>
    </p>
   </div>
   <div class='ocr_carea' id='block_1_81' title="bbox 2048 2735 3068 2813">
    <p class='ocr_par' dir='ltr' id='par_1_81' title="bbox 2048 2735 3068 2813">
     <span class='ocr_line' id='line_1_82' title="bbox 2048 2735 3068 2813; baseline -0.016 -8"><span class='ocrx_word' id='word_1_387' title='bbox 2048 2742 2542 2813; x_wconf 83' lang='lat' dir='ltr'><strong>Constantinopolis</strong></span> <span class='ocrx_word' id='word_1_388' title='bbox 2579 2755 2864 2800; x_wconf 77' lang='lat' dir='ltr'><strong>concussa.</strong></span> <span class='ocrx_word' id='word_1_389' title='bbox 2928 2735 3068 2792; x_wconf 80' lang='lat' dir='ltr'><strong>Mar-</strong></span> 
     </span>
    </p>
   </div>
   <div class='ocr_carea' id='block_1_82' title="bbox 2054 2827 3066 2907">
    <p class='ocr_par' dir='ltr' id='par_1_82' title="bbox 2054 2827 3066 2907">
     <span class='ocr_line' id='line_1_83' title="bbox 2054 2827 3066 2907; baseline -0.011 -15"><span class='ocrx_word' id='word_1_390' title='bbox 2054 2837 2212 2892; x_wconf 89' lang='lat' dir='ltr'><strong>cellin</strong></span> <span class='ocrx_word' id='word_1_391' title='bbox 2235 2837 2403 2893; x_wconf 90' lang='lat' dir='ltr'><strong>chron</strong></span> <span class='ocrx_word' id='word_1_392' title='bbox 2460 2834 2698 2907; x_wconf 69' lang='lat' dir='ltr'><strong>[Ianuar</strong></span> <span class='ocrx_word' id='word_1_393' title='bbox 2736 2831 2826 2894; x_wconf 78' lang='grc'><strong>26,</strong></span> <span class='ocrx_word' id='word_1_394' title='bbox 2877 2827 3066 2886; x_wconf 81' lang='lat' dir='ltr'><strong>Malala</strong></span> 
     </span>
    </p>
   </div>
   <div class='ocr_carea' id='block_1_83' title="bbox 2061 2919 2806 2996">
    <p class='ocr_par' dir='ltr' id='par_1_83' title="bbox 2061 2919 2806 2996">
     <span class='ocr_line' id='line_1_84' title="bbox 2061 2919 2806 2996; baseline -0.011 -15"><span class='ocrx_word' id='word_1_395' title='bbox 2061 2941 2113 2996; x_wconf 91' lang='lat' dir='ltr'><strong>p.</strong></span> <span class='ocrx_word' id='word_1_396' title='bbox 2145 2926 2234 2982; x_wconf 85' lang='lat'><strong>66.</strong></span> <span class='ocrx_word' id='word_1_397' title='bbox 2265 2924 2470 2995; x_wconf 83' lang='lat' dir='ltr'><strong>Niceph</strong></span> <span class='ocrx_word' id='word_1_398' title='bbox 2500 2923 2588 2978; x_wconf 76' lang='lat'><strong>25.</strong></span> <span class='ocrx_word' id='word_1_399' title='bbox 2616 2919 2806 2992; x_wconf 83' lang='lat' dir='ltr'><strong>Sept.]</strong></span> 
     </span>
    </p>
   </div>
   <div class='ocr_carea' id='block_1_84' title="bbox 2123 3008 3077 3086">
    <p class='ocr_par' dir='ltr' id='par_1_84' title="bbox 2123 3008 3077 3086">
     <span class='ocr_line' id='line_1_85' title="bbox 2123 3008 3077 3086; baseline -0.008 -14"><span class='ocrx_word' id='word_1_400' title='bbox 2123 3015 2317 3086; x_wconf 77' lang='lat' dir='ltr'><strong>Ingens</strong></span> <span class='ocrx_word' id='word_1_401' title='bbox 2400 3015 2598 3069; x_wconf 85' lang='lat' dir='ltr'><strong>bellum</strong></span> <span class='ocrx_word' id='word_1_402' title='bbox 2679 3027 2777 3084; x_wconf 89' lang='lat' dir='ltr'><strong>per</strong></span> <span class='ocrx_word' id='word_1_403' title='bbox 2857 3008 3077 3065; x_wconf 88' lang='lat' dir='ltr'><strong>Attilam</strong></span> 
     </span>
    </p>
   </div>
   <div class='ocr_carea' id='block_1_85' title="bbox 2057 3101 3071 3176">
    <p class='ocr_par' dir='ltr' id='par_1_85' title="bbox 2057 3101 3071 3176">
     <span class='ocr_line' id='line_1_86' title="bbox 2057 3101 3071 3176; baseline -0.011 -14"><span class='ocrx_word' id='word_1_404' title='bbox 2057 3105 2258 3176; x_wconf 79' lang='lat' dir='ltr'><strong>Regem</strong></span> <span class='ocrx_word' id='word_1_405' title='bbox 2285 3105 2344 3159; x_wconf 91' lang='lat' dir='ltr'><strong>h.</strong></span> <span class='ocrx_word' id='word_1_406' title='bbox 2375 3119 2426 3157; x_wconf 90' lang='lat' dir='ltr'><strong>a.</strong></span> <span class='ocrx_word' id='word_1_407' title='bbox 2459 3101 2717 3160; x_wconf 84' lang='lat' dir='ltr'><strong>inllictum</strong></span> <span class='ocrx_word' id='word_1_408' title='bbox 2743 3115 2880 3170; x_wconf 87' lang='lat' dir='ltr'><strong>pene</strong></span> <span class='ocrx_word' id='word_1_409' title='bbox 2904 3105 3071 3153; x_wconf 87' lang='lat' dir='ltr'><strong>totam</strong></span> 
     </span>
    </p>
   </div>
   <div class='ocr_carea' id='block_1_86' title="bbox 2060 3187 3070 3265">
    <p class='ocr_par' dir='ltr' id='par_1_86' title="bbox 2060 3187 3070 3265">
     <span class='ocr_line' id='line_1_87' title="bbox 2060 3187 3070 3265; baseline -0.01 -13"><span class='ocrx_word' id='word_1_410' title='bbox 2060 3197 2349 3265; x_wconf 88' lang='lat' dir='ltr'><strong>Europam,</strong></span> <span class='ocrx_word' id='word_1_411' title='bbox 2382 3195 2580 3249; x_wconf 82' lang='lat' dir='ltr'><strong>excisis</strong></span> <span class='ocrx_word' id='word_1_412' title='bbox 2607 3192 2917 3260; x_wconf 86' lang='lat' dir='ltr'><strong>invasisque</strong></span> <span class='ocrx_word' id='word_1_413' title='bbox 2942 3187 3070 3246; x_wconf 84' lang='lat' dir='ltr'><strong>civi-</strong></span> 
     </span>
    </p>
   </div>
   <div class='ocr_carea' id='block_1_87' title="bbox 2061 3276 3068 3353">
    <p class='ocr_par' dir='ltr' id='par_1_87' title="bbox 2061 3276 3068 3353">
     <span class='ocr_line' id='line_1_88' title="bbox 2061 3276 3068 3353; baseline -0.011 -12"><span class='ocrx_word' id='word_1_414' title='bbox 2061 3286 2262 3345; x_wconf 86' lang='lat' dir='ltr'><strong>tatibus</strong></span> <span class='ocrx_word' id='word_1_415' title='bbox 2311 3294 2472 3353; x_wconf 84' lang='lat' dir='ltr'><strong>atque</strong></span> <span class='ocrx_word' id='word_1_416' title='bbox 2528 3280 2760 3338; x_wconf 88' lang='lat' dir='ltr'><strong>castellis</strong></span> <span class='ocrx_word' id='word_1_417' title='bbox 2813 3276 3068 3334; x_wconf 85' lang='lat' dir='ltr'><strong>conrasit.</strong></span> 
     </span>
    </p>
   </div>
   <div class='ocr_carea' id='block_1_88' title="bbox 2058 3366 3076 3443">
    <p class='ocr_par' dir='ltr' id='par_1_88' title="bbox 2058 3366 3076 3443">
     <span class='ocr_line' id='line_1_89' title="bbox 2058 3366 3076 3443; baseline -0.01 -11"><span class='ocrx_word' id='word_1_418' title='bbox 2058 3376 2220 3432; x_wconf 84' lang='lat' dir='ltr'><strong>Attila</strong></span> <span class='ocrx_word' id='word_1_419' title='bbox 2244 3375 2358 3430; x_wconf 80' lang='lat' dir='ltr'><strong>Rex</strong></span> <span class='ocrx_word' id='word_1_420' title='bbox 2387 3388 2558 3443; x_wconf 84' lang='lat' dir='ltr'><strong>usque</strong></span> <span class='ocrx_word' id='word_1_421' title='bbox 2584 3372 2650 3427; x_wconf 92' lang='lat' dir='ltr'><strong>ad</strong></span> <span class='ocrx_word' id='word_1_422' title='bbox 2678 3366 3076 3438; x_wconf 85' lang='lat' dir='ltr'><strong>Thermopolim</strong></span> 
     </span>
    </p>
   </div>
   <div class='ocr_carea' id='block_1_89' title="bbox 2063 3456 3076 3524">
    <p class='ocr_par' dir='ltr' id='par_1_89' title="bbox 2063 3456 3076 3524">
     <span class='ocr_line' id='line_1_90' title="bbox 2063 3456 3076 3524; baseline -0.014 -1"><span class='ocrx_word' id='word_1_423' title='bbox 2063 3469 2118 3524; x_wconf 91' lang='lat' dir='ltr'><strong>h.</strong></span> <span class='ocrx_word' id='word_1_424' title='bbox 2169 3484 2218 3522; x_wconf 91' lang='lat' dir='ltr'><strong>a.</strong></span> <span class='ocrx_word' id='word_1_425' title='bbox 2273 3466 2500 3522; x_wconf 80' lang='lat' dir='ltr'><strong>infestus</strong></span> <span class='ocrx_word' id='word_1_426' title='bbox 2543 3461 2776 3520; x_wconf 83' lang='lat' dir='ltr'><strong>advenit.</strong></span> <span class='ocrx_word' id='word_1_427' title='bbox 2801 3456 3076 3516; x_wconf 71' lang='lat' dir='ltr'><strong>Marcellini</strong></span> 
     </span>
    </p>
   </div>
   <div class='ocr_carea' id='block_1_90' title="bbox 2063 3560 2756 3616">
    <p class='ocr_par' dir='ltr' id='par_1_90' title="bbox 2063 3560 2756 3616">
     <span class='ocr_line' id='line_1_91' title="bbox 2063 3560 2756 3616; baseline -0.022 -2"><span class='ocrx_word' id='word_1_428' title='bbox 2063 3560 2253 3616; x_wconf 90' lang='lat' dir='ltr'><strong>chron.</strong></span> <span class='ocrx_word' id='word_1_429' title='bbox 2754 3597 2756 3599; x_wconf 71' lang='grc'><strong>,</strong></span> 
     </span>
    </p>
   </div>
   <div class='ocr_carea' id='block_1_91' title="bbox 2131 3641 3078 3720">
    <p class='ocr_par' dir='ltr' id='par_1_91' title="bbox 2131 3641 3078 3720">
     <span class='ocr_line' id='line_1_92' title="bbox 2131 3641 3078 3720; baseline -0.014 -14"><span class='ocrx_word' id='word_1_430' title='bbox 2131 3651 2239 3706; x_wconf 88' lang='lat' dir='ltr'><strong>Leo</strong></span> <span class='ocrx_word' id='word_1_431' title='bbox 2260 3649 2482 3720; x_wconf 81' lang='lat' dir='ltr'><strong>Magnus</strong></span> <span class='ocrx_word' id='word_1_432' title='bbox 2503 3648 2567 3702; x_wconf 87' lang='lat' dir='ltr'><strong>ad</strong></span> <span class='ocrx_word' id='word_1_433' title='bbox 2589 3645 2901 3704; x_wconf 72' lang='lat' dir='ltr'><strong>Ianuarium</strong></span> <span class='ocrx_word' id='word_1_434' title='bbox 2915 3641 3078 3711; x_wconf 86' lang='lat' dir='ltr'><strong>Aqui-</strong></span> 
     </span>
    </p>
   </div>
   <div class='ocr_carea' id='block_1_92' title="bbox 2064 3730 3086 3806">
    <p class='ocr_par' dir='ltr' id='par_1_92' title="bbox 2064 3730 3086 3806">
     <span class='ocr_line' id='line_1_93' title="bbox 2064 3730 3086 3806; baseline -0.008 -12"><span class='ocrx_word' id='word_1_435' title='bbox 2064 3742 2349 3806; x_wconf 86' lang='lat' dir='ltr'><strong>leiensem,</strong></span> <span class='ocrx_word' id='word_1_436' title='bbox 2389 3749 2445 3795; x_wconf 90' lang='lat' dir='ltr'><strong>et</strong></span> <span class='ocrx_word' id='word_1_437' title='bbox 2486 3739 2553 3792; x_wconf 85' lang='lat' dir='ltr'><strong>ad</strong></span> <span class='ocrx_word' id='word_1_438' title='bbox 2599 3735 2920 3804; x_wconf 87' lang='lat' dir='ltr'><strong>Septimium</strong></span> <span class='ocrx_word' id='word_1_439' title='bbox 2949 3730 3086 3786; x_wconf 87' lang='lat' dir='ltr'><strong>Alti-</strong></span> 
     </span>
    </p>
   </div>
   <div class='ocr_carea' id='block_1_93' title="bbox 2065 3823 3080 3896">
    <p class='ocr_par' dir='ltr' id='par_1_93' title="bbox 2065 3823 3080 3896">
     <span class='ocr_line' id='line_1_94' title="bbox 2065 3823 3080 3896; baseline -0.011 -10"><span class='ocrx_word' id='word_1_440' title='bbox 2065 3846 2293 3886; x_wconf 89' lang='lat' dir='ltr'><strong>ncnsem</strong></span> <span class='ocrx_word' id='word_1_441' title='bbox 2320 3829 2563 3884; x_wconf 87' lang='lat' dir='ltr'><strong>scribens</strong></span> <span class='ocrx_word' id='word_1_442' title='bbox 2587 3825 2930 3896; x_wconf 81' lang='lat' dir='ltr'><strong>Pelagianam</strong></span> <span class='ocrx_word' id='word_1_443' title='bbox 2968 3823 3080 3876; x_wconf 68' lang='lat' dir='ltr'><strong>hce-</strong></span> 
     </span>
    </p>
   </div>
   <div class='ocr_carea' id='block_1_94' title="bbox 2063 3913 3079 3984">
    <p class='ocr_par' dir='ltr' id='par_1_94' title="bbox 2063 3913 3079 3984">
     <span class='ocr_line' id='line_1_95' title="bbox 2063 3913 3079 3984; baseline -0.008 -6"><span class='ocrx_word' id='word_1_444' title='bbox 2063 3922 2224 3978; x_wconf 87' lang='lat' dir='ltr'><strong>resim</strong></span> <span class='ocrx_word' id='word_1_445' title='bbox 2243 3919 2522 3975; x_wconf 86' lang='lat' dir='ltr'><strong>subvertit.</strong></span> <span class='ocrx_word' id='word_1_446' title='bbox 2538 3916 2670 3972; x_wconf 87' lang='lat' dir='ltr'><strong>Vide</strong></span> <span class='ocrx_word' id='word_1_447' title='bbox 2685 3917 2846 3974; x_wconf 87' lang='lat' dir='ltr'><strong>etiam</strong></span> <span class='ocrx_word' id='word_1_448' title='bbox 2862 3913 3079 3984; x_wconf 77' lang='lat' dir='ltr'><strong>Pagium</strong></span> 
     </span>
    </p>
   </div>
   <div class='ocr_carea' id='block_1_95' title="bbox 2064 4011 2986 4078">
    <p class='ocr_par' dir='ltr' id='par_1_95' title="bbox 2064 4011 2986 4078">
     <span class='ocr_line' id='line_1_96' title="bbox 2064 4011 2986 4078; baseline -0.011 -6"><span class='ocrx_word' id='word_1_449' title='bbox 2064 4016 2193 4072; x_wconf 88' lang='lat' dir='ltr'><strong>Sen.</strong></span> <span class='ocrx_word' id='word_1_450' title='bbox 2225 4015 2292 4069; x_wconf 87' lang='lat' dir='ltr'><strong>ad</strong></span> <span class='ocrx_word' id='word_1_451' title='bbox 2319 4014 2375 4069; x_wconf 94' lang='lat' dir='ltr'><strong>h.</strong></span> <span class='ocrx_word' id='word_1_452' title='bbox 2406 4028 2482 4078; x_wconf 88' lang='lat' dir='ltr'><strong>a.,</strong></span> <span class='ocrx_word' id='word_1_453' title='bbox 2513 4027 2664 4066; x_wconf 89' lang='lat' dir='ltr'><strong>num.</strong></span> <span class='ocrx_word' id='word_1_454' title='bbox 2693 4011 2727 4067; x_wconf 83' lang='lat'><strong>5</strong></span> <span class='ocrx_word' id='word_1_455' title='bbox 2751 4018 2806 4065; x_wconf 88' lang='lat' dir='ltr'><strong>et</strong></span> <span class='ocrx_word' id='word_1_456' title='bbox 2835 4023 2986 4077; x_wconf 81' lang='lat' dir='ltr'><strong>seqq.</strong></span> 
     </span>
    </p>
   </div>
   <div class='ocr_carea' id='block_1_96' title="bbox 2136 4105 2570 4164">
    <p class='ocr_par' dir='ltr' id='par_1_96' title="bbox 2136 4105 2570 4164">
     <span class='ocr_line' id='line_1_97' title="bbox 2136 4105 2570 4164; baseline -0.014 0"><span class='ocrx_word' id='word_1_457' title='bbox 2136 4109 2335 4164; x_wconf 88' lang='lat' dir='ltr'><strong>Leonis</strong></span> <span class='ocrx_word' id='word_1_458' title='bbox 2371 4109 2404 4163; x_wconf 91' lang='lat'><strong>8</strong></span> <span class='ocrx_word' id='word_1_459' title='bbox 2431 4114 2488 4162; x_wconf 87' lang='lat' dir='ltr'><strong>et</strong></span> <span class='ocrx_word' id='word_1_460' title='bbox 2516 4105 2570 4160; x_wconf 83' lang='lat'><strong>9.</strong></span> 
     </span>
    </p>
   </div>
   <div class='ocr_carea' id='block_1_97' title="bbox 2133 4189 3085 4262">
    <p class='ocr_par' dir='ltr' id='par_1_97' title="bbox 2133 4189 3085 4262">
     <span class='ocr_line' id='line_1_98' title="bbox 2133 4189 3085 4262; baseline -0.016 -4"><span class='ocrx_word' id='word_1_461' title='bbox 2133 4200 2432 4259; x_wconf 88' lang='lat' dir='ltr'><strong>Concilium</strong></span> <span class='ocrx_word' id='word_1_462' title='bbox 2531 4189 3085 4262; x_wconf 77' lang='lat' dir='ltr'><strong>ConstantinOpolita-</strong></span> 
     </span>
    </p>
   </div>
   <div class='ocr_carea' id='block_1_98' title="bbox 2066 4282 3090 4362">
    <p class='ocr_par' dir='ltr' id='par_1_98' title="bbox 2066 4282 3090 4362">
     <span class='ocr_line' id='line_1_99' title="bbox 2066 4282 3090 4362; baseline -0.01 -14"><span class='ocrx_word' id='word_1_463' title='bbox 2066 4309 2193 4348; x_wconf 88' lang='lat' dir='ltr'><strong>num</strong></span> <span class='ocrx_word' id='word_1_464' title='bbox 2231 4292 2395 4362; x_wconf 75' lang='lat' dir='ltr'><strong>cmpit</strong></span> <span class='ocrx_word' id='word_1_465' title='bbox 2431 4305 2484 4343; x_wconf 74' lang='grc' dir='ltr'><strong>γι</strong></span> <span class='ocrx_word' id='word_1_466' title='bbox 2524 4287 2601 4343; x_wconf 89' lang='lat' dir='ltr'><strong>ld.</strong></span> <span class='ocrx_word' id='word_1_467' title='bbox 2634 4286 2904 4341; x_wconf 80' lang='lat' dir='ltr'><strong>Novembr</strong></span> <span class='ocrx_word' id='word_1_468' title='bbox 2939 4292 2998 4336; x_wconf 91' lang='lat' dir='ltr'><strong>ut</strong></span> <span class='ocrx_word' id='word_1_469' title='bbox 3037 4282 3090 4338; x_wconf 92' lang='lat' dir='ltr'><strong>in</strong></span> 
     </span>
    </p>
   </div>
   <div class='ocr_carea' id='block_1_99' title="bbox 2069 4377 3091 4448">
    <p class='ocr_par' dir='ltr' id='par_1_99' title="bbox 2069 4377 3091 4448">
     <span class='ocr_line' id='line_1_100' title="bbox 2069 4377 3091 4448; baseline -0.013 -6"><span class='ocrx_word' id='word_1_470' title='bbox 2069 4389 2188 4448; x_wconf 83' lang='lat' dir='ltr'><strong>Act.</strong></span> <span class='ocrx_word' id='word_1_471' title='bbox 2217 4404 2233 4441; x_wconf 88' lang='grc' dir='ltr'>ι</span> <span class='ocrx_word' id='word_1_472' title='bbox 2261 4384 2585 4441; x_wconf 87' lang='lat' dir='ltr'><strong>Chalcedon.</strong></span> <span class='ocrx_word' id='word_1_473' title='bbox 2616 4380 2673 4436; x_wconf 83' lang='lat' dir='ltr'><strong>In</strong></span> <span class='ocrx_word' id='word_1_474' title='bbox 2706 4379 2796 4435; x_wconf 91' lang='lat' dir='ltr'><strong>illo</strong></span> <span class='ocrx_word' id='word_1_475' title='bbox 2819 4377 3091 4447; x_wconf 77' lang='lat' dir='ltr'><strong>Eutychos</strong></span> 
     </span>
    </p>
   </div>
   <div class='ocr_carea' id='block_1_100' title="bbox 2073 4467 3094 4533">
    <p class='ocr_par' dir='ltr' id='par_1_100' title="bbox 2073 4467 3094 4533">
     <span class='ocr_line' id='line_1_101' title="bbox 2073 4467 3094 4533; baseline -0.013 0"><span class='ocrx_word' id='word_1_476' title='bbox 2073 4480 2341 4533; x_wconf 68' lang='lat' dir='ltr'><strong>hazreseos</strong></span> <span class='ocrx_word' id='word_1_477' title='bbox 2369 4474 2649 4531; x_wconf 85' lang='lat' dir='ltr'><strong>convictus</strong></span> <span class='ocrx_word' id='word_1_478' title='bbox 2679 4477 2966 4526; x_wconf 88' lang='lat' dir='ltr'><strong>accusante</strong></span> <span class='ocrx_word' id='word_1_479' title='bbox 2989 4467 3094 4521; x_wconf 82' lang='lat' dir='ltr'><strong>Eu—</strong></span> 
     </span>
    </p>
   </div>
   <div class='ocr_carea' id='block_1_101' title="bbox 2073 4561 3096 4639">
    <p class='ocr_par' dir='ltr' id='par_1_101' title="bbox 2073 4561 3096 4639">
     <span class='ocr_line' id='line_1_102' title="bbox 2073 4561 3096 4639; baseline -0.013 -13"><span class='ocrx_word' id='word_1_480' title='bbox 2073 4570 2220 4626; x_wconf 86' lang='lat' dir='ltr'><strong>sebio</strong></span> <span class='ocrx_word' id='word_1_481' title='bbox 2244 4567 2466 4639; x_wconf 72' lang='lat' dir='ltr'><strong>Dorylaei</strong></span> <span class='ocrx_word' id='word_1_482' title='bbox 2491 4566 2762 4635; x_wconf 87' lang='lat' dir='ltr'><strong>episcopo.</strong></span> <span class='ocrx_word' id='word_1_483' title='bbox 2786 4561 2922 4618; x_wconf 87' lang='lat' dir='ltr'><strong>Vide</strong></span> <span class='ocrx_word' id='word_1_484' title='bbox 2943 4567 3096 4614; x_wconf 89' lang='lat' dir='ltr'><strong>notas</strong></span> 
     </span>
    </p>
   </div>
   <div class='ocr_carea' id='block_1_102' title="bbox 2078 4653 3096 4722">
    <p class='ocr_par' dir='ltr' id='par_1_102' title="bbox 2078 4653 3096 4722">
     <span class='ocr_line' id='line_1_103' title="bbox 2078 4653 3096 4722; baseline -0.011 -8"><span class='ocrx_word' id='word_1_485' title='bbox 2078 4661 2143 4716; x_wconf 90' lang='lat' dir='ltr'><strong>ad</strong></span> <span class='ocrx_word' id='word_1_486' title='bbox 2159 4660 2412 4714; x_wconf 78' lang='lat' dir='ltr'><strong>Leonem.</strong></span> <span class='ocrx_word' id='word_1_487' title='bbox 2441 4658 2638 4712; x_wconf 86' lang='lat' dir='ltr'><strong>Eodem</strong></span> <span class='ocrx_word' id='word_1_488' title='bbox 2654 4668 2795 4710; x_wconf 89' lang='lat' dir='ltr'><strong>anno</strong></span> <span class='ocrx_word' id='word_1_489' title='bbox 2815 4653 2898 4709; x_wconf 90' lang='lat' dir='ltr'><strong>bis</strong></span> <span class='ocrx_word' id='word_1_490' title='bbox 2913 4659 3096 4722; x_wconf 88' lang='lat' dir='ltr'><strong>postn-</strong></span> 
     </span>
    </p>
   </div>
   <div class='ocr_carea' id='block_1_103' title="bbox 2074 4743 3096 4805">
    <p class='ocr_par' dir='ltr' id='par_1_103' title="bbox 2074 4743 3096 4805">
     <span class='ocr_line' id='line_1_104' title="bbox 2074 4743 3096 4805; baseline -0.009 0"><span class='ocrx_word' id='word_1_491' title='bbox 2074 4751 2215 4805; x_wconf 86' lang='lat' dir='ltr'><strong>latns</strong></span> <span class='ocrx_word' id='word_1_492' title='bbox 2240 4750 2360 4804; x_wconf 90' lang='lat' dir='ltr'><strong>lbas</strong></span> <span class='ocrx_word' id='word_1_493' title='bbox 2380 4749 2686 4803; x_wconf 84' lang='lat' dir='ltr'><strong>Edesscnus</strong></span> <span class='ocrx_word' id='word_1_494' title='bbox 2707 4745 2792 4800; x_wconf 85' lang='lat' dir='ltr'><strong>his</strong></span> <span class='ocrx_word' id='word_1_495' title='bbox 2819 4743 3096 4798; x_wconf 82' lang='lat' dir='ltr'><strong>absolutus</strong></span> 
     </span>
    </p>
   </div>
   <div class='ocr_carea' id='block_1_104' title="bbox 2075 4833 3098 4913">
    <p class='ocr_par' dir='ltr' id='par_1_104' title="bbox 2075 4833 3098 4913">
     <span class='ocr_line' id='line_1_105' title="bbox 2075 4833 3098 4913; baseline -0.012 -15"><span class='ocrx_word' id='word_1_496' title='bbox 2075 4854 2206 4898; x_wconf 87' lang='lat' dir='ltr'><strong>est:</strong></span> <span class='ocrx_word' id='word_1_497' title='bbox 2264 4843 2495 4913; x_wconf 92' lang='lat' dir='ltr'><strong>primum</strong></span> <span class='ocrx_word' id='word_1_498' title='bbox 2548 4837 2677 4909; x_wconf 85' lang='lat' dir='ltr'><strong>Tyri</strong></span> <span class='ocrx_word' id='word_1_499' title='bbox 2726 4850 2910 4890; x_wconf 90' lang='lat' dir='ltr'><strong>mense</strong></span> <span class='ocrx_word' id='word_1_500' title='bbox 2955 4833 3098 4888; x_wconf 88' lang='lat' dir='ltr'><strong>Febr</strong></span> 
     </span>
    </p>
   </div>
   <div class='ocr_carea' id='block_1_105' title="bbox 2077 4926 3096 5003">
    <p class='ocr_par' dir='ltr' id='par_1_105' title="bbox 2077 4926 3096 5003">
     <span class='ocr_line' id='line_1_106' title="bbox 2077 4926 3096 5003; baseline -0.011 -12"><span class='ocrx_word' id='word_1_501' title='bbox 2077 4937 2269 4992; x_wconf 88' lang='lat' dir='ltr'><strong>deinde</strong></span> <span class='ocrx_word' id='word_1_502' title='bbox 2327 4933 2503 5003; x_wconf 88' lang='lat' dir='ltr'><strong>Beryti</strong></span> <span class='ocrx_word' id='word_1_503' title='bbox 2567 4943 2752 4987; x_wconf 86' lang='lat' dir='ltr'><strong>mense</strong></span> <span class='ocrx_word' id='word_1_504' title='bbox 2809 4926 3096 4997; x_wconf 84' lang='lat' dir='ltr'><strong>Septembr</strong></span> 
     </span>
    </p>
   </div>
   <div class='ocr_carea' id='block_1_106' title="bbox 2079 5015 3091 5082">
    <p class='ocr_par' dir='ltr' id='par_1_106' title="bbox 2079 5015 3091 5082">
     <span class='ocr_line' id='line_1_107' title="bbox 2079 5015 3091 5082; baseline -0.012 0"><span class='ocrx_word' id='word_1_505' title='bbox 2079 5027 2244 5082; x_wconf 88' lang='lat' dir='ltr'><strong>Petav</strong></span> <span class='ocrx_word' id='word_1_506' title='bbox 2270 5041 2337 5080; x_wconf 85' lang='lat' dir='ltr'><strong>ex</strong></span> <span class='ocrx_word' id='word_1_507' title='bbox 2364 5024 2512 5078; x_wconf 84' lang='lat' dir='ltr'><strong>Actis</strong></span> <span class='ocrx_word' id='word_1_508' title='bbox 2541 5019 2722 5076; x_wconf 90' lang='lat' dir='ltr'><strong>Concil</strong></span> <span class='ocrx_word' id='word_1_509' title='bbox 2764 5015 3091 5073; x_wconf 76' lang='lat' dir='ltr'><strong>Chalcedon.</strong></span> 
     </span>
    </p>
   </div>
   <div class='ocr_carea' id='block_1_107' title="bbox 2081 5107 2830 5173">
    <p class='ocr_par' dir='ltr' id='par_1_107' title="bbox 2081 5107 2830 5173">
     <span class='ocr_line' id='line_1_108' title="bbox 2081 5107 2830 5173; baseline -0.02 0"><span class='ocrx_word' id='word_1_510' title='bbox 2081 5119 2213 5173; x_wconf 86' lang='lat' dir='ltr'><strong>Vide</strong></span> <span class='ocrx_word' id='word_1_511' title='bbox 2240 5122 2394 5170; x_wconf 89' lang='lat' dir='ltr'><strong>notas</strong></span> <span class='ocrx_word' id='word_1_512' title='bbox 2419 5113 2485 5168; x_wconf 86' lang='lat' dir='ltr'><strong>ad</strong></span> <span class='ocrx_word' id='word_1_513' title='bbox 2507 5111 2738 5165; x_wconf 78' lang='lat' dir='ltr'><strong>Leonem</strong></span> <span class='ocrx_word' id='word_1_514' title='bbox 2764 5107 2830 5160; x_wconf 83' lang='grc' dir='ltr'><strong>Μ.</strong></span> 
     </span>
    </p>
   </div>
   <div class='ocr_carea' id='block_1_108' title="bbox 2150 5197 3100 5267">
    <p class='ocr_par' dir='ltr' id='par_1_108' title="bbox 2150 5197 3100 5267">
     <span class='ocr_line' id='line_1_109' title="bbox 2150 5197 3100 5267; baseline -0.015 -3"><span class='ocrx_word' id='word_1_515' title='bbox 2150 5206 2433 5265; x_wconf 83' lang='lat' dir='ltr'><strong>Provincia</strong></span> <span class='ocrx_word' id='word_1_516' title='bbox 2457 5203 2606 5259; x_wconf 86' lang='lat' dir='ltr'><strong>India</strong></span> <span class='ocrx_word' id='word_1_517' title='bbox 2631 5197 2930 5255; x_wconf 86' lang='lat' dir='ltr'><strong>Theodosio</strong></span> <span class='ocrx_word' id='word_1_518' title='bbox 2950 5197 3100 5267; x_wconf 85' lang='lat' dir='ltr'><strong>prin-</strong></span> 
     </span>
    </p>
   </div>
   <div class='ocr_carea' id='block_1_109' title="bbox 2078 5290 3099 5369">
    <p class='ocr_par' dir='ltr' id='par_1_109' title="bbox 2078 5290 3099 5369">
     <span class='ocr_line' id='line_1_110' title="bbox 2078 5290 3099 5369; baseline -0.011 -16"><span class='ocrx_word' id='word_1_519' title='bbox 2078 5299 2184 5369; x_wconf 86' lang='lat' dir='ltr'><strong>cipi</strong></span> <span class='ocrx_word' id='word_1_520' title='bbox 2215 5297 2393 5368; x_wconf 81' lang='lat' dir='ltr'><strong>tigrim</strong></span> <span class='ocrx_word' id='word_1_521' title='bbox 2434 5294 2691 5350; x_wconf 89' lang='lat' dir='ltr'><strong>domitam</strong></span> <span class='ocrx_word' id='word_1_522' title='bbox 2737 5290 2835 5359; x_wconf 83' lang='lat' dir='ltr'><strong>pro</strong></span> <span class='ocrx_word' id='word_1_523' title='bbox 2875 5300 3099 5342; x_wconf 85' lang='lat' dir='ltr'><strong>munere</strong></span> 
     </span>
    </p>
   </div>
   <div class='ocr_carea' id='block_1_110' title="bbox 2086 5385 2764 5447">
    <p class='ocr_par' dir='ltr' id='par_1_110' title="bbox 2086 5385 2764 5447">
     <span class='ocr_line' id='line_1_111' title="bbox 2086 5385 2764 5447; baseline -0.016 0"><span class='ocrx_word' id='word_1_524' title='bbox 2086 5391 2249 5447; x_wconf 88' lang='lat' dir='ltr'><strong>misit.</strong></span> <span class='ocrx_word' id='word_1_525' title='bbox 2275 5385 2548 5443; x_wconf 81' lang='lat' dir='ltr'><strong>Marcellin</strong></span> <span class='ocrx_word' id='word_1_526' title='bbox 2573 5385 2764 5440; x_wconf 89' lang='lat' dir='ltr'><strong>chron.</strong></span> 
     </span>
    </p>
   </div>
   <div class='ocr_carea' id='block_1_111' title="bbox 2159 5468 3099 5537">
    <p class='ocr_par' dir='ltr' id='par_1_111' title="bbox 2159 5468 3099 5537">
     <span class='ocr_line' id='line_1_112' title="bbox 2159 5468 3099 5537; baseline -0.016 0"><span class='ocrx_word' id='word_1_527' title='bbox 2159 5482 2217 5537; x_wconf 92' lang='lat' dir='ltr'><strong>S.</strong></span> <span class='ocrx_word' id='word_1_528' title='bbox 2283 5479 2586 5535; x_wconf 87' lang='lat' dir='ltr'><strong>Germanus</strong></span> <span class='ocrx_word' id='word_1_529' title='bbox 2639 5468 3099 5528; x_wconf 85' lang='lat' dir='ltr'><strong>Antisiodorensis</strong></span> 
     </span>
    </p>
   </div>
   <div class='ocr_carea' id='block_1_112' title="bbox 2085 5555 3097 5644">
    <p class='ocr_par' dir='ltr' id='par_1_112' title="bbox 2085 5555 3097 5644">
     <span class='ocr_line' id='line_1_113' title="bbox 2085 5555 3097 5644; baseline -0.019 -15"><span class='ocrx_word' id='word_1_530' title='bbox 2085 5573 2370 5644; x_wconf 89' lang='lat' dir='ltr'><strong>cpiscopus</strong></span> <span class='ocrx_word' id='word_1_531' title='bbox 2389 5566 2501 5623; x_wconf 88' lang='lat' dir='ltr'><strong>obit</strong></span> <span class='ocrx_word' id='word_1_532' title='bbox 2519 5564 2810 5620; x_wconf 69' lang='lat' dir='ltr'><strong>Ravennm.</strong></span> <span class='ocrx_word' id='word_1_533' title='bbox 2835 5559 2970 5614; x_wconf 87' lang='lat' dir='ltr'><strong>Vide</strong></span> <span class='ocrx_word' id='word_1_534' title='bbox 2990 5555 3097 5611; x_wconf 84' lang='lat' dir='ltr'><strong>No-</strong></span> 
     </span>
    </p>
   </div>
   <div class='ocr_carea' id='block_1_113' title="bbox 2087 5651 3006 5728">
    <p class='ocr_par' dir='ltr' id='par_1_113' title="bbox 2087 5651 3006 5728">
     <span class='ocr_line' id='line_1_114' title="bbox 2087 5651 3006 5728; baseline -0.02 -7"><span class='ocrx_word' id='word_1_535' title='bbox 2087 5665 2274 5722; x_wconf 89' lang='lat' dir='ltr'><strong>risium</strong></span> <span class='ocrx_word' id='word_1_536' title='bbox 2298 5662 2407 5718; x_wconf 90' lang='lat' dir='ltr'><strong>hist</strong></span> <span class='ocrx_word' id='word_1_537' title='bbox 2436 5657 2628 5728; x_wconf 66' lang='lat' dir='ltr'><strong>Paiug.</strong></span> <span class='ocrx_word' id='word_1_538' title='bbox 2654 5655 2727 5713; x_wconf 83' lang='lat' dir='ltr'><strong>iib</strong></span> <span class='ocrx_word' id='word_1_539' title='bbox 2754 5671 2812 5720; x_wconf 91' lang='lat' dir='ltr'><strong>n,</strong></span> <span class='ocrx_word' id='word_1_540' title='bbox 2837 5668 2885 5709; x_wconf 93' lang='lat' dir='ltr'><strong>c.</strong></span> <span class='ocrx_word' id='word_1_541' title='bbox 2920 5651 3006 5706; x_wconf 67' lang='lat'><strong>12.</strong></span> 
     </span>
    </p>
   </div>
   <div class='ocr_carea' id='block_1_114' title="bbox 3141 1177 3245 1230">
    <p class='ocr_par' dir='ltr' id='par_1_114' title="bbox 3141 1177 3245 1230">
     <span class='ocr_line' id='line_1_115' title="bbox 3141 1177 3245 1230; baseline 0 0"><span class='ocrx_word' id='word_1_542' title='bbox 3141 1177 3245 1230; x_wconf 73' lang='grc'><strong>-146</strong></span> 
     </span>
    </p>
   </div>
   <div class='ocr_carea' id='block_1_115' title="bbox 3153 2368 3279 2424">
    <p class='ocr_par' dir='ltr' id='par_1_115' title="bbox 3153 2368 3279 2424">
     <span class='ocr_line' id='line_1_116' title="bbox 3153 2368 3279 2424; baseline -0.016 0"><span class='ocrx_word' id='word_1_543' title='bbox 3153 2368 3279 2424; x_wconf 70' lang='lat' dir='ltr'><strong>M7-</strong></span> 
     </span>
    </p>
   </div>
   <div class='ocr_carea' id='block_1_116' title="bbox 3174 4097 3278 4154">
    <p class='ocr_par' dir='ltr' id='par_1_116' title="bbox 3174 4097 3278 4154">
     <span class='ocr_line' id='line_1_117' title="bbox 3174 4097 3278 4154; baseline -0.01 -1"><span class='ocrx_word' id='word_1_544' title='bbox 3174 4097 3278 4154; x_wconf 68' lang='grc'><strong>448</strong></span> 
     </span>
    </p>
   </div>
  </div>
