3914 6318
73 349 160 402 72!
922 343 1264 400 CHRONOL.
1307 342 1351 398 A
1388 343 1444 399 S.
1491 344 1621 399 SYL

1676 308 1899 401 ρετιιο
1932 345 2024 402 AD
2058 345 2118 402 s.
2154 347 2361 405 GltEG.
2403 350 2470 404 ιι.
2506 309 2512 316 ’

138 457 271 512 Anni
345 437 714 525 Imperatores,
759 454 1029 521 Consules,
1099 455 1364 509 Ilomano-
1434 455 1573 525 Anni

75 527 192 581 l’er.
211 525 324 580 Jul.
415 524 551 589 rum,
582 541 659 579 res
686 536 842 595 gestu:
873 536 918 579 et
947 527 1274 580 documenta.
1454 524 1501 578 U
1524 524 1566 579 C

95 608 149 650 ἐι
189 595 310 650 Ind.
361 637 372 647 .
1459 607 1580 650 ante

1416 675 1474 736 et»
1500 674 1613 736 post

1435 733 1599 788 Ριιιὶι.

127 857 293 912 lndz'ct
352 858 445 913 Kal
506 857 657 929 Sept.
717 858 934 914 Orestes
989 858 1162 913 ﬁlium
1212 874 1366 914 suum

157 963 249 1002 xm
354 950 719 1004 Aunusruwn
751 945 1028 1002 substituit
1074 949 1360 1018 imperato-

118 1048 286 1094 etxn'.
354 1056 466 1094 rem
510 1041 628 1110 prid
670 1039 769 1093 Kal
791 1037 1125 1094 Novembris.
1160 1041 1358 1094 Chron.

342 1131 617 1200 Cuspiani.

413 1224 554 1277 Ciuis
581 1223 727 1278 Zeno
756 1224 870 1293 Aug
911 1241 948 1278 ιι
991 1225 1105 1279 sine
1133 1225 1353 1295 collega.

1791 528 1996 603 Olymp.

2031 863 2192 918 liscus
2240 863 2290 918 in
2337 877 2529 934 campo
2561 863 3041 920 Czesar'ao'clam'a~

2030 963 2118 1010 tus
2177 955 2362 1010 uxoris
2417 956 2644 1026 impulsu
2704 956 3042 1011 Timotheum

2029 1044 2276 1101 Elurum
2309 1054 2544 1110 revocat,
2583 1062 2644 1101 ac
2674 1045 2889 1100 Petrum
2921 1044 3046 1099 Ful-

2029 1133 2204 1189 lonem
2249 1150 2267 1189 :
2310 1145 2365 1189 et
2408 1135 2663 1189 Acacium
2705 1134 2809 1189 CP.
2848 1150 3047 1205 urgens

2028 1225 2094 1278 ad
2125 1226 2484 1281 damnandam
2516 1227 2793 1298 Synodum
2822 1225 3044 1282 Chalce-

2029 1315 2152 1368 don.
2180 1330 2208 1367 a
2231 1316 2426 1384 populo
2453 1317 2759 1385 impeditur.
2787 1315 3046 1386 Evagrius

2027 1403 2119 1458 lib.
2153 1421 2234 1470 ιιι,
2266 1421 2314 1460 c.
2356 1406 2388 1460 4
2430 1407 2740 1461 Timotheus
2793 1405 3051 1477 Solopha-

2025 1498 2199 1554 ciolus
2224 1499 2547 1554 Alexandria
2572 1501 2744 1558 cedit.

2095 1589 2407 1662 Ostrogothi
2443 1592 2709 1664 Illyricum
2751 1594 3035 1649 devastant

2030 1680 2392 1738 Theodomire
2421 1699 2543 1754 rege
2567 1700 2686 1738 cum
2711 1684 3047 1740 Thcodorico

1666 1809 1713 1869 Β
2028 1772 2105 1834 iii.
2163 1789 2258 1829 eos
2313 1777 2560 1836 ducente.
2615 1776 2740 1848 Pag.
2798 1776 2924 1832 Sen.
2981 1793 3048 1832 ex

418 1314 480 1368 L.
506 1315 575 1369 29
603 1315 664 1370 C.
689 1315 754 1370 de
779 1315 912 1370 iizofl‘
941 1325 1085 1381 test.,
1114 1325 1198 1371 etc
1226 1317 1364 1386 apud

343 1405 546 1460 lleland
596 1416 648 1462 et
698 1407 933 1475 Epistola
989 1407 1046 1461 S.
1101 1406 1360 1477 Simplicii

344 1511 493 1565 papae
531 1495 598 1550 ad
650 1496 1002 1560 Florentium,
1051 1506 1183 1562 etc.,
1233 1497 1356 1552 data

343 1597 468 1656 post
511 1605 640 1644 cons
666 1588 862 1645 Leonis
896 1591 1013 1660 Aug
1045 1591 1195 1660 cujus
1224 1591 1363 1646 auti-

343 1696 506 1750 quum
536 1682 813 1752 exemplar
840 1683 892 1738 in
926 1684 1024 1739 cod
1065 1693 1275 1740 monast
1302 1682 1357 1738 S.

340 1769 531 1826 Crucis
557 1773 620 1826 de
656 1770 815 1826 Urbe.

409 1863 735 1936 Augustulus
773 1864 841 1918 ab
875 1863 1063 1920 Oreste
1091 1863 1250 1918 Patre
1286 1863 1352 1918 ad

343 1955 624 2024 imperium
664 1967 943 2026 promotus
974 1957 1169 2012 dicitur
1200 1956 1362 2010 etiam
2036 1968 2194 2024 seqq.

339 2046 624 2104 Momillus.
649 2048 910 2105 Jornand.

143 2163 266 2218 5l89
410 2163 540 2233 imp.
572 2164 709 2220 (ἷξες.
765 2164 908 2220 Zeno
937 2165 1070 2236 Aug.
1106 2174 1172 2218 tr.
1217 2181 1266 2235 p.
1300 2165 1351 2229 ‘2,
1431 2164 1568 2220 1298

1833 2168 1895 2208 ιιι
2095 2151 2356 2224 Simplicii
2380 2157 2412 2211 8
2433 2164 2487 2211 et
2512 2155 2564 2211 9.

119 2254 186 2325 Θ
221 2253 254 2308 9
336 2252 532 2320 3,,cos.
567 2255 651 2309 ll.
1428 2257 1564 2320 1229
1837 2262 1889 2307 ut
2087 2247 2291 2305 Scribit
2312 2248 2620 2320 Simplicius
2648 2249 3046 2320 ad'imperato—

119 2337 185 2412 Ο
219 2344 251 2398 2
410 2346 476 2400 Et
522 2345 852 2417 Augustulus
899 2347 1108 2403 decimo
1155 2350 1367 2420 imperii
2031 2345 2200 2392 torem
2241 2339 2306 2393 de
2339 2338 2640 2394 cohibendo
2677 2339 2884 2395 IEluro.
2921 2338 3050 2392 Vide

141 2433 202 2486 D.
231 2433 292 2492 ϐ.
355 2451 538 2490 mense
572 2437 826 2508 expulsus
866 2439 932 2494 ab
971 2438 1243 2504 Onoxcne,
1273 2441 1362 2511 qui

1958 2448 1960 2451 τ
2033 2438 2189 2484 notas
2217 2431 2282 2484 ad
2311 2429 2667 2500 Simplicium.

129 2523 287 2580 ludict
345 2541 404 2580 se
439 2525 616 2581 Italia:
655 2544 820 2588 regem
852 2531 1029 2586 vocari
1066 2533 1356 2588 mandavit.
2109 2518 2252 2575 Ζυιιο
2266 2519 2482 2588 Petrum
2501 2519 2778 2576 Fullone!“
2800 2520 3049 2575 Βίιδίίίδθί

2033 2606 2295 2666 fautorem
2341 2612 2392 2666 in
2439 2613 2680 2667 ordinem
2725 2613 2940 2684 redigit,
2984 2628 3047 2666 ac

2035 2701 2216 2774 Pilyos
2258 2705 2494 2775 relegat:
2526 2707 2666 2760 unde
2712 2717 2892 2776 postea
2923 2721 3046 2776 pro-

2030 2793 2184 2866 fugit.
2255 2797 2503 2852 Attamen
2571 2799 2793 2868 perfidia
2847 2799 3055 2855 Armati

2032 2887 2274 2957 proditus
2327 2887 2614 2944 Basiliscus
2670 2889 2721 2944 in
2776 2889 3054 2960 Cappado-

2034 2979 2174 3034 ciam
2225 2980 2517 3051 relegatus,
2565 2983 2696 3036 turri
2745 2983 3053 3044 includitur,

2038 3071 2126 3128 ubi
2144 3070 2284 3127 fame
2301 3074 2459 3143 perit.
2492 3073 2696 3145 l‘rocop
2717 3076 2858 3130 thist
2882 3075 3049 3130 Vand.

2116 3165 2429 3223 Timotheus
2467 3166 2689 3225 Elurus
2726 3171 2962 3227 intrusus
3001 3172 3054 3226 in

2037 3257 2285 3313 thronum
2310 3259 2439 3314 Alex
2468 3275 2497 3314 a
2521 3263 2799 3318 monachis
2817 3263 3050 3333 pellitur.

2038 3347 2410 3419 Theophanes.
2441 3351 2723 3406 Liberatus
2739 3369 2858 3423 cap.
2885 3353 2951 3408 16
2971 3369 3056 3408 as-

2034 3440 2166 3494 serit
2223 3440 2366 3495 hunc
2428 3441 2531 3496 sibi
2597 3458 2801 3498 veneno
2862 3459 3045 3498 necem

2034 3532 2378 3588 conscivisse.
2410 3533 2758 3592 Alexandrini
2791 3535 2843 3590 in
2873 3535 3045 3590 locum

2043 3621 2215 3676 Eluri
2279 3623 2499 3678 Petrum
2548 3624 2793 3696 Moggum
2851 3628 3050 3682 substi-

345 2541 404 2580 se
439 2525 616 2581 Italia:
655 2544 820 2598 regem
852 2531 1029 2586 vocari
1066 2533 1356 2591 mandavit.

163 2631 260 2706 sl:
296 2616 312 2674 ξ
357 2650 488 2706 coss
606 2616 685 2706 ῐξΙ.
722 2618 1006 2706 Basiliscus
1036 2638 1100 2684 it.

131 2694 278 2740 etxv.
358 2689 488 2706 “"°°
605 2689 885 2744 Armatus.

413 2776 476 2832 L.
506 2779 875 2851 28,C.dejur
920 2783 1011 2839 dot
1066 2795 1170 2841 etc.
1219 2789 1358 2859 apud

342 2867 571 2926 Beland.

411 2956 654 3016 Odoacer
691 2961 1016 3021 Herulorum
1058 2983 1150 3020 rex
1199 2983 1226 3020 a
1262 2967 1364 3022 Ne-

351 3048 492 3116 potis
533 3048 831 3108 fautoribus
869 3054 922 3108 in
981 3055 1186 3110 Italiam
1225 3057 1363 3113 acci-

350 3147 438 3193 tus
473 3139 698 3198 Romam
731 3144 982 3200 obtinuit.
1012 3147 1368 3217 Augustulum
1679 3162 1728 3226 ο

350 3230 402 3283 in
451 3229 766 3292 Lucullana.
791 3235 1096 3308 Campania:
1138 3239 1372 3296 Castello

325 3317 514 3376 exsilii
544 3337 700 3393 paena
729 3326 968 3382 damnat.
1001 3329 1076 3383 Ita
1100 3329 1368 3387 Occiden-

340 3412 448 3468 tale
492 3417 730 3470 concidit
771 3419 1079 3490 imperium.
1111 3419 1366 3478 Petavius

342 3519 406 3559 ex
442 3503 771 3564 Marcellino.

415 3593 722 3653 Geisericus
748 3599 802 3653 Ιι.
831 3615 882 3654 a.
926 3612 1170 3659 mortuus
1211 3604 1363 3660 vide-

343 3696 449 3752 tur,
481 3704 603 3743 cum
653 3703 933 3762 regnasset
973 3711 1001 3748 a
1045 3704 1198 3766 capta
1229 3696 1361 3752 Car—

346 3777 560 3847 thagine
610 3795 780 3837 annos
826 3783 894 3839 59
934 3783 1083 3851 juxta
1129 3786 1356 3856 Procop.

348 3866 599 3923 Succedit
627 3869 943 3928 Hunerieus.
971 3875 1102 3930 Ibid.
1129 3875 1235 3932 Sed
1261 3876 1354 3932 Pa-

351 3960 494 4028 gius'
523 3961 652 4018 Sen.
710 3964 1004 4022 differenda
1048 3971 1162 4026 haec
1204 3980 1356 4042 putat

341 4051 405 4105 ad
437 4069 636 4109 annum
667 4069 1000 4127 sequentem.

2041 3722 2196 3767 tuunt
2225 3729 2239 3769 :
2273 3729 2431 3784 quem
2474 3715 2619 3772 Zeno
2669 3717 2872 3786 expulit
2920 3725 3056 3772 teste

2037 3805 2289 3862 Liberato
2323 3823 2386 3861 ac
2431 3809 2609 3864 Felice
2655 3811 2991 3880 papa..Epist
3020 3811 3054 3864 2

2033 3895 2218 3951 Petav.
2273 3897 2535 3967 Pleraque
2598 3913 2664 3952 ex
2720 3900 2804 3953 liis
2855 3898 3047 3970 Pagius

2033 3985 2228 4043 Senior
2274 3988 2554 4043 referenda
2600 3989 2807 4058 judicat
2852 3990 2917 4044 ad
2958 4008 3053 4044 an-

2039 4093 2164 4136 num
2195 4079 2438 4150 proxime
2459 4089 2798 4149 sequentem.

358 4256 371 4261 -
420 4166 549 4238 lmp.
583 4169 721 4261 (lges.
751 4170 896 4227 Zeno
947 4173 1064 4247 Aug
1129 4185 1192 4230 tr.
1223 4192 1280 4247 p.
1309 4177 1362 4243 ὅ,
1439 4178 1576 4235 1229
1808 4189 1960 4261 Olgm
2126 4190 2385 4261 Simplicii
2417 4192 2448 4246 9
2479 4201 2533 4246 et
2564 4193 2648 4247 lO.

114 4255 177 4354 ἑ)
216 4252 272 4309 l0
345 4256 400 4320 4,
427 4273 540 4313 cos.
570 4260 656 4316 ll.
1436 4271 1574 4328 1250

1818 4252 1924 4335 31.5
2143 4252 2399 4337 Barnabas
2450 4283 2675 4353 apostoli
2722 4298 2918 4354 corpus
2973 4285 3051 4339 in-

113 4338 211 4446 Θ,
234 4350 264 4402 5
327 4429 333 4433 ι
407 4349 570 4446 Begis
605 4347 876 4410 Odoacris
894 4357 947 4410 in
976 4356 1126 4416 Italia
1170 4361 1198 4415 1
1231 4371 1286 4416 et
1319 4361 1354 4416 2
1838 4373 1904 4427 14
2035 4381 2254 4428 ventum
2286 4373 2336 4427 in
2369 4338 2544 4446 Cypro
2575 4390 2680 4429 una
2870 4338 3045 4432 Bran-

308 4456 369 4495 ex
400 4442 470 4540 2S
498 4443 742 4540 Augusti.
1653 4491 1720 4540 In
2029 4465 2170 4537 gelio
2216 4438 2464 4522 MatthaEi-
2496 4468 2699 4537 pectori
2751 4469 3044 4540 imposito:

113 4530 268 4588 lndfct
404 4536 527 4594 Cos.
563 4537 768 4598 Nullus.
1671 4519 1728 4579 ι)

2035 4572 2140 4626 qua
2170 4558 2456 4614 occasione
2483 4558 2691 4631 Cyprus
2713 4560 3050 4617 Antiocheno

2033 4663 2121 4704 ex.
2150 4650 2515 4718 patriarchatu
2559 4661 2810 4723 exempta
2852 4651 2952 4706 fuit
2999 4660 3055 4706 et

2035 4739 2631 4811 Constantinopolitano
2653 4741 2934 4817 attributa.
2957 4740 3052 4795 Zeo

2031 4850 2121 4899 nn,
2163 4835 2389 4890 intrusis
2422 4850 2450 4889 a
2481 4835 2737 4892 Basilisco
2784 4834 3050 4906 episcopis

2031 4923 2222 4993 pulsis,
2245 4924 2552 4980 Catliolicos
2572 4925 2654 4979 vel
2677 4925 2877 4996 ejectos
2899 4924 3052 4979 resti-

2038 5014 2157 5080 tuit,
2208 5015 2294 5069 vel
2338 5026 2505 5071 novos
2547 5016 2785 5088 ordinari
2819 5014 2961 5071 fecit.
2993 5014 3049 5069 in

175 4641 235 4676 xv
401 4629 633 4696 Epistola
654 4628 914 4700 Simplicii
933 4646 1083 4701 papae
1100 4634 1165 4687 ad
1179 4634 1345 4695 Zeno.-

132 4725 172 4768 ει
207 4735 222 4773 ι
334 4737 453 4774 nem
477 4737 592 4776 Vlll.
619 4723 829 4779 ld.0ct.
848 4731 902 4778 et
925 4733 1075 4780 vetus
1100 4726 1342 4798 inscript.

331 4809 486 4864 Grut.
523 4811 686 4878 1051,
713 4813 746 4868 6
788 4815 950 4869 habet
996 4815 1121 4870 Post
1153 4814 1354 4872 Consu-

341 4903 508 4958 latum
567 4905 762 4961 iterum
813 4903 1019 4963 Armati
1063 4925 1076 4963 :
1124 4907 1354 4968 fortasse

341 4997 620 5068 legendum
650 5009 766 5056 erat
791 4999 848 5054 P.
879 5000 940 5055 C.
971 5000 1238 5074 [Basilisci
1265 5005 1356 5059 de-

342 5088 448 5144 leto
478 5090 714 5168 nomine]
743 5085 959 5147 nanum
989 5105 1043 5148 et
1063 5095 1279 5158 Anum
1306 5105 1359 5151 ct

345 5180 633 5237 Fieetvood
665 5198 781 5254 pag.
826 5184 928 5240 578
963 5187 1147 5240 eodem
1197 5189 1352 5242 modo

344 5273 588 5343 signatur
623 5273 660 5328 l.
701 5273 754 5340 9,
787 5276 907 5330 cod.
941 5277 1080 5330 unde
1121 5277 1191 5343 vi,
1223 5287 1350 5344 etc.,

343 5365 482 5438 apud
512 5365 628 5420 Rei.

413 5455 671 5512 Basilisco
731 5458 782 5512 in
839 5459 1081 5514 ordinem
1139 5462 1359 5518 redacto

343 5549 503 5605 circa.
549 5564 786 5605 mensem
842 5551 1160 5621 Angustum,
1216 5551 1360 5611 Zeno

350 5641 644 5711 imperator
675 5640 872 5698 Urbem
909 5645 1130 5716 regiam,
1165 5656 1219 5702 et
1263 5647 1365 5700 im—

346 5732 556 5802 perium
599 5745 899 5805 recuperat.
929 5735 1006 5790 Ex
1037 5737 1257 5812 Tlicopli
1311 5751 1366 5798 et

2038 5196 2160 5251 chia
2192 5205 2415 5252 exactus
2436 5206 2519 5252 est
2543 5216 2554 5252 :
2584 5206 2639 5252 et
2657 5198 2714 5257 in
2740 5197 2854 5266 ejus
2876 5197 3050 5254 locum

2041 5288 2345 5358 Stephanus
2388 5293 2726 5362 subrogatus.
2771 5291 2934 5348 Petav
2980 5307 3046 5348 ex

2033 5375 2280 5433 Cedrcno
2320 5387 2374 5432 ct
2418 5379 2743 5449 Theophane
2776 5382 2868 5451 qui
2903 5381 3049 5437 addit

2032 5468 2362 5538 Stephanum
2403 5471 2456 5526 in
2508 5471 2806 5535 Laodicena
2836 5472 3040 5546 synodo

2033 5647 2272 5720 Cnaphei
2322 5648 2620 5706 fautoribus
2645 5690 2660 5716 ,
2690 5651 3049 5714 insimulatus

2029 5740 2203 5797 fuerat
2254 5742 2519 5798 bmreseos
2563 5740 2910 5801 Nestorianze.
2939 5741 3044 5798 Pa-

2032 5107 2222 5178 primis
2290 5106 2484 5164 Petrus
2536 5107 2844 5178 Cnapheus
2881 5107 3066 5166 Antio-

3205 304 3324 406 ἄλη

1673 465 1723 522 Α
1803 459 1957 534 _A_nm'
2031 459 2808 534 Christianorumludtvorum
2834 474 2882 520 et
2918 466 3043 534 ﬁni-
3112 465 3254 518 Anni

2107 533 2351 603 timaram
2381 535 2689 602 populorum
2736 533 3034 603 Pontiﬁces,
3108 535 3262 589 Era:

2101 602 2289 672 Reges,
2324 620 2401 657 res
2427 616 2584 674 gesta:
2610 615 2654 659 et
2689 602 3019 660 documenta.
3076 604 3288 660 Clm'stt'.

2027 1863 2336 1929 Jornande,
2380 1867 2605 1937 aliisque
2649 1869 2700 1922 li.
2743 1884 2792 1921 a.
2842 1885 2894 1923 η.
2927 1867 3052 1924 6.et
3162 1921 3164 1924 .

3146 2152 3250 2208 ‘76

3162 4195 3266 4248 H7

2035 5560 2372 5619 innocentem
2421 5559 2830 5631 pronunciatum
2869 5562 2960 5634 qui
3009 5577 3040 5618 ιι
3145 5617 3150 5632 ,
