  <div class='ocr_page' id='page_1' title='image "/cluster/home/n/w/nwhite01/storage/ocr_20150623/127/hvd.32044015471683/369.png"; bbox 0 0 3914 6318; ppageno 0'>
   <div class='ocr_carea' id='block_1_1' title="bbox 578 217 3792 284">
    <p class='ocr_par' dir='ltr' id='par_1_1' title="bbox 578 217 3792 284">
     <span class='ocr_line' id='line_1_1' title="bbox 578 217 3792 284; baseline 0.004 -14"><span class='ocrx_word' id='word_1_1' title='bbox 578 217 680 270; x_wconf 66' lang='lat'><strong>7‘17</strong></span> <span class='ocrx_word' id='word_1_2' title='bbox 1294 222 1387 275; x_wconf 86' lang='lat' dir='ltr'><strong>AD</strong></span> <span class='ocrx_word' id='word_1_3' title='bbox 1424 221 1866 277; x_wconf 71' lang='lat' dir='ltr'><strong>ANASTASIL&#39;M</strong></span> <span class='ocrx_word' id='word_1_4' title='bbox 1909 222 2412 280; x_wconf 66' lang='lat' dir='ltr'><strong>l’liOLEGOMENA</strong></span> <span class='ocrx_word' id='word_1_5' title='bbox 2450 226 2626 281; x_wconf 75' lang='lat' dir='ltr'><strong>EDIT.</strong></span> <span class='ocrx_word' id='word_1_6' title='bbox 2668 227 3082 284; x_wconf 74' lang='lat' dir='ltr'><strong>ROM.-VATIC.</strong></span> <span class='ocrx_word' id='word_1_7' title='bbox 3713 230 3792 284; x_wconf 57' lang='lat'><strong>7!</strong></span> 
     </span>
    </p>
   </div>
   <div class='ocr_carea' id='block_1_2' title="bbox 633 325 3741 405">
    <p class='ocr_par' dir='ltr' id='par_1_2' title="bbox 633 325 3741 405">
     <span class='ocr_line' id='line_1_2' title="bbox 633 325 3741 405; baseline 0.003 -27"><span class='ocrx_word' id='word_1_8' title='bbox 633 329 816 405; x_wconf 42' lang='lat' dir='ltr'><strong>&#39;Anui.</strong></span> <span class='ocrx_word' id='word_1_9' title='bbox 843 326 1234 398; x_wconf 54' lang='lat' dir='ltr'><strong>Imperatores,</strong></span> <span class='ocrx_word' id='word_1_10' title='bbox 1277 325 1549 405; x_wconf 76' lang='lat' dir='ltr'><strong>Censules,</strong></span> <span class='ocrx_word' id='word_1_11' title='bbox 1581 331 1842 386; x_wconf 83' lang='lat' dir='ltr'><strong>Romano-</strong></span> <span class='ocrx_word' id='word_1_12' title='bbox 1931 333 2080 405; x_wconf 47' lang='lat' dir='ltr'><strong>Anni</strong></span> <span class='ocrx_word' id='word_1_13' title='bbox 2179 338 2230 395; x_wconf 78' lang='grc' dir='ltr'><strong>Α</strong></span> <span class='ocrx_word' id='word_1_14' title='bbox 2311 335 2478 405; x_wconf 54' lang='grc' dir='ltr'><strong>-ᾼηηὶ</strong></span> <span class='ocrx_word' id='word_1_15' title='bbox 2549 333 2986 400; x_wconf 79' lang='lat' dir='ltr'><strong>Christianorum,</strong></span> <span class='ocrx_word' id='word_1_16' title='bbox 3013 338 3321 391; x_wconf 67' lang='lat' dir='ltr'><strong>Judu&#39;arum</strong></span> <span class='ocrx_word' id='word_1_17' title='bbox 3350 348 3395 391; x_wconf 76' lang='lat' dir='ltr'><strong>et</strong></span> <span class='ocrx_word' id='word_1_18' title='bbox 3421 337 3543 405; x_wconf 79' lang='lat' dir='ltr'><strong>ﬁni-</strong></span> <span class='ocrx_word' id='word_1_19' title='bbox 3616 337 3741 388; x_wconf 75' lang='lat' dir='ltr'><strong>Auni</strong></span> 
     </span>
    </p>
   </div>
   <div class='ocr_carea' id='block_1_3' title="bbox 575 395 3753 484">
    <p class='ocr_par' dir='ltr' id='par_1_3' title="bbox 575 395 3753 484">
     <span class='ocr_line' id='line_1_3' title="bbox 575 395 3753 484; baseline 0.002 -32"><span class='ocrx_word' id='word_1_20' title='bbox 575 398 706 484; x_wconf 59' lang='lat' dir='ltr'><strong>Per;</strong></span> <span class='ocrx_word' id='word_1_21' title='bbox 723 395 837 484; x_wconf 69' lang='lat' dir='ltr'><strong>Jul.</strong></span> <span class='ocrx_word' id='word_1_22' title='bbox 902 395 1038 465; x_wconf 72' lang='lat' dir='ltr'><strong>rum,</strong></span> <span class='ocrx_word' id='word_1_23' title='bbox 1066 416 1143 453; x_wconf 78' lang='lat' dir='ltr'><strong>res</strong></span> <span class='ocrx_word' id='word_1_24' title='bbox 1172 411 1328 470; x_wconf 70' lang='lat' dir='ltr'><strong>gesta:</strong></span> <span class='ocrx_word' id='word_1_25' title='bbox 1347 412 1393 455; x_wconf 90' lang='lat' dir='ltr'><strong>et</strong></span> <span class='ocrx_word' id='word_1_26' title='bbox 1417 402 1744 456; x_wconf 78' lang='lat' dir='ltr'><strong>documenta.</strong></span> <span class='ocrx_word' id='word_1_27' title='bbox 1927 400 1994 456; x_wconf 83' lang='grc' dir='ltr'><strong>Π.</strong></span> <span class='ocrx_word' id='word_1_28' title='bbox 2021 401 2083 456; x_wconf 85' lang='lat' dir='ltr'><strong>C.</strong></span> <span class='ocrx_word' id='word_1_29' title='bbox 2296 403 2502 484; x_wconf 74' lang='lat' dir='ltr'><strong>Olymp.</strong></span> <span class='ocrx_word' id='word_1_30' title='bbox 2613 408 2856 484; x_wconf 63' lang='lat' dir='ltr'><strong>timorum</strong></span> <span class='ocrx_word' id='word_1_31' title='bbox 2889 395 3200 475; x_wconf 41' lang='lat' dir='ltr'><strong>populorum</strong></span> <span class='ocrx_word' id='word_1_32' title='bbox 3236 395 3544 484; x_wconf 56' lang='lat' dir='ltr'><strong>Pontiﬁces,</strong></span> <span class='ocrx_word' id='word_1_33' title='bbox 3594 405 3753 484; x_wconf 33' lang='lat' dir='ltr'><strong>“(Ere</strong></span> 
     </span>
    </p>
   </div>
   <div class='ocr_carea' id='block_1_4' title="bbox 609 466 3774 547">
    <p class='ocr_par' dir='ltr' id='par_1_4' title="bbox 609 466 3774 547">
     <span class='ocr_line' id='line_1_4' title="bbox 609 466 3774 547; baseline 0.002 -27"><span class='ocrx_word' id='word_1_34' title='bbox 609 466 802 521; x_wconf 81' lang='lat' dir='ltr'><strong>etlnd.</strong></span> <span class='ocrx_word' id='word_1_35' title='bbox 857 509 860 511; x_wconf 42' lang='grc' dir='ltr'>λ</span> <span class='ocrx_word' id='word_1_36' title='bbox 1433 525 1436 528; x_wconf 77' lang='grc'>,</span> <span class='ocrx_word' id='word_1_37' title='bbox 1595 511 1599 516; x_wconf 61' lang='grc' dir='ltr'><strong>ι</strong></span> <span class='ocrx_word' id='word_1_38' title='bbox 1960 485 2081 526; x_wconf 81' lang='lat' dir='ltr'><strong>ante</strong></span> <span class='ocrx_word' id='word_1_39' title='bbox 2301 479 2306 484; x_wconf 85' lang='grc'><em>’</em></span> <span class='ocrx_word' id='word_1_40' title='bbox 2364 466 2385 473; x_wconf 62' lang='grc'>⁷</span> <span class='ocrx_word' id='word_1_41' title='bbox 2449 466 2460 475; x_wconf 80' lang='grc'><em>’</em></span> <span class='ocrx_word' id='word_1_42' title='bbox 2600 475 2784 547; x_wconf 80' lang='lat' dir='ltr'><strong>Reges,</strong></span> <span class='ocrx_word' id='word_1_43' title='bbox 2818 466 2899 530; x_wconf 62' lang='lat' dir='ltr'><strong>res</strong></span> <span class='ocrx_word' id='word_1_44' title='bbox 2934 466 3087 547; x_wconf 68' lang='lat' dir='ltr'><strong>gestae</strong></span> <span class='ocrx_word' id='word_1_45' title='bbox 3131 487 3184 539; x_wconf 84' lang='lat' dir='ltr'><strong>et</strong></span> <span class='ocrx_word' id='word_1_46' title='bbox 3212 466 3538 530; x_wconf 64' lang='lat' dir='ltr'><strong>documenta.</strong></span> <span class='ocrx_word' id='word_1_47' title='bbox 3587 473 3774 529; x_wconf 74' lang='lat' dir='ltr'><strong>Christi.</strong></span> 
     </span>
    </p>
   </div>
   <div class='ocr_carea' id='block_1_5' title="bbox 1917 551 2116 666">
    <p class='ocr_par' dir='ltr' id='par_1_5' title="bbox 1917 551 2116 666">
     <span class='ocr_line' id='line_1_5' title="bbox 1917 551 2116 666; baseline 0 -2"><span class='ocrx_word' id='word_1_48' title='bbox 1917 551 2116 666; x_wconf 47' lang='lat'><strong>$57}?</strong></span> 
     </span>
    </p>
   </div>
   <div class='ocr_carea' id='block_1_6' title="bbox 863 733 3552 814">
    <p class='ocr_par' dir='ltr' id='par_1_6' title="bbox 863 733 3552 814">
     <span class='ocr_line' id='line_1_6' title="bbox 863 733 3552 814; baseline 0.002 -26"><span class='ocrx_word' id='word_1_49' title='bbox 863 733 995 796; x_wconf 87' lang='lat' dir='ltr'><strong>obit,</strong></span> <span class='ocrx_word' id='word_1_50' title='bbox 1019 735 1338 790; x_wconf 88' lang='lat' dir='ltr'><strong>succedente</strong></span> <span class='ocrx_word' id='word_1_51' title='bbox 1351 737 1449 791; x_wconf 88' lang='lat' dir='ltr'><strong>sibi</strong></span> <span class='ocrx_word' id='word_1_52' title='bbox 1475 738 1688 793; x_wconf 87' lang='lat' dir='ltr'><strong>Alarico</strong></span> <span class='ocrx_word' id='word_1_53' title='bbox 1720 739 1850 806; x_wconf 81' lang='lat' dir='ltr'><strong>ﬁlio,</strong></span> <span class='ocrx_word' id='word_1_54' title='bbox 2529 745 2705 799; x_wconf 86' lang='lat' dir='ltr'><strong>ebiam</strong></span> <span class='ocrx_word' id='word_1_55' title='bbox 2741 744 3036 814; x_wconf 75' lang='lat' dir='ltr'><strong>ingreditur</strong></span> <span class='ocrx_word' id='word_1_56' title='bbox 3056 751 3109 798; x_wconf 92' lang='lat' dir='ltr'><strong>et</strong></span> <span class='ocrx_word' id='word_1_57' title='bbox 3133 741 3279 797; x_wconf 65' lang='lat' dir='ltr'><strong>Praef</strong></span> <span class='ocrx_word' id='word_1_58' title='bbox 3297 741 3437 795; x_wconf 65' lang='lat' dir='ltr'><strong>Prtet</strong></span> <span class='ocrx_word' id='word_1_59' title='bbox 3462 739 3552 793; x_wconf 80' lang='lat' dir='ltr'><strong>Li-</strong></span> 
     </span>
    </p>
   </div>
   <div class='ocr_carea' id='block_1_7' title="bbox 859 831 3561 901">
    <p class='ocr_par' dir='ltr' id='par_1_7' title="bbox 859 831 3561 901">
     <span class='ocr_line' id='line_1_7' title="bbox 859 831 3561 901; baseline 0.002 -23"><span class='ocrx_word' id='word_1_60' title='bbox 859 840 984 878; x_wconf 90' lang='lat' dir='ltr'><strong>cum</strong></span> <span class='ocrx_word' id='word_1_61' title='bbox 1033 837 1313 894; x_wconf 79' lang='lat' dir='ltr'><strong>regnasset</strong></span> <span class='ocrx_word' id='word_1_62' title='bbox 1358 845 1527 883; x_wconf 86' lang='lat' dir='ltr'><strong>annos</strong></span> <span class='ocrx_word' id='word_1_63' title='bbox 1555 847 1644 892; x_wconf 79' lang='lat' dir='ltr'><strong>xx,</strong></span> <span class='ocrx_word' id='word_1_64' title='bbox 1697 831 1825 885; x_wconf 86' lang='lat' dir='ltr'><strong>Peta</strong></span> <span class='ocrx_word' id='word_1_65' title='bbox 2536 835 2718 888; x_wconf 89' lang='lat' dir='ltr'><strong>lialum</strong></span> <span class='ocrx_word' id='word_1_66' title='bbox 2748 836 3044 889; x_wconf 83' lang='lat' dir='ltr'><strong>constituit.</strong></span> <span class='ocrx_word' id='word_1_67' title='bbox 3097 836 3138 888; x_wconf 77' lang='grc' dir='ltr'>Α</span> <span class='ocrx_word' id='word_1_68' title='bbox 3170 834 3384 887; x_wconf 83' lang='lat' dir='ltr'><strong>Zenone</strong></span> <span class='ocrx_word' id='word_1_69' title='bbox 3431 834 3561 901; x_wconf 71' lang='lat' dir='ltr'><strong>Aug-</strong></span> 
     </span>
    </p>
   </div>
   <div class='ocr_carea' id='block_1_8' title="bbox 839 915 3547 988">
    <p class='ocr_par' dir='ltr' id='par_1_8' title="bbox 839 915 3547 988">
     <span class='ocr_line' id='line_1_8' title="bbox 839 915 3547 988; baseline 0.002 -19"><span class='ocrx_word' id='word_1_70' title='bbox 839 929 929 978; x_wconf 80' lang='lat' dir='ltr'><strong>ex</strong></span> <span class='ocrx_word' id='word_1_71' title='bbox 961 915 1172 970; x_wconf 88' lang='lat' dir='ltr'><strong>Victore</strong></span> <span class='ocrx_word' id='word_1_72' title='bbox 1202 928 1254 969; x_wconf 87' lang='lat' dir='ltr'><strong>et</strong></span> <span class='ocrx_word' id='word_1_73' title='bbox 1277 918 1458 972; x_wconf 82' lang='lat' dir='ltr'><strong>Concil</strong></span> <span class='ocrx_word' id='word_1_74' title='bbox 1487 920 1798 988; x_wconf 79' lang='lat' dir='ltr'><strong>Agathensi.</strong></span> <span class='ocrx_word' id='word_1_75' title='bbox 2536 935 2723 978; x_wconf 91' lang='lat' dir='ltr'><strong>contra</strong></span> <span class='ocrx_word' id='word_1_76' title='bbox 2746 939 2866 978; x_wconf 89' lang='lat' dir='ltr'><strong>eum</strong></span> <span class='ocrx_word' id='word_1_77' title='bbox 2890 934 2943 977; x_wconf 90' lang='lat' dir='ltr'><strong>et</strong></span> <span class='ocrx_word' id='word_1_78' title='bbox 2967 922 3120 976; x_wconf 89' lang='lat' dir='ltr'><strong>Illum</strong></span> <span class='ocrx_word' id='word_1_79' title='bbox 3145 923 3352 978; x_wconf 84' lang='lat' dir='ltr'><strong>socium</strong></span> <span class='ocrx_word' id='word_1_80' title='bbox 3379 921 3547 974; x_wconf 83' lang='lat' dir='ltr'><strong>mitti-</strong></span> 
     </span>
    </p>
   </div>
   <div class='ocr_carea' id='block_1_9' title="bbox 929 1003 3546 1089">
    <p class='ocr_par' dir='ltr' id='par_1_9' title="bbox 929 1003 3546 1089">
     <span class='ocr_line' id='line_1_9' title="bbox 929 1003 3546 1089; baseline 0.003 -31"><span class='ocrx_word' id='word_1_81' title='bbox 929 1003 1172 1059; x_wconf 85' lang='lat' dir='ltr'><strong>Edictmn</strong></span> <span class='ocrx_word' id='word_1_82' title='bbox 1240 1009 1627 1076; x_wconf 84' lang='lat' dir='ltr'><strong>persecutionis</strong></span> <span class='ocrx_word' id='word_1_83' title='bbox 1697 1011 1872 1066; x_wconf 82' lang='lat' dir='ltr'><strong>llune-</strong></span> <span class='ocrx_word' id='word_1_84' title='bbox 2538 1026 2625 1072; x_wconf 87' lang='lat' dir='ltr'><strong>tur</strong></span> <span class='ocrx_word' id='word_1_85' title='bbox 2644 1017 2879 1072; x_wconf 79' lang='lat' dir='ltr'><strong>Joannes</strong></span> <span class='ocrx_word' id='word_1_86' title='bbox 2903 1017 3120 1089; x_wconf 84' lang='lat' dir='ltr'><strong>Scytha,</strong></span> <span class='ocrx_word' id='word_1_87' title='bbox 3151 1032 3181 1070; x_wconf 87' lang='lat' dir='ltr'><strong>a</strong></span> <span class='ocrx_word' id='word_1_88' title='bbox 3209 1030 3317 1085; x_wconf 88' lang='lat' dir='ltr'><strong>quo</strong></span> <span class='ocrx_word' id='word_1_89' title='bbox 3343 1015 3467 1070; x_wconf 84' lang='lat' dir='ltr'><strong>victi</strong></span> <span class='ocrx_word' id='word_1_90' title='bbox 3494 1016 3546 1068; x_wconf 90' lang='lat' dir='ltr'><strong>in</strong></span> 
     </span>
    </p>
   </div>
   <div class='ocr_carea' id='block_1_10' title="bbox 863 1095 3560 1186">
    <p class='ocr_par' dir='ltr' id='par_1_10' title="bbox 863 1095 3560 1183">
     <span class='ocr_line' id='line_1_10' title="bbox 863 1095 3560 1183; baseline 0.004 -33"><span class='ocrx_word' id='word_1_91' title='bbox 863 1095 956 1150; x_wconf 87' lang='lat' dir='ltr'><strong>rici</strong></span> <span class='ocrx_word' id='word_1_92' title='bbox 988 1097 1164 1150; x_wconf 88' lang='lat' dir='ltr'><strong>datum</strong></span> <span class='ocrx_word' id='word_1_93' title='bbox 1192 1114 1245 1151; x_wconf 73' lang='grc' dir='ltr'>γι</span> <span class='ocrx_word' id='word_1_94' title='bbox 1296 1098 1390 1152; x_wconf 86' lang='lat' dir='ltr'><strong>Kal</strong></span> <span class='ocrx_word' id='word_1_95' title='bbox 1429 1100 1567 1154; x_wconf 85' lang='lat' dir='ltr'><strong>Mart</strong></span> <span class='ocrx_word' id='word_1_96' title='bbox 1590 1117 1695 1170; x_wconf 84' lang='lat' dir='ltr'><strong>quo</strong></span> <span class='ocrx_word' id='word_1_97' title='bbox 1734 1117 1876 1157; x_wconf 90' lang='lat' dir='ltr'><strong>anno</strong></span> <span class='ocrx_word' id='word_1_98' title='bbox 1977 1101 1990 1174; x_wconf 84' lang='grc' dir='ltr'><strong>Ι</strong></span> <span class='ocrx_word' id='word_1_99' title='bbox 2531 1111 2820 1183; x_wconf 79' lang='lat' dir='ltr'><strong>castellum</strong></span> <span class='ocrx_word' id='word_1_100' title='bbox 2849 1126 2907 1166; x_wconf 90' lang='lat' dir='ltr'><strong>se</strong></span> <span class='ocrx_word' id='word_1_101' title='bbox 2940 1111 3225 1181; x_wconf 89' lang='lat' dir='ltr'><strong>recipiunt.</strong></span> <span class='ocrx_word' id='word_1_102' title='bbox 3286 1109 3450 1164; x_wconf 81' lang='lat' dir='ltr'><strong>Petav</strong></span> <span class='ocrx_word' id='word_1_103' title='bbox 3495 1125 3560 1164; x_wconf 72' lang='lat' dir='ltr'><strong>ex</strong></span> 
     </span>
    </p>
   </div>
   <div class='ocr_carea' id='block_1_11' title="bbox 853 1187 2882 1269">
    <p class='ocr_par' dir='ltr' id='par_1_11' title="bbox 853 1187 2882 1269">
     <span class='ocr_line' id='line_1_11' title="bbox 853 1187 2882 1269; baseline 0.006 -26"><span class='ocrx_word' id='word_1_104' title='bbox 853 1187 1005 1257; x_wconf 82' lang='lat' dir='ltr'><strong>Eclip</strong></span> <span class='ocrx_word' id='word_1_105' title='bbox 1029 1187 1168 1242; x_wconf 91' lang='lat' dir='ltr'><strong>Solis</strong></span> <span class='ocrx_word' id='word_1_106' title='bbox 1185 1189 1268 1250; x_wconf 80' lang='lat'><strong>13.</strong></span> <span class='ocrx_word' id='word_1_107' title='bbox 1292 1187 1696 1247; x_wconf 83' lang='lat' dir='ltr'><strong>Januarii.Vide</strong></span> <span class='ocrx_word' id='word_1_108' title='bbox 1716 1192 1876 1248; x_wconf 80' lang='lat' dir='ltr'><strong>Neris</strong></span> <span class='ocrx_word' id='word_1_109' title='bbox 2541 1200 2882 1269; x_wconf 84' lang='lat' dir='ltr'><strong>Theophane.</strong></span> 
     </span>
    </p>
   </div>
   <div class='ocr_carea' id='block_1_12' title="bbox 867 1278 3551 1361">
    <p class='ocr_par' dir='ltr' id='par_1_12' title="bbox 867 1278 3551 1361">
     <span class='ocr_line' id='line_1_12' title="bbox 867 1278 3551 1361; baseline 0.004 -27"><span class='ocrx_word' id='word_1_110' title='bbox 867 1278 974 1335; x_wconf 89' lang='lat' dir='ltr'><strong>hist</strong></span> <span class='ocrx_word' id='word_1_111' title='bbox 999 1278 1090 1336; x_wconf 88' lang='lat' dir='ltr'><strong>Pel</strong></span> <span class='ocrx_word' id='word_1_112' title='bbox 1113 1279 1152 1334; x_wconf 92' lang='grc'><strong>1.</strong></span> <span class='ocrx_word' id='word_1_113' title='bbox 1173 1279 1230 1345; x_wconf 77' lang='grc'><strong>2,</strong></span> <span class='ocrx_word' id='word_1_114' title='bbox 1258 1295 1306 1334; x_wconf 92' lang='lat' dir='ltr'><strong>c.</strong></span> <span class='ocrx_word' id='word_1_115' title='bbox 1334 1280 1424 1334; x_wconf 70' lang='grc'><strong>21.</strong></span> <span class='ocrx_word' id='word_1_116' title='bbox 2614 1292 2737 1346; x_wconf 83' lang='lat' dir='ltr'><strong>Dira</strong></span> <span class='ocrx_word' id='word_1_117' title='bbox 2765 1292 3133 1361; x_wconf 89' lang='lat' dir='ltr'><strong>persecutioin</strong></span> <span class='ocrx_word' id='word_1_118' title='bbox 3163 1291 3345 1346; x_wconf 82' lang='lat' dir='ltr'><strong>Africa</strong></span> <span class='ocrx_word' id='word_1_119' title='bbox 3369 1300 3551 1347; x_wconf 83' lang='lat' dir='ltr'><strong>contra</strong></span> 
     </span>
    </p>
   </div>
   <div class='ocr_carea' id='block_1_13' title="bbox 2542 1382 3554 1452">
    <p class='ocr_par' dir='ltr' id='par_1_13' title="bbox 2542 1382 3554 1452">
     <span class='ocr_line' id='line_1_13' title="bbox 2542 1382 3554 1452; baseline 0.001 -17"><span class='ocrx_word' id='word_1_120' title='bbox 2542 1382 2844 1438; x_wconf 80' lang='lat' dir='ltr'><strong>Catholicos</strong></span> <span class='ocrx_word' id='word_1_121' title='bbox 2865 1384 2933 1438; x_wconf 88' lang='lat' dir='ltr'><strong>ab</strong></span> <span class='ocrx_word' id='word_1_122' title='bbox 2959 1383 3225 1437; x_wconf 88' lang='lat' dir='ltr'><strong>Hunerico</strong></span> <span class='ocrx_word' id='word_1_123' title='bbox 3249 1383 3392 1452; x_wconf 86' lang='lat' dir='ltr'><strong>Rege</strong></span> <span class='ocrx_word' id='word_1_124' title='bbox 3413 1384 3554 1436; x_wconf 77' lang='lat' dir='ltr'><strong>exci-</strong></span> 
     </span>
    </p>
   </div>
   <div class='ocr_carea' id='block_1_14' title="bbox 2551 1474 3552 1544">
    <p class='ocr_par' dir='ltr' id='par_1_14' title="bbox 2551 1474 3552 1544">
     <span class='ocr_line' id='line_1_14' title="bbox 2551 1474 3552 1544; baseline 0 -16"><span class='ocrx_word' id='word_1_125' title='bbox 2551 1483 2696 1529; x_wconf 87' lang='lat' dir='ltr'><strong>tatur</strong></span> <span class='ocrx_word' id='word_1_126' title='bbox 2735 1490 2919 1530; x_wconf 89' lang='lat' dir='ltr'><strong>mense</strong></span> <span class='ocrx_word' id='word_1_127' title='bbox 2955 1475 3094 1530; x_wconf 86' lang='lat' dir='ltr'><strong>Febr</strong></span> <span class='ocrx_word' id='word_1_128' title='bbox 3139 1475 3307 1544; x_wconf 87' lang='lat' dir='ltr'><strong>pulsis</strong></span> <span class='ocrx_word' id='word_1_129' title='bbox 3335 1474 3388 1530; x_wconf 91' lang='lat' dir='ltr'><strong>in</strong></span> <span class='ocrx_word' id='word_1_130' title='bbox 3414 1474 3552 1528; x_wconf 82' lang='lat' dir='ltr'><strong>exsi-</strong></span> 
     </span>
    </p>
   </div>
   <div class='ocr_carea' id='block_1_15' title="bbox 2548 1566 3552 1636">
    <p class='ocr_par' dir='ltr' id='par_1_15' title="bbox 2548 1566 3552 1636">
     <span class='ocr_line' id='line_1_15' title="bbox 2548 1566 3552 1636; baseline 0.001 -17"><span class='ocrx_word' id='word_1_131' title='bbox 2548 1567 2674 1620; x_wconf 90' lang='lat' dir='ltr'><strong>lium</strong></span> <span class='ocrx_word' id='word_1_132' title='bbox 2743 1566 3021 1636; x_wconf 88' lang='lat' dir='ltr'><strong>plusquam</strong></span> <span class='ocrx_word' id='word_1_133' title='bbox 3089 1566 3194 1622; x_wconf 72' lang='lat'><strong>351</strong></span> <span class='ocrx_word' id='word_1_134' title='bbox 3263 1566 3552 1636; x_wconf 83' lang='lat' dir='ltr'><strong>Episcopis.</strong></span> 
     </span>
    </p>
   </div>
   <div class='ocr_carea' id='block_1_16' title="bbox 2548 1654 3556 1711">
    <p class='ocr_par' dir='ltr' id='par_1_16' title="bbox 2548 1654 3556 1711">
     <span class='ocr_line' id='line_1_16' title="bbox 2548 1654 3556 1711; baseline -0.003 0"><span class='ocrx_word' id='word_1_135' title='bbox 2548 1654 2669 1711; x_wconf 91' lang='lat' dir='ltr'><strong>Obit</strong></span> <span class='ocrx_word' id='word_1_136' title='bbox 2696 1654 2994 1710; x_wconf 86' lang='lat' dir='ltr'><strong>Hunericus</strong></span> <span class='ocrx_word' id='word_1_137' title='bbox 3021 1656 3097 1710; x_wconf 87' lang='lat' dir='ltr'><strong>Id.</strong></span> <span class='ocrx_word' id='word_1_138' title='bbox 3145 1655 3275 1710; x_wconf 87' lang='lat' dir='ltr'><strong>Dec.</strong></span> <span class='ocrx_word' id='word_1_139' title='bbox 3309 1655 3556 1710; x_wconf 79' lang='lat' dir='ltr'><strong>Succedit</strong></span> 
     </span>
    </p>
   </div>
   <div class='ocr_carea' id='block_1_17' title="bbox 2192 1700 3554 1802">
    <p class='ocr_par' dir='ltr' id='par_1_17' title="bbox 2192 1700 3554 1802">
     <span class='ocr_line' id='line_1_17' title="bbox 2192 1700 3554 1802; baseline -0.003 -2"><span class='ocrx_word' id='word_1_140' title='bbox 2192 1700 2240 1757; x_wconf 74' lang='grc' dir='ltr'><strong>Β</strong></span> <span class='ocrx_word' id='word_1_141' title='bbox 2547 1700 2918 1801; x_wconf 78' lang='lat' dir='ltr'><strong>Guntabudus.</strong></span> <span class='ocrx_word' id='word_1_142' title='bbox 2960 1745 3119 1802; x_wconf 85' lang='lat' dir='ltr'><strong>Noris</strong></span> <span class='ocrx_word' id='word_1_143' title='bbox 3168 1747 3278 1801; x_wconf 86' lang='lat' dir='ltr'><strong>hist</strong></span> <span class='ocrx_word' id='word_1_144' title='bbox 3321 1745 3414 1801; x_wconf 85' lang='lat' dir='ltr'><strong>Pel</strong></span> <span class='ocrx_word' id='word_1_145' title='bbox 3443 1744 3554 1799; x_wconf 71' lang='lat'><strong>1.2.</strong></span> 
     </span>
    </p>
   </div>
   <div class='ocr_carea' id='block_1_18' title="bbox 2028 1835 2698 1898">
    <p class='ocr_par' dir='ltr' id='par_1_18' title="bbox 2028 1835 2698 1898">
     <span class='ocr_line' id='line_1_18' title="bbox 2028 1835 2698 1898; baseline -0.012 0"><span class='ocrx_word' id='word_1_146' title='bbox 2028 1886 2034 1898; x_wconf 86' lang='lat'><strong><em>,</em></strong></span> <span class='ocrx_word' id='word_1_147' title='bbox 2538 1850 2585 1890; x_wconf 93' lang='lat' dir='ltr'><strong>c.</strong></span> <span class='ocrx_word' id='word_1_148' title='bbox 2607 1835 2698 1890; x_wconf 72' lang='lat'><strong>21.</strong></span> 
     </span>
    </p>
   </div>
   <div class='ocr_carea' id='block_1_19' title="bbox 630 1942 2176 2016">
    <p class='ocr_par' dir='ltr' id='par_1_19' title="bbox 630 1942 2083 2015">
     <span class='ocr_line' id='line_1_19' title="bbox 630 1942 2083 2015; baseline 0 -18"><span class='ocrx_word' id='word_1_149' title='bbox 630 1942 770 1998; x_wconf 80' lang='grc'><strong>5198</strong></span> <span class='ocrx_word' id='word_1_150' title='bbox 868 2007 870 2009; x_wconf 0' lang='grc' dir='ltr'><strong>ι</strong></span> <span class='ocrx_word' id='word_1_151' title='bbox 936 1943 1052 2014; x_wconf 87' lang='lat' dir='ltr'><strong>lmp</strong></span> <span class='ocrx_word' id='word_1_152' title='bbox 1073 1943 1190 2000; x_wconf 68' lang='lat' dir='ltr'><strong>Caes</strong></span> <span class='ocrx_word' id='word_1_153' title='bbox 1217 1945 1360 2000; x_wconf 86' lang='lat' dir='ltr'><strong>Zeno</strong></span> <span class='ocrx_word' id='word_1_154' title='bbox 1378 1946 1492 2015; x_wconf 76' lang='lat' dir='ltr'><strong>Aug</strong></span> <span class='ocrx_word' id='word_1_155' title='bbox 1511 1956 1576 1998; x_wconf 84' lang='lat' dir='ltr'><strong>tr.</strong></span> <span class='ocrx_word' id='word_1_156' title='bbox 1594 1963 1646 2015; x_wconf 84' lang='lat' dir='ltr'><strong>p.</strong></span> <span class='ocrx_word' id='word_1_157' title='bbox 1676 1947 1758 2009; x_wconf 85' lang='grc'><strong>11,</strong></span> <span class='ocrx_word' id='word_1_158' title='bbox 1789 1946 1870 2000; x_wconf 68' lang='lat'><strong>1&#39;2.</strong></span> <span class='ocrx_word' id='word_1_159' title='bbox 1948 1945 2083 1999; x_wconf 74' lang='lat'><strong>1237</strong></span> 
     </span>
    </p>
   </div>
   <div class='ocr_carea' id='block_1_20' title="bbox 2193 1942 3739 2016">
    <p class='ocr_par' dir='ltr' id='par_1_20' title="bbox 2303 1943 3739 2016">
     <span class='ocr_line' id='line_1_20' title="bbox 2303 1943 3739 2016; baseline 0.003 -15"><span class='ocrx_word' id='word_1_160' title='bbox 2303 1945 2456 2016; x_wconf 77' lang='lat' dir='ltr'><strong>Ulym</strong></span> <span class='ocrx_word' id='word_1_161' title='bbox 2610 1945 2806 2002; x_wconf 81' lang='lat' dir='ltr'><strong>Felicis</strong></span> <span class='ocrx_word' id='word_1_162' title='bbox 2837 1948 2893 2002; x_wconf 61' lang='grc' dir='ltr'><strong>ἓ.</strong></span> <span class='ocrx_word' id='word_1_163' title='bbox 2934 1956 2990 2003; x_wconf 89' lang='lat' dir='ltr'><strong>et</strong></span> <span class='ocrx_word' id='word_1_164' title='bbox 3012 1947 3066 2002; x_wconf 77' lang='lat'><strong>3.</strong></span> <span class='ocrx_word' id='word_1_165' title='bbox 3655 1943 3739 2000; x_wconf 58' lang='lat'><strong>‘35</strong></span> 
     </span>
    </p>
   </div>
   <div class='ocr_carea' id='block_1_21' title="bbox 594 2026 2140 2113">
    <p class='ocr_par' dir='ltr' id='par_1_21' title="bbox 594 2026 2089 2110">
     <span class='ocr_line' id='line_1_21' title="bbox 594 2026 2089 2110; baseline 0.003 -22"><span class='ocrx_word' id='word_1_166' title='bbox 594 2033 778 2110; x_wconf 72' lang='lat'><strong>@18</strong></span> <span class='ocrx_word' id='word_1_167' title='bbox 857 2033 1061 2091; x_wconf 84' lang='lat' dir='ltr'><strong>Cosm.</strong></span> <span class='ocrx_word' id='word_1_168' title='bbox 1183 2026 1186 2030; x_wconf 68' lang='grc'><em>’</em></span> <span class='ocrx_word' id='word_1_169' title='bbox 1949 2037 2089 2092; x_wconf 65' lang='grc'><strong>1258</strong></span> 
     </span>
    </p>
   </div>
   <div class='ocr_carea' id='block_1_22' title="bbox 2007 2026 3553 2113">
    <p class='ocr_par' dir='ltr' id='par_1_22' title="bbox 2007 2037 3553 2113">
     <span class='ocr_line' id='line_1_22' title="bbox 2007 2037 3553 2113; baseline 0.002 -22"><span class='ocrx_word' id='word_1_170' title='bbox 2007 2037 2089 2092; x_wconf 56' lang='lat'><strong>“.58</strong></span> <span class='ocrx_word' id='word_1_171' title='bbox 2325 2040 2430 2095; x_wconf 80' lang='grc'><strong>515</strong></span> <span class='ocrx_word' id='word_1_172' title='bbox 2608 2040 2810 2107; x_wconf 87' lang='lat' dir='ltr'><strong>Quarta</strong></span> <span class='ocrx_word' id='word_1_173' title='bbox 2863 2041 3112 2113; x_wconf 87' lang='lat' dir='ltr'><strong>Synodus</strong></span> <span class='ocrx_word' id='word_1_174' title='bbox 3164 2041 3407 2095; x_wconf 83' lang='lat' dir='ltr'><strong>Romana</strong></span> <span class='ocrx_word' id='word_1_175' title='bbox 3458 2039 3553 2094; x_wconf 87' lang='lat' dir='ltr'><strong>sub</strong></span> 
     </span>
    </p>
   </div>
   <div class='ocr_carea' id='block_1_23' title="bbox 594 2117 3560 2202">
    <p class='ocr_par' dir='ltr' id='par_1_23' title="bbox 594 2117 3560 2202">
     <span class='ocr_line' id='line_1_23' title="bbox 594 2117 3560 2202; baseline 0.002 -20"><span class='ocrx_word' id='word_1_176' title='bbox 594 2117 674 2194; x_wconf 65' lang='grc' dir='ltr'>δ</span> <span class='ocrx_word' id='word_1_177' title='bbox 713 2129 773 2183; x_wconf 95' lang='grc'><strong>11</strong></span> <span class='ocrx_word' id='word_1_178' title='bbox 839 2186 846 2188; x_wconf 21' lang='grc' dir='ltr'><strong>ι</strong></span> <span class='ocrx_word' id='word_1_179' title='bbox 934 2129 1196 2187; x_wconf 63' lang='lat' dir='ltr'><strong>Odoacris</strong></span> <span class='ocrx_word' id='word_1_180' title='bbox 1217 2133 1377 2202; x_wconf 82' lang='lat' dir='ltr'><strong>Regis</strong></span> <span class='ocrx_word' id='word_1_181' title='bbox 1405 2135 1456 2195; x_wconf 84' lang='grc'><strong>9,</strong></span> <span class='ocrx_word' id='word_1_182' title='bbox 1487 2142 1539 2187; x_wconf 85' lang='lat' dir='ltr'><strong>et</strong></span> <span class='ocrx_word' id='word_1_183' title='bbox 1570 2135 1649 2187; x_wconf 86' lang='grc'><strong>10.</strong></span> <span class='ocrx_word' id='word_1_184' title='bbox 2351 2147 2402 2188; x_wconf 84' lang='lat' dir='ltr'><strong>tv</strong></span> <span class='ocrx_word' id='word_1_185' title='bbox 2541 2133 2720 2188; x_wconf 82' lang='lat' dir='ltr'><strong>Felice</strong></span> <span class='ocrx_word' id='word_1_186' title='bbox 2759 2143 2944 2188; x_wconf 87' lang='lat' dir='ltr'><strong>contra</strong></span> <span class='ocrx_word' id='word_1_187' title='bbox 3001 2133 3277 2188; x_wconf 80' lang='lat' dir='ltr'><strong>Fullonem</strong></span> <span class='ocrx_word' id='word_1_188' title='bbox 3326 2143 3380 2187; x_wconf 89' lang='lat' dir='ltr'><strong>et</strong></span> <span class='ocrx_word' id='word_1_189' title='bbox 3429 2132 3560 2187; x_wconf 83' lang='lat' dir='ltr'><strong>Aca-</strong></span> 
     </span>
    </p>
   </div>
   <div class='ocr_carea' id='block_1_24' title="bbox 683 2217 3544 2296">
    <p class='ocr_par' dir='ltr' id='par_1_24' title="bbox 683 2217 3544 2296">
     <span class='ocr_line' id='line_1_24' title="bbox 683 2217 3544 2296; baseline -0.001 -18"><span class='ocrx_word' id='word_1_190' title='bbox 683 2217 732 2271; x_wconf 61' lang='grc' dir='ltr'><strong>ιΓ</strong></span> <span class='ocrx_word' id='word_1_191' title='bbox 928 2221 1032 2278; x_wconf 83' lang='lat' dir='ltr'><strong>Cos</strong></span> <span class='ocrx_word' id='word_1_192' title='bbox 1063 2223 1418 2294; x_wconf 82' lang='lat' dir='ltr'><strong>Symmachus</strong></span> <span class='ocrx_word' id='word_1_193' title='bbox 1441 2225 1556 2279; x_wconf 88' lang='lat' dir='ltr'><strong>sine</strong></span> <span class='ocrx_word' id='word_1_194' title='bbox 1582 2225 1818 2296; x_wconf 78' lang='lat' dir='ltr'><strong>Collega.</strong></span> <span class='ocrx_word' id='word_1_195' title='bbox 2341 2232 2387 2274; x_wconf 87' lang='lat' dir='ltr'><strong>et</strong></span> <span class='ocrx_word' id='word_1_196' title='bbox 2534 2223 2698 2277; x_wconf 90' lang='lat' dir='ltr'><strong>cium.</strong></span> <span class='ocrx_word' id='word_1_197' title='bbox 2731 2223 2862 2277; x_wconf 74' lang='lat' dir='ltr'><strong>Vide</strong></span> <span class='ocrx_word' id='word_1_198' title='bbox 2887 2231 3043 2277; x_wconf 86' lang='lat' dir='ltr'><strong>notas</strong></span> <span class='ocrx_word' id='word_1_199' title='bbox 3066 2239 3170 2293; x_wconf 80' lang='lat' dir='ltr'><strong>pag</strong></span> <span class='ocrx_word' id='word_1_200' title='bbox 3200 2224 3300 2278; x_wconf 88' lang='lat'><strong>187</strong></span> <span class='ocrx_word' id='word_1_201' title='bbox 3332 2231 3388 2278; x_wconf 86' lang='lat' dir='ltr'><strong>et</strong></span> <span class='ocrx_word' id='word_1_202' title='bbox 3427 2223 3544 2278; x_wconf 87' lang='grc'><strong>191.</strong></span> 
     </span>
    </p>
   </div>
   <div class='ocr_carea' id='block_1_25' title="bbox 625 2311 3560 2386">
    <p class='ocr_par' dir='ltr' id='par_1_25' title="bbox 625 2311 3560 2386">
     <span class='ocr_line' id='line_1_25' title="bbox 625 2311 3560 2386; baseline 0.001 -22"><span class='ocrx_word' id='word_1_203' title='bbox 625 2311 802 2366; x_wconf 77' lang='lat' dir='ltr'><strong>Indict</strong></span> <span class='ocrx_word' id='word_1_204' title='bbox 849 2363 859 2367; x_wconf 79' lang='lat'><strong>-</strong></span> <span class='ocrx_word' id='word_1_205' title='bbox 947 2314 1113 2370; x_wconf 85' lang='lat' dir='ltr'><strong>Vetus</strong></span> <span class='ocrx_word' id='word_1_206' title='bbox 1143 2315 1367 2386; x_wconf 86' lang='lat' dir='ltr'><strong>inscript</strong></span> <span class='ocrx_word' id='word_1_207' title='bbox 1391 2316 1528 2386; x_wconf 86' lang='lat' dir='ltr'><strong>apud</strong></span> <span class='ocrx_word' id='word_1_208' title='bbox 1573 2316 1736 2386; x_wconf 81' lang='lat' dir='ltr'><strong>Aring</strong></span> <span class='ocrx_word' id='word_1_209' title='bbox 1767 2325 1876 2372; x_wconf 89' lang='lat' dir='ltr'><strong>tom</strong></span> <span class='ocrx_word' id='word_1_210' title='bbox 2332 2313 2434 2367; x_wconf 75' lang='lat'><strong>516</strong></span> <span class='ocrx_word' id='word_1_211' title='bbox 2534 2331 2538 2334; x_wconf 91' lang='grc'><strong>·</strong></span> <span class='ocrx_word' id='word_1_212' title='bbox 2611 2314 2668 2368; x_wconf 91' lang='lat' dir='ltr'><strong>ln</strong></span> <span class='ocrx_word' id='word_1_213' title='bbox 2698 2314 2872 2370; x_wconf 91' lang='lat' dir='ltr'><strong>Insula</strong></span> <span class='ocrx_word' id='word_1_214' title='bbox 2892 2313 3068 2386; x_wconf 80' lang='lat' dir='ltr'><strong>Cypro</strong></span> <span class='ocrx_word' id='word_1_215' title='bbox 3093 2317 3301 2385; x_wconf 84' lang='lat' dir='ltr'><strong>Corpus</strong></span> <span class='ocrx_word' id='word_1_216' title='bbox 3350 2315 3408 2371; x_wconf 91' lang='lat' dir='ltr'><strong>S.</strong></span> <span class='ocrx_word' id='word_1_217' title='bbox 3438 2316 3560 2370; x_wconf 81' lang='lat' dir='ltr'><strong>Bar-</strong></span> 
     </span>
    </p>
   </div>
   <div class='ocr_carea' id='block_1_26' title="bbox 646 2401 2192 2484">
    <p class='ocr_par' dir='ltr' id='par_1_26' title="bbox 646 2401 1874 2484">
     <span class='ocr_line' id='line_1_26' title="bbox 646 2401 1874 2484; baseline 0.005 -30"><span class='ocrx_word' id='word_1_218' title='bbox 646 2417 743 2455; x_wconf 72' lang='lat' dir='ltr'><strong>vul</strong></span> <span class='ocrx_word' id='word_1_219' title='bbox 867 2401 926 2463; x_wconf 86' lang='grc'><strong>11,</strong></span> <span class='ocrx_word' id='word_1_220' title='bbox 951 2419 1054 2474; x_wconf 82' lang='lat' dir='ltr'><strong>pag</strong></span> <span class='ocrx_word' id='word_1_221' title='bbox 1076 2404 1199 2468; x_wconf 76' lang='grc'><strong>419,</strong></span> <span class='ocrx_word' id='word_1_222' title='bbox 1230 2417 1281 2459; x_wconf 89' lang='lat' dir='ltr'><strong>et</strong></span> <span class='ocrx_word' id='word_1_223' title='bbox 1313 2404 1509 2461; x_wconf 85' lang='lat' dir='ltr'><strong>Gruter</strong></span> <span class='ocrx_word' id='word_1_224' title='bbox 1533 2406 1694 2484; x_wconf 78' lang='grc'><strong>1057,</strong></span> <span class='ocrx_word' id='word_1_225' title='bbox 1729 2406 1783 2473; x_wconf 86' lang='grc'><strong>5,</strong></span> <span class='ocrx_word' id='word_1_226' title='bbox 1819 2415 1874 2462; x_wconf 87' lang='lat' dir='ltr'><strong>et</strong></span> 
     </span>
    </p>
   </div>
   <div class='ocr_carea' id='block_1_27' title="bbox 2015 2401 3561 2484">
    <p class='ocr_par' dir='ltr' id='par_1_27' title="bbox 2550 2408 3561 2480">
     <span class='ocr_line' id='line_1_27' title="bbox 2550 2408 3561 2480; baseline 0.001 -18"><span class='ocrx_word' id='word_1_227' title='bbox 2550 2408 2699 2464; x_wconf 69' lang='lat' dir='ltr'><strong>uabtu</strong></span> <span class='ocrx_word' id='word_1_228' title='bbox 2723 2409 2961 2478; x_wconf 90' lang='lat' dir='ltr'><strong>Apostoli</strong></span> <span class='ocrx_word' id='word_1_229' title='bbox 2989 2425 3055 2464; x_wconf 91' lang='lat' dir='ltr'><strong>eo</strong></span> <span class='ocrx_word' id='word_1_230' title='bbox 3081 2411 3352 2464; x_wconf 80' lang='lat' dir='ltr'><strong>revelante</strong></span> <span class='ocrx_word' id='word_1_231' title='bbox 3365 2411 3561 2480; x_wconf 75' lang='lat' dir='ltr'><strong>detegi-</strong></span> 
     </span>
    </p>
   </div>
   <div class='ocr_carea' id='block_1_28' title="bbox 629 2495 3559 2571">
    <p class='ocr_par' dir='ltr' id='par_1_28' title="bbox 629 2495 3559 2571">
     <span class='ocr_line' id='line_1_28' title="bbox 629 2495 3559 2571; baseline 0.004 -26"><span class='ocrx_word' id='word_1_232' title='bbox 629 2503 674 2545; x_wconf 72' lang='lat' dir='ltr'><strong>et</strong></span> <span class='ocrx_word' id='word_1_233' title='bbox 703 2508 753 2546; x_wconf 76' lang='lat' dir='ltr'><strong>ut</strong></span> <span class='ocrx_word' id='word_1_234' title='bbox 873 2495 1071 2550; x_wconf 87' lang='lat' dir='ltr'><strong>Reines</strong></span> <span class='ocrx_word' id='word_1_235' title='bbox 1096 2512 1197 2567; x_wconf 86' lang='lat' dir='ltr'><strong>pag</strong></span> <span class='ocrx_word' id='word_1_236' title='bbox 1219 2497 1341 2551; x_wconf 76' lang='lat'><strong>982.</strong></span> <span class='ocrx_word' id='word_1_237' title='bbox 1685 2551 1690 2557; x_wconf 81' lang='grc'><strong><em>,</em></strong></span> <span class='ocrx_word' id='word_1_238' title='bbox 2548 2507 2634 2552; x_wconf 90' lang='lat' dir='ltr'><strong>tur</strong></span> <span class='ocrx_word' id='word_1_239' title='bbox 2663 2517 2675 2553; x_wconf 91' lang='lat'><strong>:</strong></span> <span class='ocrx_word' id='word_1_240' title='bbox 2707 2501 2858 2568; x_wconf 86' lang='lat' dir='ltr'><strong>cujus</strong></span> <span class='ocrx_word' id='word_1_241' title='bbox 2909 2503 2974 2555; x_wconf 87' lang='lat' dir='ltr'><strong>ad</strong></span> <span class='ocrx_word' id='word_1_242' title='bbox 3011 2513 3198 2571; x_wconf 87' lang='lat' dir='ltr'><strong>pectus</strong></span> <span class='ocrx_word' id='word_1_243' title='bbox 3228 2502 3285 2557; x_wconf 92' lang='lat' dir='ltr'><strong>S.</strong></span> <span class='ocrx_word' id='word_1_244' title='bbox 3334 2502 3559 2557; x_wconf 80' lang='lat' dir='ltr'><strong>Matth-.ei</strong></span> 
     </span>
    </p>
   </div>
   <div class='ocr_carea' id='block_1_29' title="bbox 866 2585 3562 2660">
    <p class='ocr_par' dir='ltr' id='par_1_29' title="bbox 866 2585 3562 2660">
     <span class='ocr_line' id='line_1_29' title="bbox 866 2585 3562 2660; baseline 0.002 -22"><span class='ocrx_word' id='word_1_245' title='bbox 866 2628 870 2631; x_wconf 95' lang='lat'><strong>.</strong></span> <span class='ocrx_word' id='word_1_246' title='bbox 938 2585 1172 2640; x_wconf 81' lang='lat' dir='ltr'><strong>Zenonis</strong></span> <span class='ocrx_word' id='word_1_247' title='bbox 1193 2586 1334 2641; x_wconf 84' lang='lat' dir='ltr'><strong>[ilius</strong></span> <span class='ocrx_word' id='word_1_248' title='bbox 1359 2586 1425 2640; x_wconf 89' lang='lat' dir='ltr'><strong>ad</strong></span> <span class='ocrx_word' id='word_1_249' title='bbox 1448 2587 1659 2656; x_wconf 85' lang='lat' dir='ltr'><strong>Imperii</strong></span> <span class='ocrx_word' id='word_1_250' title='bbox 1705 2603 1874 2657; x_wconf 86' lang='lat' dir='ltr'><strong>spem,</strong></span> <span class='ocrx_word' id='word_1_251' title='bbox 2545 2587 2887 2660; x_wconf 82' lang='lat' dir='ltr'><strong>Evangelium</strong></span> <span class='ocrx_word' id='word_1_252' title='bbox 2905 2600 3172 2659; x_wconf 90' lang='lat' dir='ltr'><strong>repertum</strong></span> <span class='ocrx_word' id='word_1_253' title='bbox 3187 2590 3562 2646; x_wconf 86' lang='lat' dir='ltr'><strong>Constantino-</strong></span> 
     </span>
    </p>
   </div>
   <div class='ocr_carea' id='block_1_30' title="bbox 865 2676 3561 2746">
    <p class='ocr_par' dir='ltr' id='par_1_30' title="bbox 865 2676 3561 2746">
     <span class='ocr_line' id='line_1_30' title="bbox 865 2676 3561 2746; baseline 0.001 -16"><span class='ocrx_word' id='word_1_254' title='bbox 865 2676 958 2731; x_wconf 90' lang='lat' dir='ltr'><strong>sed</strong></span> <span class='ocrx_word' id='word_1_255' title='bbox 1011 2676 1243 2746; x_wconf 80' lang='lat' dir='ltr'><strong>pessime</strong></span> <span class='ocrx_word' id='word_1_256' title='bbox 1294 2678 1574 2742; x_wconf 86' lang='lat' dir='ltr'><strong>educatus,</strong></span> <span class='ocrx_word' id='word_1_257' title='bbox 1630 2678 1876 2732; x_wconf 62' lang='lat' dir='ltr'><strong>moritur.</strong></span> <span class='ocrx_word' id='word_1_258' title='bbox 2544 2678 2705 2746; x_wconf 88' lang='lat' dir='ltr'><strong>polim</strong></span> <span class='ocrx_word' id='word_1_259' title='bbox 2725 2679 2979 2733; x_wconf 77' lang='lat' dir='ltr'><strong>defertur.</strong></span> <span class='ocrx_word' id='word_1_260' title='bbox 3007 2678 3316 2735; x_wconf 83' lang='lat' dir='ltr'><strong>Petav.Sed</strong></span> <span class='ocrx_word' id='word_1_261' title='bbox 3337 2681 3561 2735; x_wconf 84' lang='lat' dir='ltr'><strong>deauno</strong></span> 
     </span>
    </p>
   </div>
   <div class='ocr_carea' id='block_1_31' title="bbox 857 2767 3561 2827">
    <p class='ocr_par' dir='ltr' id='par_1_31' title="bbox 857 2767 3561 2827">
     <span class='ocr_line' id='line_1_31' title="bbox 857 2767 3561 2827; baseline 0.001 -5"><span class='ocrx_word' id='word_1_262' title='bbox 857 2769 1022 2824; x_wconf 86' lang='lat' dir='ltr'><strong>Petav</strong></span> <span class='ocrx_word' id='word_1_263' title='bbox 1051 2785 1117 2824; x_wconf 81' lang='lat' dir='ltr'><strong>ex</strong></span> <span class='ocrx_word' id='word_1_264' title='bbox 1143 2767 1327 2823; x_wconf 85' lang='lat' dir='ltr'><strong>Suida.</strong></span> <span class='ocrx_word' id='word_1_265' title='bbox 2545 2771 2810 2826; x_wconf 89' lang='lat' dir='ltr'><strong>incertum</strong></span> <span class='ocrx_word' id='word_1_266' title='bbox 2872 2771 3013 2825; x_wconf 88' lang='lat' dir='ltr'><strong>intra</strong></span> <span class='ocrx_word' id='word_1_267' title='bbox 3062 2771 3375 2827; x_wconf 83' lang='lat' dir='ltr'><strong>triennium.</strong></span> <span class='ocrx_word' id='word_1_268' title='bbox 3435 2773 3561 2827; x_wconf 80' lang='lat' dir='ltr'><strong>Vide</strong></span> 
     </span>
    </p>
   </div>
   <div class='ocr_carea' id='block_1_32' title="bbox 935 2859 3098 2933">
    <p class='ocr_par' dir='ltr' id='par_1_32' title="bbox 935 2859 3098 2933">
     <span class='ocr_line' id='line_1_32' title="bbox 935 2859 3098 2933; baseline 0 -19"><span class='ocrx_word' id='word_1_269' title='bbox 935 2859 1388 2916; x_wconf 78' lang='lat' dir='ltr'><strong>Clodoreusanno</strong></span> <span class='ocrx_word' id='word_1_270' title='bbox 1402 2861 1715 2931; x_wconf 87' lang='lat' dir='ltr'><strong>v.regnisui</strong></span> <span class='ocrx_word' id='word_1_271' title='bbox 1747 2861 1882 2933; x_wconf 80' lang='lat' dir='ltr'><strong>Sya-</strong></span> <span class='ocrx_word' id='word_1_272' title='bbox 2540 2860 2760 2932; x_wconf 86' lang='lat' dir='ltr'><strong>Pagium</strong></span> <span class='ocrx_word' id='word_1_273' title='bbox 2795 2862 2848 2916; x_wconf 81' lang='grc' dir='ltr'><strong>ιι.</strong></span> <span class='ocrx_word' id='word_1_274' title='bbox 2877 2877 2930 2916; x_wconf 90' lang='lat' dir='ltr'><strong>a.</strong></span> <span class='ocrx_word' id='word_1_275' title='bbox 2959 2879 3011 2916; x_wconf 86' lang='grc' dir='ltr'>ιι.</span> <span class='ocrx_word' id='word_1_276' title='bbox 3043 2861 3098 2915; x_wconf 75' lang='grc'><strong>2.</strong></span> 
     </span>
    </p>
   </div>
   <div class='ocr_carea' id='block_1_33' title="bbox 861 2935 3560 3021">
    <p class='ocr_par' dir='ltr' id='par_1_33' title="bbox 861 2935 3560 3021">
     <span class='ocr_line' id='line_1_33' title="bbox 861 2935 3560 3021; baseline 0.001 -19"><span class='ocrx_word' id='word_1_277' title='bbox 861 2949 1037 3021; x_wconf 88' lang='lat' dir='ltr'><strong>grium</strong></span> <span class='ocrx_word' id='word_1_278' title='bbox 1097 2949 1474 3004; x_wconf 87' lang='lat' dir='ltr'><strong>Sucssionibus</strong></span> <span class='ocrx_word' id='word_1_279' title='bbox 1527 2935 1878 3020; x_wconf 74' lang='lat' dir='ltr'><strong>imperantem</strong></span> <span class='ocrx_word' id='word_1_280' title='bbox 2621 2952 2701 3006; x_wconf 82' lang='lat' dir='ltr'><strong>Ex</strong></span> <span class='ocrx_word' id='word_1_281' title='bbox 2721 2951 2951 3006; x_wconf 76' lang='lat' dir='ltr'><strong>Antioch</strong></span> <span class='ocrx_word' id='word_1_282' title='bbox 2972 2952 3190 3005; x_wconf 88' lang='lat' dir='ltr'><strong>Tbrono</strong></span> <span class='ocrx_word' id='word_1_283' title='bbox 3204 2952 3360 3021; x_wconf 89' lang='lat' dir='ltr'><strong>pulso</strong></span> <span class='ocrx_word' id='word_1_284' title='bbox 3383 2951 3560 3006; x_wconf 85' lang='lat' dir='ltr'><strong>Calen-</strong></span> 
     </span>
    </p>
   </div>
   <div class='ocr_carea' id='block_1_34' title="bbox 865 3040 3563 3129">
    <p class='ocr_par' dir='ltr' id='par_1_34' title="bbox 865 3040 3563 3129">
     <span class='ocr_line' id='line_1_34' title="bbox 865 3040 3563 3129; baseline 0.001 -35"><span class='ocrx_word' id='word_1_285' title='bbox 865 3040 984 3129; x_wconf 86' lang='lat' dir='ltr'><strong>acie</strong></span> <span class='ocrx_word' id='word_1_286' title='bbox 1006 3040 1155 3103; x_wconf 77' lang='lat' dir='ltr'><strong>vicit,</strong></span> <span class='ocrx_word' id='word_1_287' title='bbox 1200 3041 1342 3095; x_wconf 87' lang='lat' dir='ltr'><strong>etab</strong></span> <span class='ocrx_word' id='word_1_288' title='bbox 1388 3040 1604 3095; x_wconf 85' lang='lat' dir='ltr'><strong>Alarico</strong></span> <span class='ocrx_word' id='word_1_289' title='bbox 1650 3040 1873 3111; x_wconf 76' lang='lat' dir='ltr'><strong>V&#39;isigot.</strong></span> <span class='ocrx_word' id='word_1_290' title='bbox 2187 3065 2240 3129; x_wconf 67' lang='grc' dir='ltr'><strong>ο</strong></span> <span class='ocrx_word' id='word_1_291' title='bbox 2327 3091 2330 3093; x_wconf 18' lang='grc' dir='ltr'><strong>Α</strong></span> <span class='ocrx_word' id='word_1_292' title='bbox 2547 3043 2706 3098; x_wconf 87' lang='lat' dir='ltr'><strong>dione</strong></span> <span class='ocrx_word' id='word_1_293' title='bbox 2734 3040 3010 3098; x_wconf 87' lang='lat' dir='ltr'><strong>Calbolico</strong></span> <span class='ocrx_word' id='word_1_294' title='bbox 3040 3043 3232 3097; x_wconf 84' lang='lat' dir='ltr'><strong>Petrus</strong></span> <span class='ocrx_word' id='word_1_295' title='bbox 3272 3042 3424 3098; x_wconf 82' lang='lat' dir='ltr'><strong>Fullo</strong></span> <span class='ocrx_word' id='word_1_296' title='bbox 3470 3042 3563 3097; x_wconf 89' lang='lat' dir='ltr'><strong>Sc-</strong></span> 
     </span>
    </p>
   </div>
   <div class='ocr_carea' id='block_1_35' title="bbox 873 3128 3558 3204">
    <p class='ocr_par' dir='ltr' id='par_1_35' title="bbox 873 3128 3558 3204">
     <span class='ocr_line' id='line_1_35' title="bbox 873 3128 3558 3204; baseline 0.001 -21"><span class='ocrx_word' id='word_1_297' title='bbox 873 3128 1017 3198; x_wconf 79' lang='lat' dir='ltr'><strong>Rege</strong></span> <span class='ocrx_word' id='word_1_298' title='bbox 1041 3129 1106 3181; x_wconf 90' lang='lat' dir='ltr'><strong>ad</strong></span> <span class='ocrx_word' id='word_1_299' title='bbox 1142 3144 1300 3197; x_wconf 88' lang='lat' dir='ltr'><strong>quem</strong></span> <span class='ocrx_word' id='word_1_300' title='bbox 1336 3129 1562 3198; x_wconf 79' lang='lat' dir='ltr'><strong>fugerat,</strong></span> <span class='ocrx_word' id='word_1_301' title='bbox 1614 3129 1882 3185; x_wconf 70' lang='lat' dir='ltr'><strong>ClodoVeo</strong></span> <span class='ocrx_word' id='word_1_302' title='bbox 2215 3128 2224 3129; x_wconf 19' lang='grc' dir='ltr'>θ</span> <span class='ocrx_word' id='word_1_303' title='bbox 2550 3133 2670 3188; x_wconf 89' lang='lat' dir='ltr'><strong>dem</strong></span> <span class='ocrx_word' id='word_1_304' title='bbox 2705 3143 2955 3203; x_wconf 82' lang='lat' dir='ltr'><strong>occupat,</strong></span> <span class='ocrx_word' id='word_1_305' title='bbox 2978 3143 3032 3190; x_wconf 89' lang='lat' dir='ltr'><strong>et</strong></span> <span class='ocrx_word' id='word_1_306' title='bbox 3058 3133 3321 3204; x_wconf 81' lang='lat' dir='ltr'><strong>Xenajam</strong></span> <span class='ocrx_word' id='word_1_307' title='bbox 3350 3149 3558 3189; x_wconf 74' lang='lat' dir='ltr'><strong>servum</strong></span> 
     </span>
    </p>
   </div>
   <div class='ocr_carea' id='block_1_36' title="bbox 869 3219 3566 3295">
    <p class='ocr_par' dir='ltr' id='par_1_36' title="bbox 869 3219 3566 3295">
     <span class='ocr_line' id='line_1_36' title="bbox 869 3219 3566 3295; baseline 0.001 -19"><span class='ocrx_word' id='word_1_308' title='bbox 869 3221 1080 3276; x_wconf 89' lang='lat' dir='ltr'><strong>deditus</strong></span> <span class='ocrx_word' id='word_1_309' title='bbox 1100 3221 1382 3274; x_wconf 84' lang='lat' dir='ltr'><strong>occiditur.</strong></span> <span class='ocrx_word' id='word_1_310' title='bbox 1429 3220 1508 3273; x_wconf 74' lang='lat' dir='ltr'><strong>Ex</strong></span> <span class='ocrx_word' id='word_1_311' title='bbox 1533 3219 1736 3291; x_wconf 88' lang='lat' dir='ltr'><strong>Gregor</strong></span> <span class='ocrx_word' id='word_1_312' title='bbox 1773 3220 1882 3275; x_wconf 85' lang='lat' dir='ltr'><strong>Tu-</strong></span> <span class='ocrx_word' id='word_1_313' title='bbox 2005 3280 2017 3288; x_wconf 37' lang='lat'><strong>,</strong></span> <span class='ocrx_word' id='word_1_314' title='bbox 2547 3224 2765 3279; x_wconf 84' lang='lat' dir='ltr'><strong>Persam</strong></span> <span class='ocrx_word' id='word_1_315' title='bbox 2794 3225 3086 3295; x_wconf 79' lang='lat' dir='ltr'><strong>llierapolis</strong></span> <span class='ocrx_word' id='word_1_316' title='bbox 3104 3225 3425 3295; x_wconf 87' lang='lat' dir='ltr'><strong>Episcopum</strong></span> <span class='ocrx_word' id='word_1_317' title='bbox 3442 3239 3566 3279; x_wconf 85' lang='lat' dir='ltr'><strong>con-</strong></span> 
     </span>
    </p>
   </div>
   <div class='ocr_carea' id='block_1_37' title="bbox 869 3303 3565 3388">
    <p class='ocr_par' dir='ltr' id='par_1_37' title="bbox 869 3303 3565 3388">
     <span class='ocr_line' id='line_1_37' title="bbox 869 3303 3565 3388; baseline 0.002 -24"><span class='ocrx_word' id='word_1_318' title='bbox 869 3327 966 3367; x_wconf 87' lang='lat' dir='ltr'><strong>ron</strong></span> <span class='ocrx_word' id='word_1_319' title='bbox 990 3320 1043 3366; x_wconf 87' lang='lat' dir='ltr'><strong>et</strong></span> <span class='ocrx_word' id='word_1_320' title='bbox 1069 3310 1337 3367; x_wconf 74' lang='lat' dir='ltr'><strong>Aimoiuo.</strong></span> <span class='ocrx_word' id='word_1_321' title='bbox 1365 3311 1632 3367; x_wconf 77' lang='lat' dir='ltr'><strong>Petavius.</strong></span> <span class='ocrx_word' id='word_1_322' title='bbox 2549 3318 2741 3382; x_wconf 87' lang='lat' dir='ltr'><strong>stituit,</strong></span> <span class='ocrx_word' id='word_1_323' title='bbox 2768 3318 2860 3388; x_wconf 79' lang='lat' dir='ltr'><strong>qui</strong></span> <span class='ocrx_word' id='word_1_324' title='bbox 2884 3327 3069 3371; x_wconf 88' lang='lat' dir='ltr'><strong>contra</strong></span> <span class='ocrx_word' id='word_1_325' title='bbox 3098 3303 3284 3372; x_wconf 84' lang='lat' dir='ltr'><strong>sacras</strong></span> <span class='ocrx_word' id='word_1_326' title='bbox 3307 3318 3565 3386; x_wconf 84' lang='lat' dir='ltr'><strong>imagines</strong></span> 
     </span>
    </p>
   </div>
   <div class='ocr_carea' id='block_1_38' title="bbox 2553 3407 3563 3479">
    <p class='ocr_par' dir='ltr' id='par_1_38' title="bbox 2553 3407 3563 3479">
     <span class='ocr_line' id='line_1_38' title="bbox 2553 3407 3563 3479; baseline -0.001 -18"><span class='ocrx_word' id='word_1_327' title='bbox 2553 3409 2763 3479; x_wconf 88' lang='lat' dir='ltr'><strong>primus</strong></span> <span class='ocrx_word' id='word_1_328' title='bbox 2808 3408 3192 3478; x_wconf 77' lang='lat' dir='ltr'><strong>dogmatizavit</strong></span> <span class='ocrx_word' id='word_1_329' title='bbox 3239 3407 3464 3475; x_wconf 86' lang='lat' dir='ltr'><strong>Theopb</strong></span> <span class='ocrx_word' id='word_1_330' title='bbox 3513 3407 3563 3460; x_wconf 89' lang='lat' dir='ltr'><strong>in</strong></span> 
     </span>
    </p>
   </div>
   <div class='ocr_carea' id='block_1_39' title="bbox 2551 3496 3561 3568">
    <p class='ocr_par' dir='ltr' id='par_1_39' title="bbox 2551 3496 3561 3568">
     <span class='ocr_line' id='line_1_39' title="bbox 2551 3496 3561 3568; baseline 0 -16"><span class='ocrx_word' id='word_1_331' title='bbox 2551 3496 2752 3553; x_wconf 82' lang='lat' dir='ltr'><strong>Miscell</strong></span> <span class='ocrx_word' id='word_1_332' title='bbox 2780 3505 2836 3552; x_wconf 89' lang='lat' dir='ltr'><strong>et</strong></span> <span class='ocrx_word' id='word_1_333' title='bbox 2879 3498 3050 3551; x_wconf 79' lang='lat' dir='ltr'><strong>Anast</strong></span> <span class='ocrx_word' id='word_1_334' title='bbox 3079 3498 3207 3553; x_wconf 88' lang='lat' dir='ltr'><strong>Diae</strong></span> <span class='ocrx_word' id='word_1_335' title='bbox 3255 3498 3312 3552; x_wconf 89' lang='lat' dir='ltr'><strong>in</strong></span> <span class='ocrx_word' id='word_1_336' title='bbox 3353 3496 3561 3568; x_wconf 71' lang='lat' dir='ltr'><strong>Synodo</strong></span> 
     </span>
    </p>
   </div>
   <div class='ocr_carea' id='block_1_40' title="bbox 2555 3586 3568 3659">
    <p class='ocr_par' dir='ltr' id='par_1_40' title="bbox 2555 3586 3568 3659">
     <span class='ocr_line' id='line_1_40' title="bbox 2555 3586 3568 3659; baseline 0 -19"><span class='ocrx_word' id='word_1_337' title='bbox 2555 3586 2652 3642; x_wconf 85' lang='lat' dir='ltr'><strong>Nic</strong></span> <span class='ocrx_word' id='word_1_338' title='bbox 2684 3588 2745 3652; x_wconf 93' lang='lat' dir='ltr'><strong>ll,</strong></span> <span class='ocrx_word' id='word_1_339' title='bbox 2787 3586 3118 3659; x_wconf 80' lang='lat' dir='ltr'><strong>Hierosolan</strong></span> <span class='ocrx_word' id='word_1_340' title='bbox 3142 3587 3410 3658; x_wconf 80' lang='lat' dir='ltr'><strong>EpiscOpo</strong></span> <span class='ocrx_word' id='word_1_341' title='bbox 3433 3586 3568 3641; x_wconf 81' lang='lat' dir='ltr'><strong>Mar-</strong></span> 
     </span>
    </p>
   </div>
   <div class='ocr_carea' id='block_1_41' title="bbox 2555 3678 3568 3752">
    <p class='ocr_par' dir='ltr' id='par_1_41' title="bbox 2555 3678 3568 3752">
     <span class='ocr_line' id='line_1_41' title="bbox 2555 3678 3568 3752; baseline -0.006 -18"><span class='ocrx_word' id='word_1_342' title='bbox 2555 3680 2693 3752; x_wconf 87' lang='lat' dir='ltr'><strong>tyrio</strong></span> <span class='ocrx_word' id='word_1_343' title='bbox 2715 3678 2967 3735; x_wconf 80' lang='lat' dir='ltr'><strong>defuncto</strong></span> <span class='ocrx_word' id='word_1_344' title='bbox 2987 3681 3227 3734; x_wconf 87' lang='lat' dir='ltr'><strong>succedit</strong></span> <span class='ocrx_word' id='word_1_345' title='bbox 3257 3678 3568 3734; x_wconf 79' lang='lat' dir='ltr'><strong>Sallustius.</strong></span> 
     </span>
    </p>
   </div>
   <div class='ocr_carea' id='block_1_42' title="bbox 2552 3770 3566 3844">
    <p class='ocr_par' dir='ltr' id='par_1_42' title="bbox 2552 3770 3566 3844">
     <span class='ocr_line' id='line_1_42' title="bbox 2552 3770 3566 3844; baseline -0.005 -15"><span class='ocrx_word' id='word_1_346' title='bbox 2552 3775 2737 3829; x_wconf 79' lang='lat' dir='ltr'><strong>Petar.</strong></span> <span class='ocrx_word' id='word_1_347' title='bbox 2786 3771 2982 3844; x_wconf 87' lang='lat' dir='ltr'><strong>Pagius</strong></span> <span class='ocrx_word' id='word_1_348' title='bbox 3013 3770 3189 3828; x_wconf 85' lang='lat' dir='ltr'><strong>dill&#39;ert</strong></span> <span class='ocrx_word' id='word_1_349' title='bbox 3214 3771 3283 3826; x_wconf 88' lang='lat' dir='ltr'><strong>ad</strong></span> <span class='ocrx_word' id='word_1_350' title='bbox 3311 3787 3416 3826; x_wconf 88' lang='lat' dir='ltr'><strong>ann</strong></span> <span class='ocrx_word' id='word_1_351' title='bbox 3447 3784 3566 3841; x_wconf 88' lang='lat' dir='ltr'><strong>pro-</strong></span> 
     </span>
    </p>
   </div>
   <div class='ocr_carea' id='block_1_43' title="bbox 2557 3866 2781 3920">
    <p class='ocr_par' dir='ltr' id='par_1_43' title="bbox 2557 3866 2781 3920">
     <span class='ocr_line' id='line_1_43' title="bbox 2557 3866 2781 3920; baseline 0.004 -2"><span class='ocrx_word' id='word_1_352' title='bbox 2557 3866 2781 3920; x_wconf 79' lang='lat' dir='ltr'><strong>ximum.</strong></span> 
     </span>
    </p>
   </div>
   <div class='ocr_carea' id='block_1_44' title="bbox 640 3990 3737 4087">
    <p class='ocr_par' dir='ltr' id='par_1_44' title="bbox 640 3990 3737 4087">
     <span class='ocr_line' id='line_1_44' title="bbox 640 3990 3737 4087; baseline -0.006 -15"><span class='ocrx_word' id='word_1_353' title='bbox 640 4017 782 4073; x_wconf 77' lang='lat'><strong>5199</strong></span> <span class='ocrx_word' id='word_1_354' title='bbox 947 4017 1058 4087; x_wconf 89' lang='lat' dir='ltr'><strong>lmp</strong></span> <span class='ocrx_word' id='word_1_355' title='bbox 1083 4015 1200 4072; x_wconf 60' lang='lat' dir='ltr'><strong>Cres</strong></span> <span class='ocrx_word' id='word_1_356' title='bbox 1221 4014 1365 4070; x_wconf 88' lang='lat' dir='ltr'><strong>Zeno</strong></span> <span class='ocrx_word' id='word_1_357' title='bbox 1387 4017 1505 4083; x_wconf 80' lang='lat' dir='ltr'><strong>Aug</strong></span> <span class='ocrx_word' id='word_1_358' title='bbox 1528 4023 1595 4069; x_wconf 89' lang='lat' dir='ltr'><strong>tr.</strong></span> <span class='ocrx_word' id='word_1_359' title='bbox 1623 4013 1882 4085; x_wconf 74' lang='lat' dir='ltr'><strong>p.12,15.</strong></span> <span class='ocrx_word' id='word_1_360' title='bbox 1960 4012 2099 4066; x_wconf 69' lang='lat'><strong>1258</strong></span> <span class='ocrx_word' id='word_1_361' title='bbox 2629 3999 2825 4054; x_wconf 76' lang='lat' dir='ltr'><strong>Felieis</strong></span> <span class='ocrx_word' id='word_1_362' title='bbox 2861 3999 2895 4054; x_wconf 81' lang='lat'><strong>3</strong></span> <span class='ocrx_word' id='word_1_363' title='bbox 2914 3995 3046 4053; x_wconf 65' lang='lat'><strong>814-</strong></span> <span class='ocrx_word' id='word_1_364' title='bbox 3659 3990 3737 4046; x_wconf 65' lang='lat'><strong>135</strong></span> 
     </span>
    </p>
   </div>
   <div class='ocr_carea' id='block_1_45' title="bbox 623 4087 2169 4185">
    <p class='ocr_par' dir='ltr' id='par_1_45' title="bbox 623 4105 2099 4185">
     <span class='ocr_line' id='line_1_45' title="bbox 623 4105 2099 4185; baseline -0.003 -21"><span class='ocrx_word' id='word_1_365' title='bbox 623 4110 701 4185; x_wconf 64' lang='grc' dir='ltr'><strong>εδ</strong></span> <span class='ocrx_word' id='word_1_366' title='bbox 752 4109 811 4164; x_wconf 86' lang='grc'><strong>19</strong></span> <span class='ocrx_word' id='word_1_367' title='bbox 881 4107 984 4164; x_wconf 86' lang='lat' dir='ltr'><strong>Cos</strong></span> <span class='ocrx_word' id='word_1_368' title='bbox 1015 4124 1092 4163; x_wconf 93' lang='grc' dir='ltr'>ιιι.</span> <span class='ocrx_word' id='word_1_369' title='bbox 1961 4105 2099 4160; x_wconf 68' lang='lat'><strong>1239</strong></span> 
     </span>
    </p>
   </div>
   <div class='ocr_carea' id='block_1_46' title="bbox 2018 4087 3564 4185">
    <p class='ocr_par' dir='ltr' id='par_1_46' title="bbox 2018 4087 3564 4159">
     <span class='ocr_line' id='line_1_46' title="bbox 2018 4087 3564 4159; baseline -0.006 -7"><span class='ocrx_word' id='word_1_370' title='bbox 2018 4105 2099 4159; x_wconf 65' lang='lat'><strong>:39</strong></span> <span class='ocrx_word' id='word_1_371' title='bbox 2379 4110 2418 4148; x_wconf 90' lang='grc' dir='ltr'><strong>ιι</strong></span> <span class='ocrx_word' id='word_1_372' title='bbox 2523 4115 2540 4122; x_wconf 55' lang='grc' dir='ltr'><strong>ν·</strong></span> <span class='ocrx_word' id='word_1_373' title='bbox 2627 4090 2863 4147; x_wconf 79' lang='lat' dir='ltr'><strong>Joannes</strong></span> <span class='ocrx_word' id='word_1_374' title='bbox 2920 4090 3272 4145; x_wconf 73' lang='lat' dir='ltr'><strong>Antiochense</strong></span> <span class='ocrx_word' id='word_1_375' title='bbox 3319 4087 3564 4143; x_wconf 73' lang='lat' dir='ltr'><strong>Ecclesiae</strong></span> 
     </span>
    </p>
   </div>
   <div class='ocr_carea' id='block_1_47' title="bbox 621 4178 3570 4274">
    <p class='ocr_par' dir='ltr' id='par_1_47' title="bbox 621 4178 3570 4274">
     <span class='ocr_line' id='line_1_47' title="bbox 621 4178 3570 4274; baseline -0.008 -17"><span class='ocrx_word' id='word_1_376' title='bbox 621 4178 699 4269; x_wconf 67' lang='grc' dir='ltr'><strong>ὅ</strong></span> <span class='ocrx_word' id='word_1_377' title='bbox 736 4201 801 4256; x_wconf 75' lang='grc'><strong>12</strong></span> <span class='ocrx_word' id='word_1_378' title='bbox 940 4201 1196 4258; x_wconf 89' lang='lat' dir='ltr'><strong>Odoacris</strong></span> <span class='ocrx_word' id='word_1_379' title='bbox 1219 4202 1382 4274; x_wconf 83' lang='lat' dir='ltr'><strong>Regis</strong></span> <span class='ocrx_word' id='word_1_380' title='bbox 1413 4202 1494 4268; x_wconf 88' lang='lat'><strong>10,</strong></span> <span class='ocrx_word' id='word_1_381' title='bbox 1520 4211 1574 4257; x_wconf 87' lang='lat' dir='ltr'><strong>et</strong></span> <span class='ocrx_word' id='word_1_382' title='bbox 1598 4203 1681 4256; x_wconf 86' lang='grc'><strong>11.</strong></span> <span class='ocrx_word' id='word_1_383' title='bbox 2557 4182 3044 4274; x_wconf 63' lang='lat' dir='ltr'><strong>Presbytereontra</strong></span> <span class='ocrx_word' id='word_1_384' title='bbox 3071 4179 3436 4274; x_wconf 56' lang='lat' dir='ltr'><strong>Eutgchianos</strong></span> <span class='ocrx_word' id='word_1_385' title='bbox 3449 4178 3570 4274; x_wconf 77' lang='lat' dir='ltr'><strong>scri-</strong></span> 
     </span>
    </p>
   </div>
   <div class='ocr_carea' id='block_1_48' title="bbox 693 4271 2239 4346">
    <p class='ocr_par' dir='ltr' id='par_1_48' title="bbox 693 4271 1325 4346">
     <span class='ocr_line' id='line_1_48' title="bbox 693 4271 1325 4346; baseline 0.005 -3"><span class='ocrx_word' id='word_1_386' title='bbox 693 4291 740 4343; x_wconf 86' lang='lat' dir='ltr'><em>E</em></span> <span class='ocrx_word' id='word_1_387' title='bbox 879 4295 1006 4346; x_wconf 44' lang='lat' dir='ltr'><strong>nu’-</strong></span> <span class='ocrx_word' id='word_1_388' title='bbox 1088 4271 1325 4346; x_wconf 35' lang='lat' dir='ltr'><strong>Decius:</strong></span> 
     </span>
    </p>
   </div>
   <div class='ocr_carea' id='block_1_49' title="bbox 2017 4271 3563 4346">
    <p class='ocr_par' dir='ltr' id='par_1_49' title="bbox 2554 4271 3563 4341">
     <span class='ocr_line' id='line_1_49' title="bbox 2554 4271 3563 4341; baseline -0.004 -13"><span class='ocrx_word' id='word_1_389' title='bbox 2554 4273 2634 4328; x_wconf 91' lang='lat' dir='ltr'><strong>bit</strong></span> <span class='ocrx_word' id='word_1_390' title='bbox 2657 4272 2928 4327; x_wconf 79' lang='lat' dir='ltr'><strong>Marcellin</strong></span> <span class='ocrx_word' id='word_1_391' title='bbox 2965 4287 3126 4341; x_wconf 86' lang='lat' dir='ltr'><strong>quem</strong></span> <span class='ocrx_word' id='word_1_392' title='bbox 3173 4271 3481 4326; x_wconf 89' lang='lat' dir='ltr'><strong>Gennadius</strong></span> <span class='ocrx_word' id='word_1_393' title='bbox 3504 4271 3563 4325; x_wconf 89' lang='lat' dir='ltr'><strong>de</strong></span> 
     </span>
    </p>
   </div>
   <div class='ocr_carea' id='block_1_50' title="bbox 617 4325 3569 4430">
    <p class='ocr_par' dir='ltr' id='par_1_50' title="bbox 617 4325 3569 4430">
     <span class='ocr_line' id='line_1_50' title="bbox 693 4325 3439 4346; baseline 0 0"><span class='ocrx_word' id='word_1_394' title='bbox 693 4325 736 4343; x_wconf 73' lang='grc' dir='ltr'><strong><em>υ</em></strong></span> <span class='ocrx_word' id='word_1_395' title='bbox 1091 4325 1299 4346; x_wconf 65' lang='grc' dir='ltr'><strong>υςυυδ.</strong></span> <span class='ocrx_word' id='word_1_396' title='bbox 2556 4325 2700 4328; x_wconf 55' lang='grc' dir='ltr'><strong>πη</strong></span> <span class='ocrx_word' id='word_1_397' title='bbox 2789 4325 2828 4327; x_wconf 56' lang='grc' dir='ltr'><em>η</em></span> <span class='ocrx_word' id='word_1_398' title='bbox 2983 4325 2998 4341; x_wconf 82' lang='grc' dir='ltr'>ι</span> <span class='ocrx_word' id='word_1_399' title='bbox 3052 4325 3061 4326; x_wconf 46' lang='grc' dir='ltr'><em>κ</em></span> <span class='ocrx_word' id='word_1_400' title='bbox 3190 4325 3199 4326; x_wconf 46' lang='grc' dir='ltr'><em>κ</em></span> <span class='ocrx_word' id='word_1_401' title='bbox 3432 4325 3439 4326; x_wconf 51' lang='grc' dir='ltr'><em>ν</em></span> 
     </span>
     <span class='ocr_line' id='line_1_51' title="bbox 617 4325 3569 4430; baseline 0.001 -17"><span class='ocrx_word' id='word_1_402' title='bbox 617 4359 794 4415; x_wconf 84' lang='lat' dir='ltr'><strong>Indict</strong></span> <span class='ocrx_word' id='word_1_403' title='bbox 878 4325 1012 4382; x_wconf 67' lang='lat' dir='ltr'><strong>coss</strong></span> <span class='ocrx_word' id='word_1_404' title='bbox 1085 4361 1376 4430; x_wconf 86' lang='lat' dir='ltr'><strong>Longinus.</strong></span> <span class='ocrx_word' id='word_1_405' title='bbox 2556 4364 2688 4419; x_wconf 65' lang='lat' dir='ltr'><strong>Viris</strong></span> <span class='ocrx_word' id='word_1_406' title='bbox 2735 4363 2788 4418; x_wconf 91' lang='lat' dir='ltr'><strong>ill</strong></span> <span class='ocrx_word' id='word_1_407' title='bbox 2819 4380 2867 4419; x_wconf 89' lang='lat' dir='ltr'><strong>c.</strong></span> <span class='ocrx_word' id='word_1_408' title='bbox 2900 4363 2988 4428; x_wconf 82' lang='grc'><strong>95,</strong></span> <span class='ocrx_word' id='word_1_409' title='bbox 3018 4361 3423 4417; x_wconf 82' lang='lat' dir='ltr'><strong>Nestorianismi</strong></span> <span class='ocrx_word' id='word_1_410' title='bbox 3457 4377 3569 4418; x_wconf 83' lang='lat' dir='ltr'><strong>sus-</strong></span> 
     </span>
    </p>
   </div>
   <div class='ocr_carea' id='block_1_51' title="bbox 687 4447 3574 4527">
    <p class='ocr_par' dir='ltr' id='par_1_51' title="bbox 687 4447 3574 4527">
     <span class='ocr_line' id='line_1_52' title="bbox 687 4447 3574 4527; baseline -0 -21"><span class='ocrx_word' id='word_1_411' title='bbox 687 4467 742 4506; x_wconf 82' lang='lat' dir='ltr'><strong>tx</strong></span> <span class='ocrx_word' id='word_1_412' title='bbox 947 4449 1117 4504; x_wconf 77' lang='lat' dir='ltr'><strong>Vetus</strong></span> <span class='ocrx_word' id='word_1_413' title='bbox 1141 4452 1362 4520; x_wconf 91' lang='lat' dir='ltr'><strong>inscript</strong></span> <span class='ocrx_word' id='word_1_414' title='bbox 1392 4452 1442 4504; x_wconf 91' lang='lat' dir='ltr'><strong>in</strong></span> <span class='ocrx_word' id='word_1_415' title='bbox 1481 4449 1540 4504; x_wconf 89' lang='lat' dir='ltr'><strong>S.</strong></span> <span class='ocrx_word' id='word_1_416' title='bbox 1582 4449 1794 4504; x_wconf 82' lang='lat' dir='ltr'><strong>Martini</strong></span> <span class='ocrx_word' id='word_1_417' title='bbox 1822 4449 1888 4504; x_wconf 88' lang='lat' dir='ltr'><strong>de</strong></span> <span class='ocrx_word' id='word_1_418' title='bbox 2190 4447 2245 4506; x_wconf 90' lang='lat' dir='ltr'><strong>D</strong></span> <span class='ocrx_word' id='word_1_419' title='bbox 2550 4464 2762 4527; x_wconf 74' lang='lat' dir='ltr'><strong>pectunt</strong></span> <span class='ocrx_word' id='word_1_420' title='bbox 2782 4453 2964 4519; x_wconf 86' lang='lat' dir='ltr'><strong>habet,</strong></span> <span class='ocrx_word' id='word_1_421' title='bbox 2991 4454 3314 4508; x_wconf 85' lang='lat' dir='ltr'><strong>observante</strong></span> <span class='ocrx_word' id='word_1_422' title='bbox 3343 4452 3574 4507; x_wconf 84' lang='lat' dir='ltr'><strong>Petavio.</strong></span> 
     </span>
    </p>
   </div>
   <div class='ocr_carea' id='block_1_52' title="bbox 637 4543 3573 4614">
    <p class='ocr_par' dir='ltr' id='par_1_52' title="bbox 637 4543 3573 4614">
     <span class='ocr_line' id='line_1_53' title="bbox 637 4543 3573 4614; baseline -0.001 -15"><span class='ocrx_word' id='word_1_423' title='bbox 637 4553 742 4599; x_wconf 66' lang='lat' dir='ltr'><strong>et:</strong></span> <span class='ocrx_word' id='word_1_424' title='bbox 879 4544 1167 4608; x_wconf 82' lang='lat' dir='ltr'><strong>Montibus,</strong></span> <span class='ocrx_word' id='word_1_425' title='bbox 1199 4543 1351 4611; x_wconf 88' lang='lat' dir='ltr'><strong>cujus</strong></span> <span class='ocrx_word' id='word_1_426' title='bbox 1393 4544 1551 4598; x_wconf 87' lang='lat' dir='ltr'><strong>modo</strong></span> <span class='ocrx_word' id='word_1_427' title='bbox 1589 4543 1884 4612; x_wconf 81' lang='lat' dir='ltr'><strong>fragmenta</strong></span> <span class='ocrx_word' id='word_1_428' title='bbox 2628 4547 2928 4604; x_wconf 83' lang='lat' dir='ltr'><strong>Clodoveus</strong></span> <span class='ocrx_word' id='word_1_429' title='bbox 2987 4543 3309 4600; x_wconf 84' lang='lat' dir='ltr'><strong>Chlotildem</strong></span> <span class='ocrx_word' id='word_1_430' title='bbox 3357 4543 3573 4614; x_wconf 86' lang='lat' dir='ltr'><strong>Chilpe-</strong></span> 
     </span>
    </p>
   </div>
   <div class='ocr_carea' id='block_1_53' title="bbox 869 4633 3626 4714">
    <p class='ocr_par' dir='ltr' id='par_1_53' title="bbox 869 4633 3626 4714">
     <span class='ocr_line' id='line_1_54' title="bbox 869 4633 3626 4714; baseline -0.001 -25"><span class='ocrx_word' id='word_1_431' title='bbox 869 4644 1157 4704; x_wconf 86' lang='lat' dir='ltr'><strong>supersunt</strong></span> <span class='ocrx_word' id='word_1_432' title='bbox 1187 4635 1238 4689; x_wconf 90' lang='lat' dir='ltr'><strong>in</strong></span> <span class='ocrx_word' id='word_1_433' title='bbox 1276 4634 1475 4705; x_wconf 87' lang='lat' dir='ltr'><strong>pavim.</strong></span> <span class='ocrx_word' id='word_1_434' title='bbox 1503 4634 1717 4705; x_wconf 85' lang='lat' dir='ltr'><strong>Integra</strong></span> <span class='ocrx_word' id='word_1_435' title='bbox 1758 4633 1885 4704; x_wconf 78' lang='lat' dir='ltr'><strong>legi-</strong></span> <span class='ocrx_word' id='word_1_436' title='bbox 1955 4650 1960 4656; x_wconf 70' lang='lat'><strong>&#39;</strong></span> <span class='ocrx_word' id='word_1_437' title='bbox 2325 4653 2328 4660; x_wconf 89' lang='grc'>·</span> <span class='ocrx_word' id='word_1_438' title='bbox 2558 4639 2654 4694; x_wconf 88' lang='lat' dir='ltr'><strong>rici</strong></span> <span class='ocrx_word' id='word_1_439' title='bbox 2688 4636 2963 4714; x_wconf 78' lang='lat' dir='ltr'><strong>Burgundi</strong></span> <span class='ocrx_word' id='word_1_440' title='bbox 3014 4633 3177 4689; x_wconf 76' lang='lat' dir='ltr'><strong>ﬁliam</strong></span> <span class='ocrx_word' id='word_1_441' title='bbox 3209 4647 3434 4688; x_wconf 79' lang='lat' dir='ltr'><strong>uxorem</strong></span> <span class='ocrx_word' id='word_1_442' title='bbox 3474 4633 3569 4688; x_wconf 85' lang='lat' dir='ltr'><strong>du-</strong></span> <span class='ocrx_word' id='word_1_443' title='bbox 3623 4649 3626 4652; x_wconf 68' lang='grc'><strong>’</strong></span> 
     </span>
    </p>
   </div>
   <div class='ocr_carea' id='block_1_54' title="bbox 869 4728 3572 4800">
    <p class='ocr_par' dir='ltr' id='par_1_54' title="bbox 869 4728 3572 4800">
     <span class='ocr_line' id='line_1_55' title="bbox 869 4728 3572 4800; baseline -0.001 -17"><span class='ocrx_word' id='word_1_444' title='bbox 869 4738 957 4783; x_wconf 90' lang='lat' dir='ltr'><strong>tur</strong></span> <span class='ocrx_word' id='word_1_445' title='bbox 980 4728 1118 4800; x_wconf 89' lang='lat' dir='ltr'><strong>apud</strong></span> <span class='ocrx_word' id='word_1_446' title='bbox 1143 4729 1430 4783; x_wconf 87' lang='lat' dir='ltr'><strong>Fleetvood</strong></span> <span class='ocrx_word' id='word_1_447' title='bbox 1460 4744 1514 4798; x_wconf 91' lang='lat' dir='ltr'><strong>p.</strong></span> <span class='ocrx_word' id='word_1_448' title='bbox 1538 4728 1662 4791; x_wconf 70' lang='grc'><strong>458,</strong></span> <span class='ocrx_word' id='word_1_449' title='bbox 1704 4738 1758 4782; x_wconf 92' lang='lat' dir='ltr'><strong>et</strong></span> <span class='ocrx_word' id='word_1_450' title='bbox 1787 4729 1888 4782; x_wconf 86' lang='lat' dir='ltr'><strong>Re-</strong></span> <span class='ocrx_word' id='word_1_451' title='bbox 2558 4733 2656 4797; x_wconf 85' lang='lat' dir='ltr'><strong>cit,</strong></span> <span class='ocrx_word' id='word_1_452' title='bbox 2680 4747 2803 4787; x_wconf 89' lang='lat' dir='ltr'><strong>cum</strong></span> <span class='ocrx_word' id='word_1_453' title='bbox 2852 4729 3246 4786; x_wconf 80' lang='lat' dir='ltr'><strong>Theodorieum</strong></span> <span class='ocrx_word' id='word_1_454' title='bbox 3273 4742 3342 4782; x_wconf 75' lang='lat' dir='ltr'><strong>ex</strong></span> <span class='ocrx_word' id='word_1_455' title='bbox 3370 4741 3572 4782; x_wconf 86' lang='lat' dir='ltr'><strong>concu-</strong></span> 
     </span>
    </p>
   </div>
   <div class='ocr_carea' id='block_1_55' title="bbox 863 4819 2409 4895">
    <p class='ocr_par' dir='ltr' id='par_1_55' title="bbox 863 4819 1883 4889">
     <span class='ocr_line' id='line_1_56' title="bbox 863 4819 1883 4889; baseline 0 -16"><span class='ocrx_word' id='word_1_456' title='bbox 863 4819 988 4874; x_wconf 86' lang='lat' dir='ltr'><strong>land</strong></span> <span class='ocrx_word' id='word_1_457' title='bbox 1019 4819 1084 4873; x_wconf 91' lang='lat' dir='ltr'><strong>ad</strong></span> <span class='ocrx_word' id='word_1_458' title='bbox 1107 4835 1211 4873; x_wconf 89' lang='lat' dir='ltr'><strong>ann</strong></span> <span class='ocrx_word' id='word_1_459' title='bbox 1239 4819 1364 4882; x_wconf 70' lang='grc'>472,</span> <span class='ocrx_word' id='word_1_460' title='bbox 1393 4819 1517 4883; x_wconf 76' lang='grc'><strong>486,</strong></span> <span class='ocrx_word' id='word_1_461' title='bbox 1561 4830 1617 4873; x_wconf 89' lang='lat' dir='ltr'><strong>et</strong></span> <span class='ocrx_word' id='word_1_462' title='bbox 1665 4820 1748 4889; x_wconf 86' lang='lat' dir='ltr'><strong>leg</strong></span> <span class='ocrx_word' id='word_1_463' title='bbox 1796 4820 1883 4884; x_wconf 71' lang='lat'><strong>11,</strong></span> 
     </span>
    </p>
   </div>
   <div class='ocr_carea' id='block_1_56' title="bbox 2024 4819 3570 4895">
    <p class='ocr_par' dir='ltr' id='par_1_56' title="bbox 2553 4820 3570 4895">
     <span class='ocr_line' id='line_1_57' title="bbox 2553 4820 3570 4895; baseline -0.003 -16"><span class='ocrx_word' id='word_1_464' title='bbox 2553 4826 2676 4880; x_wconf 88' lang='lat' dir='ltr'><strong>bina</strong></span> <span class='ocrx_word' id='word_1_465' title='bbox 2707 4824 2821 4893; x_wconf 87' lang='lat' dir='ltr'><strong>jam</strong></span> <span class='ocrx_word' id='word_1_466' title='bbox 2861 4825 3203 4895; x_wconf 87' lang='lat' dir='ltr'><strong>suscepisset.</strong></span> <span class='ocrx_word' id='word_1_467' title='bbox 3234 4822 3312 4877; x_wconf 83' lang='lat' dir='ltr'><strong>lbi</strong></span> <span class='ocrx_word' id='word_1_468' title='bbox 3340 4835 3410 4876; x_wconf 79' lang='lat' dir='ltr'><strong>ex</strong></span> <span class='ocrx_word' id='word_1_469' title='bbox 3434 4820 3570 4892; x_wconf 81' lang='lat' dir='ltr'><strong>Greg</strong></span> 
     </span>
    </p>
   </div>
   <div class='ocr_carea' id='block_1_57' title="bbox 867 4909 3079 4979">
    <p class='ocr_par' dir='ltr' id='par_1_57' title="bbox 867 4909 3079 4979">
     <span class='ocr_line' id='line_1_58' title="bbox 867 4909 3079 4979; baseline -0.001 -13"><span class='ocrx_word' id='word_1_470' title='bbox 867 4909 927 4966; x_wconf 89' lang='lat' dir='ltr'><strong>C.</strong></span> <span class='ocrx_word' id='word_1_471' title='bbox 958 4911 1024 4966; x_wconf 90' lang='lat' dir='ltr'><strong>de</strong></span> <span class='ocrx_word' id='word_1_472' title='bbox 1053 4909 1297 4976; x_wconf 89' lang='lat' dir='ltr'><strong>testibus,</strong></span> <span class='ocrx_word' id='word_1_473' title='bbox 1323 4910 1544 4979; x_wconf 80' lang='lat' dir='ltr'><strong>aliaeque</strong></span> <span class='ocrx_word' id='word_1_474' title='bbox 1566 4910 1656 4965; x_wconf 90' lang='lat' dir='ltr'><strong>ibi.</strong></span> <span class='ocrx_word' id='word_1_475' title='bbox 2557 4915 2756 4972; x_wconf 78' lang='lat' dir='ltr'><strong>Turon.</strong></span> <span class='ocrx_word' id='word_1_476' title='bbox 2808 4943 2832 4977; x_wconf 50' lang='grc' dir='ltr'><strong>,ς</strong></span> <span class='ocrx_word' id='word_1_477' title='bbox 3075 4929 3079 4934; x_wconf 92' lang='grc'>·</span> 
     </span>
    </p>
   </div>
   <div class='ocr_carea' id='block_1_58' title="bbox 640 5030 2186 5118">
    <p class='ocr_par' dir='ltr' id='par_1_58' title="bbox 640 5031 2102 5118">
     <span class='ocr_line' id='line_1_59' title="bbox 640 5031 2102 5118; baseline -0.002 -15"><span class='ocrx_word' id='word_1_478' title='bbox 640 5046 780 5104; x_wconf 74' lang='lat'><strong>5200</strong></span> <span class='ocrx_word' id='word_1_479' title='bbox 864 5031 869 5038; x_wconf 85' lang='grc'><em>’</em></span> <span class='ocrx_word' id='word_1_480' title='bbox 948 5047 1061 5116; x_wconf 85' lang='lat' dir='ltr'><strong>Imp</strong></span> <span class='ocrx_word' id='word_1_481' title='bbox 1081 5047 1201 5102; x_wconf 72' lang='lat' dir='ltr'><strong>Caes</strong></span> <span class='ocrx_word' id='word_1_482' title='bbox 1221 5044 1364 5102; x_wconf 86' lang='lat' dir='ltr'><strong>Zeno</strong></span> <span class='ocrx_word' id='word_1_483' title='bbox 1383 5043 1500 5118; x_wconf 83' lang='lat' dir='ltr'><strong>Aug</strong></span> <span class='ocrx_word' id='word_1_484' title='bbox 1523 5054 1593 5101; x_wconf 86' lang='lat' dir='ltr'><strong>tr.</strong></span> <span class='ocrx_word' id='word_1_485' title='bbox 1617 5063 1669 5118; x_wconf 92' lang='lat' dir='ltr'><strong>p.</strong></span> <span class='ocrx_word' id='word_1_486' title='bbox 1694 5045 1884 5111; x_wconf 43' lang='grc' dir='ltr'>ιλιι.</span> <span class='ocrx_word' id='word_1_487' title='bbox 1966 5045 2102 5101; x_wconf 67' lang='grc' dir='ltr'><strong>ηδε)</strong></span> 
     </span>
    </p>
   </div>
   <div class='ocr_carea' id='block_1_59' title="bbox 2189 5030 3735 5118">
    <p class='ocr_par' dir='ltr' id='par_1_59' title="bbox 2379 5030 3735 5105">
     <span class='ocr_line' id='line_1_60' title="bbox 2379 5030 3735 5105; baseline -0.002 -1"><span class='ocrx_word' id='word_1_488' title='bbox 2379 5065 2418 5105; x_wconf 87' lang='grc' dir='ltr'><strong>ιι</strong></span> <span class='ocrx_word' id='word_1_489' title='bbox 2632 5047 2825 5103; x_wconf 86' lang='lat' dir='ltr'><strong>Felicis</strong></span> <span class='ocrx_word' id='word_1_490' title='bbox 2851 5047 2885 5101; x_wconf 78' lang='grc'><strong>4</strong></span> <span class='ocrx_word' id='word_1_491' title='bbox 2911 5055 2967 5103; x_wconf 91' lang='lat' dir='ltr'><strong>et</strong></span> <span class='ocrx_word' id='word_1_492' title='bbox 2988 5066 3041 5102; x_wconf 74' lang='grc' dir='ltr'><strong>ι).</strong></span> <span class='ocrx_word' id='word_1_493' title='bbox 3669 5030 3735 5088; x_wconf 64' lang='grc'><strong>⁸8⁷</strong></span> 
     </span>
    </p>
   </div>
   <div class='ocr_carea' id='block_1_60' title="bbox 620 5135 2166 5211">
    <p class='ocr_par' dir='ltr' id='par_1_60' title="bbox 620 5135 2104 5211">
     <span class='ocr_line' id='line_1_61' title="bbox 620 5135 2104 5211; baseline 0.001 -20"><span class='ocrx_word' id='word_1_494' title='bbox 620 5136 806 5211; x_wconf 68' lang='grc' dir='ltr'><strong>ΘΞΟ</strong></span> <span class='ocrx_word' id='word_1_495' title='bbox 883 5135 1092 5192; x_wconf 87' lang='lat' dir='ltr'><strong>Cosm.</strong></span> <span class='ocrx_word' id='word_1_496' title='bbox 1157 5179 1163 5184; x_wconf 89' lang='lat'><strong>.</strong></span> <span class='ocrx_word' id='word_1_497' title='bbox 1445 5177 1450 5182; x_wconf 81' lang='lat'><strong>.</strong></span> <span class='ocrx_word' id='word_1_498' title='bbox 1965 5137 2104 5192; x_wconf 66' lang='grc'><strong>1210</strong></span> 
     </span>
    </p>
   </div>
   <div class='ocr_carea' id='block_1_61' title="bbox 2016 5135 3562 5211">
    <p class='ocr_par' dir='ltr' id='par_1_61' title="bbox 2016 5135 3562 5208">
     <span class='ocr_line' id='line_1_62' title="bbox 2016 5135 3562 5208; baseline -0.002 -17"><span class='ocrx_word' id='word_1_499' title='bbox 2016 5137 2104 5192; x_wconf 68' lang='grc'><strong>110</strong></span> <span class='ocrx_word' id='word_1_500' title='bbox 2366 5155 2424 5195; x_wconf 85' lang='grc' dir='ltr'><strong>ιιι</strong></span> <span class='ocrx_word' id='word_1_501' title='bbox 2544 5200 2553 5208; x_wconf 53' lang='lat'><strong>,</strong></span> <span class='ocrx_word' id='word_1_502' title='bbox 2632 5139 2889 5207; x_wconf 85' lang='lat' dir='ltr'><strong>Quintum</strong></span> <span class='ocrx_word' id='word_1_503' title='bbox 2920 5135 3218 5193; x_wconf 85' lang='lat' dir='ltr'><strong>Concilium</strong></span> <span class='ocrx_word' id='word_1_504' title='bbox 3263 5136 3562 5190; x_wconf 76' lang='lat' dir='ltr'><strong>Romanum</strong></span> 
     </span>
    </p>
   </div>
   <div class='ocr_carea' id='block_1_62' title="bbox 623 5221 2169 5300">
    <p class='ocr_par' dir='ltr' id='par_1_62' title="bbox 623 5221 1697 5300">
     <span class='ocr_line' id='line_1_63' title="bbox 623 5221 1697 5300; baseline -0.001 -16"><span class='ocrx_word' id='word_1_505' title='bbox 623 5221 702 5298; x_wconf 63' lang='grc' dir='ltr'>δ</span> <span class='ocrx_word' id='word_1_506' title='bbox 740 5229 807 5284; x_wconf 80' lang='grc'><strong>15</strong></span> <span class='ocrx_word' id='word_1_507' title='bbox 953 5228 1209 5286; x_wconf 86' lang='lat' dir='ltr'><strong>Odoacris</strong></span> <span class='ocrx_word' id='word_1_508' title='bbox 1238 5228 1400 5300; x_wconf 87' lang='lat' dir='ltr'><strong>Regis</strong></span> <span class='ocrx_word' id='word_1_509' title='bbox 1433 5230 1491 5286; x_wconf 89' lang='lat'><strong>11</strong></span> <span class='ocrx_word' id='word_1_510' title='bbox 1525 5239 1580 5286; x_wconf 87' lang='lat' dir='ltr'><strong>et</strong></span> <span class='ocrx_word' id='word_1_511' title='bbox 1611 5232 1697 5286; x_wconf 72' lang='lat'><strong>12.</strong></span> 
     </span>
    </p>
   </div>
   <div class='ocr_carea' id='block_1_63' title="bbox 2021 5221 3567 5300">
    <p class='ocr_par' dir='ltr' id='par_1_63' title="bbox 2558 5225 3567 5292">
     <span class='ocr_line' id='line_1_64' title="bbox 2558 5225 3567 5292; baseline -0.011 -7"><span class='ocrx_word' id='word_1_512' title='bbox 2558 5230 2655 5286; x_wconf 88' lang='lat' dir='ltr'><strong>sub</strong></span> <span class='ocrx_word' id='word_1_513' title='bbox 2695 5229 2872 5284; x_wconf 86' lang='lat' dir='ltr'><strong>Felice</strong></span> <span class='ocrx_word' id='word_1_514' title='bbox 2898 5227 2988 5292; x_wconf 87' lang='lat' dir='ltr'><strong>lll,</strong></span> <span class='ocrx_word' id='word_1_515' title='bbox 3032 5227 3256 5282; x_wconf 85' lang='lat' dir='ltr'><strong>Boethio</strong></span> <span class='ocrx_word' id='word_1_516' title='bbox 3284 5225 3344 5279; x_wconf 84' lang='lat' dir='ltr'><strong>V.</strong></span> <span class='ocrx_word' id='word_1_517' title='bbox 3375 5225 3437 5280; x_wconf 90' lang='lat' dir='ltr'><strong>C.</strong></span> <span class='ocrx_word' id='word_1_518' title='bbox 3461 5240 3567 5279; x_wconf 87' lang='lat' dir='ltr'><strong>cos.</strong></span> 
     </span>
    </p>
   </div>
   <div class='ocr_carea' id='block_1_64' title="bbox 587 5315 3357 5394">
    <p class='ocr_par' dir='ltr' id='par_1_64' title="bbox 587 5315 3357 5394">
     <span class='ocr_line' id='line_1_65' title="bbox 587 5315 3357 5394; baseline -0.003 -18"><span class='ocrx_word' id='word_1_519' title='bbox 587 5319 640 5376; x_wconf 86' lang='lat' dir='ltr'><strong><em>D</em></strong></span> <span class='ocrx_word' id='word_1_520' title='bbox 949 5319 1052 5376; x_wconf 88' lang='lat' dir='ltr'><strong>Cos</strong></span> <span class='ocrx_word' id='word_1_521' title='bbox 1080 5321 1161 5377; x_wconf 88' lang='lat' dir='ltr'><strong>Fl.</strong></span> <span class='ocrx_word' id='word_1_522' title='bbox 1190 5321 1444 5377; x_wconf 86' lang='lat' dir='ltr'><strong>Boethius</strong></span> <span class='ocrx_word' id='word_1_523' title='bbox 1465 5323 1631 5378; x_wconf 89' lang='lat' dir='ltr'><strong>solus.</strong></span> <span class='ocrx_word' id='word_1_524' title='bbox 1979 5347 1984 5352; x_wconf 87' lang='lat'><em>-</em></span> <span class='ocrx_word' id='word_1_525' title='bbox 2541 5321 2694 5394; x_wconf 59' lang='lat' dir='ltr'><strong>Vide</strong></span> <span class='ocrx_word' id='word_1_526' title='bbox 2723 5329 2880 5376; x_wconf 87' lang='lat' dir='ltr'><strong>notas</strong></span> <span class='ocrx_word' id='word_1_527' title='bbox 2903 5319 2970 5373; x_wconf 89' lang='lat' dir='ltr'><strong>ad</strong></span> <span class='ocrx_word' id='word_1_528' title='bbox 3011 5317 3247 5374; x_wconf 87' lang='lat' dir='ltr'><strong>Felicem</strong></span> <span class='ocrx_word' id='word_1_529' title='bbox 3273 5315 3357 5371; x_wconf 88' lang='grc'><strong>111.</strong></span> 
     </span>
    </p>
   </div>
   <div class='ocr_carea' id='block_1_65' title="bbox 638 5404 3567 5483">
    <p class='ocr_par' dir='ltr' id='par_1_65' title="bbox 638 5404 3567 5483">
     <span class='ocr_line' id='line_1_66' title="bbox 638 5404 3567 5483; baseline -0.002 -19"><span class='ocrx_word' id='word_1_530' title='bbox 638 5408 812 5467; x_wconf 74' lang='lat' dir='ltr'><strong>India</strong></span> <span class='ocrx_word' id='word_1_531' title='bbox 949 5410 1154 5482; x_wconf 77' lang='lat' dir='ltr'><strong>Aringb</strong></span> <span class='ocrx_word' id='word_1_532' title='bbox 1177 5412 1251 5467; x_wconf 91' lang='lat' dir='ltr'><strong>lib</strong></span> <span class='ocrx_word' id='word_1_533' title='bbox 1273 5409 1329 5466; x_wconf 75' lang='grc'><strong>4.</strong></span> <span class='ocrx_word' id='word_1_534' title='bbox 1356 5409 1491 5467; x_wconf 86' lang='lat' dir='ltr'><strong>Rom</strong></span> <span class='ocrx_word' id='word_1_535' title='bbox 1508 5415 1632 5468; x_wconf 91' lang='lat' dir='ltr'><strong>subt</strong></span> <span class='ocrx_word' id='word_1_536' title='bbox 1645 5428 1748 5483; x_wconf 79' lang='lat' dir='ltr'><strong>pag</strong></span> <span class='ocrx_word' id='word_1_537' title='bbox 1765 5414 1886 5476; x_wconf 86' lang='lat'><strong>169,</strong></span> <span class='ocrx_word' id='word_1_538' title='bbox 2630 5410 2999 5467; x_wconf 83' lang='lat' dir='ltr'><strong>Tbeodoricus</strong></span> <span class='ocrx_word' id='word_1_539' title='bbox 3021 5408 3319 5466; x_wconf 86' lang='lat' dir='ltr'><strong>Gothorum</strong></span> <span class='ocrx_word' id='word_1_540' title='bbox 3334 5406 3451 5462; x_wconf 74' lang='lat' dir='ltr'><strong>Rex</strong></span> <span class='ocrx_word' id='word_1_541' title='bbox 3480 5404 3567 5458; x_wconf 82' lang='lat' dir='ltr'><strong>Ze-</strong></span> 
     </span>
    </p>
   </div>
   <div class='ocr_carea' id='block_1_66' title="bbox 700 5498 3565 5583">
    <p class='ocr_par' dir='ltr' id='par_1_66' title="bbox 700 5498 3565 5583">
     <span class='ocr_line' id='line_1_67' title="bbox 700 5498 3565 5583; baseline -0.003 -25"><span class='ocrx_word' id='word_1_542' title='bbox 700 5519 736 5558; x_wconf 82' lang='lat' dir='ltr'><strong>x</strong></span> <span class='ocrx_word' id='word_1_543' title='bbox 879 5513 936 5560; x_wconf 90' lang='lat' dir='ltr'><strong>et</strong></span> <span class='ocrx_word' id='word_1_544' title='bbox 958 5503 1156 5563; x_wconf 83' lang='lat' dir='ltr'><strong>Reiues</strong></span> <span class='ocrx_word' id='word_1_545' title='bbox 1183 5507 1309 5573; x_wconf 76' lang='lat'><strong>920,</strong></span> <span class='ocrx_word' id='word_1_546' title='bbox 1335 5517 1390 5562; x_wconf 91' lang='lat' dir='ltr'><strong>et</strong></span> <span class='ocrx_word' id='word_1_547' title='bbox 1437 5506 1728 5562; x_wconf 87' lang='lat' dir='ltr'><strong>Fleetvood</strong></span> <span class='ocrx_word' id='word_1_548' title='bbox 1787 5521 1890 5578; x_wconf 85' lang='lat' dir='ltr'><strong>pag</strong></span> <span class='ocrx_word' id='word_1_549' title='bbox 2558 5504 2714 5558; x_wconf 86' lang='lat' dir='ltr'><strong>nouis</strong></span> <span class='ocrx_word' id='word_1_550' title='bbox 2737 5501 2856 5572; x_wconf 79' lang='lat' dir='ltr'><strong>Aug</strong></span> <span class='ocrx_word' id='word_1_551' title='bbox 2872 5517 3162 5572; x_wconf 81' lang='lat' dir='ltr'><strong>numquam</strong></span> <span class='ocrx_word' id='word_1_552' title='bbox 3184 5498 3467 5583; x_wconf 67' lang='lat' dir='ltr'><strong>beneficiis</strong></span> <span class='ocrx_word' id='word_1_553' title='bbox 3488 5511 3565 5550; x_wconf 86' lang='lat' dir='ltr'><strong>sa-</strong></span> 
     </span>
    </p>
   </div>
   <div class='ocr_carea' id='block_1_67' title="bbox 613 5588 3568 5666">
    <p class='ocr_par' dir='ltr' id='par_1_67' title="bbox 613 5588 3568 5666">
     <span class='ocr_line' id='line_1_68' title="bbox 613 5588 3568 5666; baseline -0.005 -14"><span class='ocrx_word' id='word_1_554' title='bbox 613 5601 666 5652; x_wconf 74' lang='grc' dir='ltr'>ιι</span> <span class='ocrx_word' id='word_1_555' title='bbox 695 5611 751 5654; x_wconf 77' lang='grc' dir='ltr'><strong>ιι</strong></span> <span class='ocrx_word' id='word_1_556' title='bbox 879 5596 1006 5664; x_wconf 72' lang='grc'><strong>410,</strong></span> <span class='ocrx_word' id='word_1_557' title='bbox 1036 5599 1233 5666; x_wconf 67' lang='lat' dir='ltr'><strong>ets”,</strong></span> <span class='ocrx_word' id='word_1_558' title='bbox 1257 5609 1311 5657; x_wconf 89' lang='lat' dir='ltr'><strong>et</strong></span> <span class='ocrx_word' id='word_1_559' title='bbox 1336 5597 1520 5656; x_wconf 89' lang='lat' dir='ltr'><strong>Concil</strong></span> <span class='ocrx_word' id='word_1_560' title='bbox 1540 5598 1676 5654; x_wconf 81' lang='lat' dir='ltr'><strong>Rom</strong></span> <span class='ocrx_word' id='word_1_561' title='bbox 1728 5599 1785 5654; x_wconf 90' lang='lat' dir='ltr'><strong>b.</strong></span> <span class='ocrx_word' id='word_1_562' title='bbox 1839 5614 1890 5653; x_wconf 86' lang='lat' dir='ltr'><strong>a.</strong></span> <span class='ocrx_word' id='word_1_563' title='bbox 2565 5596 2729 5650; x_wconf 86' lang='lat' dir='ltr'><strong>tiatus</strong></span> <span class='ocrx_word' id='word_1_564' title='bbox 2757 5609 2924 5666; x_wconf 86' lang='lat' dir='ltr'><strong>prope</strong></span> <span class='ocrx_word' id='word_1_565' title='bbox 2950 5588 3469 5660; x_wconf 85' lang='lat' dir='ltr'><strong>Constantinopolim</strong></span> <span class='ocrx_word' id='word_1_566' title='bbox 3495 5588 3568 5639; x_wconf 89' lang='lat' dir='ltr'><strong>in-</strong></span> 
     </span>
    </p>
   </div>
   <div class='ocr_carea' id='block_1_68' title="bbox 870 5679 3568 5760">
    <p class='ocr_par' dir='ltr' id='par_1_68' title="bbox 870 5679 3568 5760">
     <span class='ocr_line' id='line_1_69' title="bbox 870 5679 3568 5760; baseline -0.006 -15"><span class='ocrx_word' id='word_1_567' title='bbox 870 5697 926 5745; x_wconf 84' lang='lat' dir='ltr'><strong>et</strong></span> <span class='ocrx_word' id='word_1_568' title='bbox 954 5689 990 5746; x_wconf 91' lang='grc'><strong>1.</strong></span> <span class='ocrx_word' id='word_1_569' title='bbox 1025 5689 1077 5758; x_wconf 80' lang='lat'><strong>5,</strong></span> <span class='ocrx_word' id='word_1_570' title='bbox 1111 5691 1169 5746; x_wconf 83' lang='grc' dir='ltr'><strong>Ο.</strong></span> <span class='ocrx_word' id='word_1_571' title='bbox 1205 5693 1269 5749; x_wconf 87' lang='lat' dir='ltr'><strong>de</strong></span> <span class='ocrx_word' id='word_1_572' title='bbox 1298 5691 1439 5748; x_wconf 76' lang='lat' dir='ltr'><strong>fruct</strong></span> <span class='ocrx_word' id='word_1_573' title='bbox 1475 5699 1527 5748; x_wconf 86' lang='lat' dir='ltr'><strong>et</strong></span> <span class='ocrx_word' id='word_1_574' title='bbox 1556 5689 1618 5744; x_wconf 88' lang='lat' dir='ltr'><strong>lit</strong></span> <span class='ocrx_word' id='word_1_575' title='bbox 1669 5705 1894 5760; x_wconf 74' lang='lat' dir='ltr'><strong>experts.</strong></span> <span class='ocrx_word' id='word_1_576' title='bbox 2562 5685 2730 5744; x_wconf 77' lang='lat' dir='ltr'><strong>festus</strong></span> <span class='ocrx_word' id='word_1_577' title='bbox 2781 5687 3008 5742; x_wconf 80' lang='lat' dir='ltr'><strong>accessit</strong></span> <span class='ocrx_word' id='word_1_578' title='bbox 3054 5695 3107 5741; x_wconf 85' lang='lat' dir='ltr'><strong>et</strong></span> <span class='ocrx_word' id='word_1_579' title='bbox 3157 5683 3396 5754; x_wconf 57' lang='lat' dir='ltr'><strong>pluribus</strong></span> <span class='ocrx_word' id='word_1_580' title='bbox 3443 5679 3568 5735; x_wconf 83' lang='lat' dir='ltr'><strong>locis</strong></span> 
     </span>
    </p>
   </div>
  </div>
