3914 6318
121 331 221 387 749

167 446 307 501 Auni
378 442 1013 513 Imperatores,Consules
1035 444 1414 514 Romanorum,
1488 449 1627 501 Anni

185 514 312 568 Per.

189 584 308 639 Jul.

144 653 345 711 “Ind.

174 1683 298 1738 5251

981 322 1327 390 CHRONOL.
1368 334 1412 388 A
1454 337 1514 391 S.
1554 326 1961 394 SYLVESTRO
1997 338 2089 393 At)
2129 339 2185 393 S.
2228 329 2433 395 GREG.
2476 334 2543 392 M.

541 528 621 568 res
639 522 797 582 gesta:
840 524 907 567 et.
922 514 1253 569 documenta.

1503 516 1567 571 U.
1594 517 1653 571 ϐ.

1467 596 1587 640 ante
1611 598 1659 639 et

1384 648 1694 727 'postPalil.

392 868 451 925 p.
483 846 603 908 150.
643 851 987 909 Anastasium
1019 854 1077 910 h.
1112 868 1164 909 a.
1203 853 1411 909 Consu-

392 942 498 998 lem
528 957 635 999 non
668 942 833 997 fuisse
860 942 1161 1012 Augustum
1196 942 1409 1012 probat.

393 1032 645 1101 Ejusdem
672 1032 865 1103 duplex
893 1032 1179 1103 diptychon
1206 1032 1413 1087 Consu-

397 1122 510 1177 lare
557 1123 761 1177 editum
809 1136 841 1175 a
872 1121 1193 1180 .Vilthemio.
1243 1118 1413 1175 Unius

390 1198 603 1269 icOnem
628 1212 873 1269 dedimus
905 1212 959 1267 in
990 1210 1288 1281 Prolegom.
1319 1209 1412 1264 fol.

390 1320 561 1360 XXVII.

473 1393 724 1466 Synodus
790 1391 1126 1463 Epaunensis
1174 1393 1233 1447 h.
1292 1408 1405 1447 cos.

389 1486 525 1541 Vide
552 1484 709 1541 Noris
728 1485 839 1540 hist
863 1485 1023 1556 Pelag
1050 1485 1124 1539 lib
1141 1484 1176 1538 2
1196 1499 1295 1554 cap
1316 1484 1409 1539 25.

457 1679 572 1751 Imp
618 1679 736 1736 Cm
782 1680 1099 1735 Anastasms
1156 1679 1275 1749 Aug
1329 1688 1399 1734 tr.

1495 1666 1635 1734 I270
1916 1690 1932 1732 ι

146 1774 215 1848 Θ
244 1771 310 1826 23
392 1785 447 1841 p.
474 1768 676 1836 27,28,
707 1768 797 1840 qui
825 1768 1054 1824 moritur
1094 1784 1150 1823 ιι
1187 1767 1404 1838 Aprilis.
1499 1767 1632 1824 1271
1682 1776 1690 1781 “
1721 1772 1781 1867 B‘
1897 1785 1934 1825 ιι
2148 1770 2150 1776 “

1723 1772 1781 1867 B‘
1897 1785 1934 1825 ιι

148 1857 348 1930 ῡθ·

206 1948 247 2006 G

155 2040 316 2096 Indict

205 2145 258 2185 XI

163 2230 203 2274 ει
228 2235 297 2276 III

379 1861 634 1918 Jusrnvus
679 1860 862 1941 Thrax
907 1874 1199 1929 purpuram
1246 1862 1414 1916 sumit

384 1950 510 2007 Julii
536 1951 590 2017 9,
615 1950 711 2007 Ind
744 1966 823 2016 xi,
852 1965 993 2007 anno
1016 1950 1246 2006 Antioch
1280 1950 1405 2006 566.

393 2042 504 2099 Chr
530 2041 722 2097 Psach.

345 2121 353 2131 ’
463 2130 783 2187 Theudorici
814 2126 978 2199 Regis
1007 2126 1077 2183 25
1104 2137 1158 2183 et
1184 2128 1274 2183 26.

455 2221 561 2277 Cos
595 2221 821 2292 Magnus
871 2220 1074 2288 absque
1102 2219 1324 2289 collega.

459 2312 694 2381 Epistola
723 2310 915 2366 Justini
935 2310 1046 2379 Imp
1075 2309 1142 2363 ad
1168 2308 1407 2362 Hormts-

389 2403 513 2456 dam
539 2413 647 2455 tom
668 2400 736 2455 1V
777 2400 949 2455 concil
991 2398 1103 2454 Gen
1141 2414 1245 2470 pag
1270 2396 1423 2453 1469

386 2491 513 2549 data
544 2492 642 2547 Kal
670 2492 807 2565 Aug.

458 2574 779 2648 Vitalianus,
812 2583 923 2653 qui.
942 2590 1133 2649 contra
1173 2581 1405 2637 Anasta-

382 2676 523 2731 sium
545 2682 766 2731 steterat
780 2689 876 2746 pro
891 2673 1196 2737 Catholicis,
1213 2671 1407 2729 Justini

380 2771 741 2826 amicissimus
770 2769 956 2835 instat,
973 2778 1032 2824 ut
1054 2768 1402 2839 Imperatoris

379 2859 568 2928 jussus
598 2859 761 2929 impio
813 2856 1015 2914 Severo
1063 2858 1400 2914 Antiocheno

388 2950 569 3020 lingua
595 2948 936 3018 praecidatur.
966 2947 1014 3001 is
1042 2947 1176 3019 fugit
1220 2948 1272 3001 in
1300 2946 1396 3002 ΑΞ-

382 3048 624 3111 ἱέῐΡῑυῐη,
655 3053 881 3108 eamque
914 3038 1243 3107 provinciam
1272 3037 1396 3093 infi-

384 3130 464 3183 cit
499 3128 699 3183 erroris
728 3129 1070 3198 contagione.

459 3171 464 3180 ν
501 3171 698 3228 νηῖηω
729 3171 1070 3198 w.....,,.-..-.
1706 3171 1753 3231 C

459 3218 515 3272 ln
562 3232 676 3289 ejus
720 3217 896 3272 locum
940 3218 1138 3273 Paulus
1186 3217 1400 3289 eligitur

384 3312 619 3383 Episcop
644 3312 894 3368 Antioch.

170 3426 295 3481 5232
456 3424 569 3494 Imp
592 3423 675 3479 Fl.
714 3422 830 3479 Caes
858 3423 994 3477 Anic
1018 3421 1263 3479 Justinus
1286 3423 1395 3478 Au'
1472 3416 1602 3477 1271
1887 3415 1926 3458 ¹¹

157 3511 314 3589 Θει
386 3523 574 3586 gustus
616 3520 687 3569 tr.
736 3527 793 3583 ι).
843 3512 958 3567 iet
1000 3528 1067 3568 ex
1100 3512 1153 3569 9.
1194 3511 1279 3569 Jul
1329 3524 1397 3567 tr.
1471 3512 1612 3567 1272
1875 3510 1936 3548 m
2133 3510 2150 3547 ι

1875 3510 1936 3548 III

157 3596 224 3672 Ο
251 3607 279 3661 7
370 3621 432 3677 p.
461 3605 497 3660 2
519 3621 630 3662 cos.

200 3694 245 3747 [ι’
450 3692 765 3751 Theoderici
792 3692 953 3766 Regis
978 3692 1172 3765 26,27.

153 3782 310 3840 Indict
401 3854 426 3856 ᾉ
592 3784 834 3856 Justinus
868 3786 1000 3856 Aug.

199 3870 267 3909 xu
383 3854 520 3911 Coss
592 3855 913 3909 Eutharicus
959 3853 1215 3921 'Cillica,
1286 3854 1391 3910 Go-

158 3934 199 3977 ει
230 3940 317 3980 xm
666 3924 809 3978 thus.

450 4012 511 4067 L.
546 4012 603 4078 7,
634 4011 694 4067 C.
717 4012 782 4067 de
813 4013 1024 4068 natural
1046 4014 1121 4068 lib
1142 4024 1227 4069 etc
1250 4019 1393 4084 apud

376 4101 607 4157 Reland.
649 4101 744 4156 Vet
785 4102 1011 4173 inscript
1039 4103 1167 4157 olim
1218 4104 1270 4158 in
1302 4120 1392 4174 pa-

377 4194 509 4249 vim.
541 4193 600 4248 S.
648 4192 939 4250 Clementis
986 4195 1202 4260 Romae,
1250 4210 1395 4251 nunc

378 4285 433 4339 in
468 4283 603 4338 Mus.
656 4284 794 4339 Card
844 4285 976 4339 Alex
1033 4286 1247 4351 Albani,
1277 4295 1402 4355 qum‘

377 4373 517 4445 apud
570 4375 790 4429 Fabrctt
838 4376 1061 4446 inscript
1111 4392 1213 4447 pag
1261 4376 1388 4431 207.

376 4465 513 4521 Grut
566 4466 721 4521 1055.
766 4466 964 4520 Rcines
1011 4466 1131 4519 900.
1180 4466 1398 4522 Littera:

276 4543 280 4545 Α
377 4556 695 4623 Hormisdae,
721 4556 941 4627 ejusque
960 4556 1282 4627 Legatorum
1300 4558 1392 4625 40,
1699 4532 1758 4595 D

378 4648 467 4711 62,
505 4647 592 4702 68.
1396 4656 1397 4659 “

451 4735 566 4789 Hoc
592 4750 733 4791 anno
758 4736 1059 4791 institutum
1097 4737 1149 4791 in
1188 4737 1395 4793 Britan-

379 4825 472 4879 nia
502 4824 741 4895 Regnum
774 4826 1251 4893 West—Saxonum,
1278 4830 1392 4885 sive

381 4913 659 4970 Saxonum
703 4915 1125 4972 Occidentalium
1173 4936 1203 4972 a
1257 4918 1389 4974 Cer-

377 5005 498 5059 dico
525 5006 717 5059 asserit
755 5004 947 5075 Pagius
990 5022 1042 5059 n.
1073 5006 1143 5060 22
1189 5022 1256 5060 ex
1288 5010 1398 5063 hist

376 5095 533 5166 Angl.

104 5212 110 5273 ἶ
164 5218 295 5280 5235
454 5226 566 5298 Imp
587 5226 829 5283 Justinus
868 5225 989 5298 Aug
1014 5238 1081 5283 tr.
1113 5246 1165 5298 p.
1198 5230 1233 5283 2
1262 5240 1315 5284 et
1342 5225 1395 5294 5,
1500 5233 1637 5286 I272
1869 5231 1926 5272 ιη
2126 5213 2150 5268 Ῐ

1869 5231 1926 5272 111

144 5317 214 5389 ®
238 5316 308 5371 23
386 5333 497 5374 eos.
1503 5324 1645 5378 1275
1872 5319 1924 5356 ιν

141 5399 211 5473 θ
255 5410 289 5466 8
462 5410 774 5467 Theoderici
795 5410 956 5483 Regis
979 5411 1048 5465 27
1075 5419 1129 5467 et
1155 5412 1244 5467 28.

150 5496 275 5550 ΕΒ
382 5534 510 5556 μμ,
587 5500 890 5556 Vitalianus
920 5500 1011 5556 0r.

149 5534 308 5621 ἵηιῑῖει
380 5534 513 5590 εοεε
583 5534 890 5627 ἕίἰιῖἐὶῗὲιῖἔ

176 5671 265 5711 IIII

398 5684 401 5685 ν
444 5664 474 5696 ’⁸
502 5663 765 5719 Vetinscr
781 5665 831 5718 in
850 5665 1025 5733 pavim
1049 5665 1151 5720 Bas
1171 5664 1227 5721 S.
1252 5666 1392 5720 Pau~

135 5755 176 5796 ct
205 5763 290 5801 xiv
362 5750 418 5803 li.
452 5752 599 5821 Epist
620 5752 814 5809 Justini
841 5756 907 5811 ad
930 5754 1264 5814 Hormisdam
1286 5773 1385 5814 xv.

1837 516 2043 589 Olymp.

3259 338 3368 395 759

1723 455 1774 514 Α
1852 450 2009 519 ΔΑιυιί
2082 446 2861 519 CleristianorumJuda'orttm
2890 458 2937 502 et
2967 447 3091 519 ﬁni-
3158 450 3298 519 Anni

2157 514 2402 589 timorum
2424 519 2753 589 populorum,
2783 514 3085 587 Pontiﬁces,
3154 518 3315 589 rte

2144 585 2329 658 Reges,
2354 584 2432 641 res
2458 584 2616 657 giast
2637 598 2685 641 et
2724 584 3052 641 domuncula.
3138 584 3359 644 Christi.

2151 836 2277 899 Dira
2298 842 2599 915 persecutio
2628 845 2681 903 in
2711 844 2781 916 Sy
2791 845 3085 913 riagcentra

2084 935 2398 1001 catholicos,
2428 936 2741 1005 praesertim,
2771 939 3090 1005 monachos.

2080 1037 2109 1075 a
2161 1022 2360 1085 Severo
2414 1024 2761 1089 Antiocheno
2823 1037 3090 1093 movetur.

2077 1116 2353 1173 Maronitae
2379 1133 2489 1187 pra:
2525 1118 2734 1175 caeteris
2778 1129 3090 1181 constantes

2078 1210 2393 1281 martyrium
2419 1211 2668 1267 subeunt.
2700 1211 2897 1279 Baron.
2924 1212 3090 1277 Petav

2080 1298 2209 1368 Pag.

2145 1387 2234 1443 Jo.
2292 1387 2470 1456 Episc.
2502 1388 2655 1443 Alex.
2691 1387 2822 1443 obit.
2866 1389 3094 1461 Eligitur

2078 1475 2364 1531 Dioscorus
2390 1474 2514 1539 Jun.
2544 1475 2723 1533 Noris.
2756 1478 2823 1541 de
2862 1477 2992 1548 Syu.
3019 1478 3084 1534 V.

2080 1582 2201 1636 pag.
2235 1567 2266 1620 7
2297 1582 2363 1621 ex
2392 1565 2529 1619 Vict.
2559 1565 2759 1621 Chron.

2148 1677 2448 1734 Hormisda:
2474 1674 2510 1731 ’4
2535 1689 2590 1733 et
2606 1672 2683 1736 5..

2148 1770 2348 1840 Impius
2375 1770 2690 1825 Anastasius
2718 1770 2850 1842 Imp.
2875 1770 3031 1827 Feria
3050 1780 3089 1830 ν

2081 1861 2299 1932 majoris
2325 1850 2671 1916 hebdomadte
2697 1862 2813 1916 visu
2846 1865 3087 1928 territus,

2076 1957 2209 2020 sive,
2234 1965 2291 2009 ut
2310 1956 2397 2008 alii
2416 1964 2681 2022 asserunt,
2704 1955 2925 2011 fulmine
2949 1958 3087 2013 ictus

2072 2047 2185 2100 obit
2222 2064 2233 2098 :
2274 2046 2564 2101 decedente
2592 2047 2752 2101 etiam
2781 2046 3087 2117 Timotheo,

2074 2138 2249 2209 Episc.
2273 2136 2675 2207 Constantinop.
2700 2136 2935 2193 Joannes
2954 2137 3091 2207 Cap-

2072 2229 2242 2298 padox
2280 2226 2459 2281 fautor
2502 2226 2781 2281 catholica:
2814 2226 2962 2282 Fidei
2995 2227 3092 2281 eli-

2070 2319 2214 2389 gitur
2260 2318 2312 2372 in
2352 2318 2526 2372 locum
2563 2318 2860 2382 Timothei,
2904 2327 2960 2373 et
3006 2320 3097 2373 die

2074 2411 2231 2485 tertia
2271 2400 2549 2487 Paschalis
2584 2408 2882 2462 Pontificiis
2921 2424 3089 2463 ornas

2072 2501 2265 2555 mentis
2291 2501 2526 2555 induitur
2551 2519 2563 2554 :
2593 2501 2682 2570 qui
2709 2500 2982 2571 Synodum
3010 2501 3095 2554 in-~

2071 2593 2198 2667 dicit
2226 2591 2715 2661 ConstantinOpoli,
2743 2598 2797 2646 et
2825 2591 3082 2652 celebrat,

2073 2683 2126 2736 in
2148 2698 2249 2751 qua
2273 2681 2330 2735 S.
2352 2680 2601 2752 Synodus
2615 2679 3088 2746 Chalcedonensis,

2070 2783 2124 2828 et
2144 2771 2201 2827 S.
2219 2771 2412 2827 Leonis
2432 2771 2589 2841 Papm
2606 2786 2668 2825 ac
2683 2769 2976 2824 Macedonii
2996 2786 3088 2823 no-

2069 2860 2210 2917 mina
2247 2860 2415 2915 sacris
2445 2860 2713 2931 diptychis
2753 2859 3079 2914 inseruntur.

2133 2951 2261 3006 Item
2279 2952 2478 3023 Synod.
2499 2952 2549 3004 in
2568 2949 2849 3005 Palmstina
2866 2951 2931 3004 ad
2950 2952 3085 3005 reci-

2066 3043 2317 3111 piendam
2345 3040 2624 3110 epistolam
2653 3040 2833 3108 dogm.
2864 3039 2922 3095 S.
2949 3039 3085 3095 Leo-

2066 3132 2166 3195 nis,
2191 3139 2245 3185 et
2268 3129 2471 3185 Concil.
2498 3128 2748 3183 Chalced.
2772 3126 2906 3182 Vide
2930 3137 3097 3182 notas~

2066 3224 2132 3277 ad
2163 3208 2524 3277 IIormisdam.

2137 3401 2433 3458 Hormisdae
2458 3402 2492 3457 5
2518 3412 2573 3458 et
2601 3402 2653 3457 6.

2133 3493 2416 3565 Ilormisda
2465 3493 2701 3563 quinque
2740 3492 2947 3566 legatos
2981 3492 3083 3571 By—

2065 3588 2301 3642 zantium
2330 3588 2526 3651 mittit,
2562 3586 2801 3641 turbatas
2837 3587 2905 3641 ab
2938 3587 3080 3639 Ana-

2062 3678 2227 3732 stasio
2258 3693 2344 3732 res
2376 3679 2785 3745 compositurus.
2820 3676 2952 3730 Vide
2980 3692 3077 3729 no-

2061 3778 2144 3822 tas
2170 3783 2292 3837 pag.
2314 3770 2420 3824 235
2445 3777 2497 3821 et
2517 3767 2643 3833 237,
2665 3777 2719 3823 et
2747 3768 2921 3823 Noris.
2949 3768 3076 3823 hist.

2059 3858 2238 3927 Pelag.
2270 3858 2361 3911 lib.
2388 3858 2447 3921 2,
2468 3874 2521 3919 7c.
2551 3858 2637 3913 18.

2131 3947 2375 4005 Monachi
2422 3946 2643 4018 Scythae
2689 3964 2811 4004 cum
2861 3949 3081 4006 Victore

2060 4035 2295 4090 Diacono
2324 4037 2467 4090 litem
2496 4037 2763 4092 intentant
2786 4037 2853 4093 (le
2880 4037 2999 4092 Uno
3024 4038 3079 4093 in

2059 4128 2321 4187 'l‘rinitate
2355 4143 2535 4198 passo,
2565 4136 2619 4184 et
2647 4128 2713 4184 de
2744 4129 2937 4184 haeresi
2967 4129 3077 4186 Eu-

2062 4219 2306 4290 tychiana
2331 4230 2387 4274 et
2410 4218 2710 4288 Pelagiana.
2736 4220 2810 4273 Ea
2836 4219 3079 4275 defertur

2056 4310 2123 4365 ad
2155 4308 2388 4365 tribunal
2414 4309 2730 4375 Hormisdm.
2762 4310 2895 4367 Vide
2918 4318 3073 4366 notas

2062 4399 2222 4455 infra.

2130 4492 2375 4569 Dioscuri
2409 4502 2670 4564 mortem,
2709 4501 2763 4547 et
2804 4491 3071 4556 Timothei

2060 4585 2454 4640 successionem
2512 4584 2564 4637 in
2625 4582 2783 4638 Cath.
2842 4582 3074 4639 Alexan'

2060 4672 2213 4729 drina
2269 4672 2392 4728 huic
2452 4687 2594 4726 anno
2645 4672 2827 4739 alligat
2874 4670 3072 4742 Pagius

2060 4780 2207 4818 num.
2259 4762 2349 4827 20,
2408 4779 2568 4831 quam
2622 4769 2797 4816 tamen
2853 4761 3081 4815 biennio

2058 4861 2178 4921 post
2224 4852 2514 4921 contigisse
2566 4852 2720 4906 docet
2770 4848 2945 4905 Noris.
3000 4848 3077 4905 de

2060 4943 2190 5013 Syn.
2220 4930 2284 4995 V.
2312 4929 2435 5011 pag.
2463 4942 2513 4993 7.

2126 5212 2421 5271 IIormisdze
2450 5217 2483 5271 6
2512 5226 2567 5272 et
2593 5219 2645 5271 7.

2123 5302 2457 5361 Justinianus
2520 5306 2775 5379 Magister
2838 5307 3064 5366 Militum

2055 5397 2306 5468 regnandi
2349 5399 2640 5456 ambitione
2674 5401 2833 5456 fidem
2872 5401 3062 5458 formi-

2056 5490 2285 5546 dandam
2348 5492 2648 5563 infringens
2715 5495 3068 5554 Sacramenta

2053 5580 2262 5635 Domini
2322 5572 2819 5655 suscepto'datam,
2869 5602 3095 5645 consu-‘

2049 5671 2155 5728 lem
2196 5673 2518 5731 Vitalianum
2560 5680 2775 5757 occidit.
2826 5679 3054 5750 Proc0p.

2052 5761 2178 5818 bist.
2215 5779 2325 5820 arc.
2364 5779 2421 5835 p.
2460 5764 2549 5820 30.
2592 5769 2693 5821 Alii
2736 5783 2859 5825 cum
2893 5768 3073 5825 Theo-

3192 1673 3302 1739 518

3187 3395 3309 3456 Sit!

3174 5221 3281 5282 520
