3914 6318
585 291 700 355 783
1330 299 1422 353 AD
1461 298 1901 356 ANASTASIUM
1936 299 2450 356 PROLEGOMENA
2485 301 2661 357 EDlT.
2698 298 3117 357 ROM.-VATIC.
3702 304 3774 359 784
3860 291 3895 359 l‘

635 410 779 489 A_nni
836 410 1480 489 .Imperatoresﬁonsules
1502 414 1878 479 Romanorum,
1949 412 2090 489 finiri
2181 416 2234 475 Α
2304 412 2464 489 Ann.
2539 410 2972 489 Christianorum,
3001 411 3308 489 {admorunt
3345 423 3394 489 et
3412 413 3544 489 ﬁnio
3609 416 3727 489 ιριιὴ

649 479 778 554 Per.
933 479 941 483 ⁷
1008 498 1088 536 res
1115 493 1292 551 gestaz,
1321 492 1369 537 et
1404 484 1732 538 documenta.
1944 481 2012 536 U.
2038 481 2101 536 (ἔ.
2294 479 2501 554 Olymp.
2610 483 2853 554 timorum
2885 481 3214 554 populorum,
3239 479 3538 551 Pontiﬁces,
3593 484 3726 554 ﬁt:

649 550 785 623 Iul.
1118 550 1127 551 ί
1916 561 2036 623 ante
2083 559 2136 623 et
2364 550 2381 552 “
2447 550 2459 554 “
2609 550 2796 623 Reges,
2818 567 2897 605 res
2920 561 3074 621 gesta:
3095 558 3141 604 et
3168 551 3497 607 documenta.
3575 552 3753 610 Cbﬁui.

610 630 658 677 et
681 619 806 678 Ind.
1864 631 1976 691 post
1992 617 2159 674 Palil.

2532 806 2639 865 qua
2659 793 3329 863 DedicationcmEcclesim
3354 793 3416 849 Β.
3442 793 3547 849 So-

2540 885 2679 955 phia:
2725 885 2812 939 die
2833 884 2903 938 27
2937 883 3199 938 Decembr
3241 882 3444 952 profert
3482 897 3550 937 ex

2547 974 2918 1030 continuatare
2961 973 3274 1030 Marcellini.

873 808 975 866 cap
1000 795 1050 863 l,
1075 803 1137 852 ut
1172 796 1528 866 imposterum
1566 799 1887 869 ubicunque

794 949 803 955 ,
871 884 1009 941 Acta
1041 886 1394 943 coniiciuntur
1419 888 1523 944 hac
1556 888 1882 944 ιιιοάοηὶηεί-

872 990 1003 1044 pere
1029 975 1258 1041 debeant
1284 978 1335 1031 in
1359 976 1512 1046 publ.
1543 978 1880 1033 documentis

814 1132 818 1137 θ
870 1063 1075 1132 imperii
1095 1064 1237 1119 illius
1266 1068 1604 1122 sacratissimi
1622 1068 1880 1138 principis
2613 1061 2896 1118 Timotheo
2949 1063 3115 1133 Episc
3182 1064 3544 1120 Alexandrino

852 1702 989 1758 quas
1012 1688 1432 1744 liceatomnibus
1453 1688 1629 1758 legere
1651 1690 1871 1745 omnino

870 1165 1008 1207 anno
1062 1162 1206 1209 tanto
1242 1168 1262 1206 :
1291 1166 1340 1210 et
1386 1166 1500 1226 post
1554 1156 1649 1210 illa
1704 1157 1899 1225 inferre

869 1240 1094 1297 consulis
1124 1238 1518 1313 appellationem
1537 1285 1552 1311 ,
1594 1247 1682 1315 qui
1709 1247 1765 1300 in
1787 1244 1880 1299 illo

868 1348 1008 1399 anno
1032 1342 1130 1405 est,
1146 1343 1194 1387 et
1219 1331 1373 1388 tertio
1389 1333 1501 1388 loco
1523 1332 1877 1400 indictionein,

867 1431 915 1475 et
968 1438 1229 1489 mensem,
1275 1433 1323 1477 et
1387 1414 1558 1493 diem;
1598 1437 1653 1479 et
1708 1424 1882 1499 cap,2

869 1511 1108 1575 mandat,
1140 1518 1200 1566 ut
1225 1512 1279 1565 in
1311 1509 1518 1566 Latinis
1548 1513 1884 1568 documentis

869 1600 1081 1654 numeri
1151 1599 1457 1653 scribantur
1507 1614 1602 1669 per
1653 1600 1884 1665 litteras,

868 1776 1194 1846 syllabarum
1218 1776 1528 1832 Latinarum
1583 1793 1688 1833 non
1732 1777 1884 1848 igua-

872 1867 968 1922 ris.
1008 1867 1157 1922 Hanc
1187 1884 1314 1923 vero
1341 1868 1780 1923 constitutionem
1809 1870 1885 1927 ita

872 1956 1172 2025 subsignat.
1201 1957 1299 2010 Dat
1341 1956 1564 2012 Kalend.
1598 1998 1611 2011 .
1648 1999 1661 2011 .
1697 1998 1711 2012 .
1744 1957 1885 2012 Can-

873 2046 1144 2118 stantiuop
1218 2050 1514 2118 imperante
1580 2049 1887 2105 Iustiniano

870 2147 1130 2210 perpetua
1185 2139 1425 2210 Augusto
1476 2155 1616 2194 anno
1668 2157 1706 2196 ιι
1764 2150 1889 2213 post

875 2228 1213 2287 consulatum
1241 2227 1487 2286 Belisarii
1512 2230 1573 2286 V.
1593 2229 1655 2286 C.

2542 1151 2796 1209 defuncto
2832 1154 3125 1210 succedunt
3161 1156 3334 1225 primo
3386 1155 3545 1225 Gaia-

2537 1259 2661 1310 nus,
2716 1242 2910 1298 deinde
2960 1244 3313 1300 Theodosius.
3351 1244 3548 1314 Pagius

2544 1332 2600 1387 h.
2629 1348 2680 1386 a.
2719 1347 2785 1389 ex
2816 1332 2923 1388 hist
2942 1332 3223 1389 Patriarch
3250 1332 3407 1402 Capt.
3427 1333 3555 1387 card

2540 1422 2701 1479 Naris
2746 1423 2813 1478 ad
2850 1427 3058 1479 annum
3083 1439 3179 1495 seq
3208 1424 3275 1480 de
3310 1424 3481 1496 synad
3509 1422 3547 1476 ν

2539 1511 2672 1568 IEc.
2704 1528 2805 1584 pag
2830 1513 2862 1568 8
2893 1528 2957 1567 ex
2982 1510 3104 1568 Vict
3129 1510 3331 1567 Chron.

2614 1601 2823 1671 Vitiges
2878 1601 3027 1657 circa
3082 1599 3324 1677 Vernum
3391 1603 3552 1671 aequi-

2543 1688 2782 1743 noctium
2820 1678 3047 1744 Ramam
3096 1687 3325 1743 obsidet.
3366 1687 3444 1744 lbi
3492 1704 3552 1759 _n.

2545 1777 2600 1846 7,
2640 1793 2708 1833 ex
2726 1778 3106 1833 continuatare
3128 1775 3421 1833 Marcellin.

2492 1928 2497 1933 ,
2614 1866 2923 1937 Galliarum,
2961 1867 3118 1938 regni
3194 1865 3547 1922 constitutio:

2535 1957 2762 2012 cedente
2788 1955 3017 2011 Francis
3050 1955 3225 2026 Vitige
3274 1970 3396 2012 eam
3426 1970 3543 2024 par-

2544 2053 2651 2100 tem
2691 2058 2811 2114 quae
2863 2043 3055 2100 Gothis
3086 2043 3313 2114 parebat
3365 2044 3550 2099 Franci

2547 2134 2855 2191 universam
2921 2122 3200 2209 possidere
3254 2135 3548 2206 incipient,

2552 2232 2748 2294 praeter
2771 2221 3181 2294 Septimianam,
3230 2224 3285 2279 in
3318 2239 3425 2294 qua
3465 2223 3551 2280 Vi-

2543 2312 2763 2384 sigatbi,
2811 2320 2868 2368 et
2899 2321 3095 2383 praeter
3120 2304 3480 2378 Britanniam,
3501 2320 3553 2367 et

2542 2401 2880 2457 Armaricam
2906 2392 3183 2472 qure‘suas’
3221 2403 3450 2477 comites
3470 2403 3558 2457 ba-

2547 2494 2733 2549 buere.
2763 2493 2896 2549 Vide
2930 2493 3155 2563 Pagium
3201 2495 3271 2549 ad
3321 2496 3379 2549 h.
3408 2510 3472 2559 ιι.
3502 2493 3552 2547 5.

636 2583 768 2641 5251
941 2585 1055 2655 Imp
1102 2584 1219 2641 Caes
1247 2585 1583 2642 Justinianus
1626 2586 1745 2657 Aug
1799 2596 1868 2643 tr.
1975 2587 2093 2643 l29t
2340 2602 2357 2641 ι
2636 2585 2851 2642 Silverii
2901 2586 2958 2653 2,
2991 2587 3081 2656 qui
3119 2602 3245 2642 cum
3272 2586 3466 2642 abierit
3504 2587 3553 2640 in
3643 2585 3724 2639 553

721 2675 787 2729 15
862 2692 940 2760 ‘p.
974 2676 1063 2741 ll,
1092 2678 1177 2737 l2.
1204 2694 1295 2733 cas
1325 2695 1380 2732 ιν
1976 2676 2108 2732 1291

2010 2676 2108 2732 291
2341 2693 2382 2734 ιι
2544 2677 2737 2734 exsilio
2773 2692 2961 2734 mense
3004 2677 3148 2734 Junii
3200 2679 3258 2733 h.
3303 2695 3357 2734 ει.
3391 2679 3556 2733 locum

615 2757 693 2833 Ο
723 2767 754 2822 7
866 2757 872 2760 ⁷
956 2765 1146 2839 Vitigis
1178 2767 1340 2837 Regis
1370 2768 1405 2823 2
1434 2777 1489 2823 et
1512 2768 1566 2822 5.
1623 2839 1626 2843 ἢ
2547 2768 2677 2825 fecit
2720 2770 3053 2827 Successioui
3093 2770 3323 2833 'VIGILII,
3379 2771 3555 2840 quiex

665 2854 709 2910 C
940 2859 957 2879 ¹
987 2856 1091 2913 Cos
1131 2858 1212 2913 Fl.
1260 2856 1495 2914 Joannes
1541 2858 1638 2915 Or.
1686 2859 1890 2929 absque
2552 2860 2801 2916 invasare
2826 2868 2945 2931 post
2983 2869 3210 2915 mortem
3238 2859 3455 2915 Silverii
3480 2859 3555 2914 le-

602 2946 777 3004 Indict
880 2949 1104 3022 collega.
1232 3008 1237 3013 ,
1928 2993 1941 3005 .
2541 2949 2763 3021 gitimus
2783 2948 3020 3019 pontifex
3044 2964 3111 3004 ex
3140 2964 3406 3005 consensu
3420 2947 3551 3003 Cleri

676 3055 694 3094 1
933 3039 1036 3096 Vet
1088 3041 1367 3111 inscript‘
1409 3043 1632 3097 Fabrett
1681 3058 1735 3112 p.
1782 3041 1887 3096 418
2193 3070 2242 3134 C
2550 3041 2789 3097 redditus
2813 3041 2939 3097 hinc
2965 3042 3230 3113 auspicari
3268 3042 3426 3098 debet
3447 3058 3550 3098 sure

617 3139 667 3184 et
692 3144 731 3185 ιι
878 3139 935 3187 et
960 3131 1205 3187 Gudiana
1261 3132 1401 3202 apud
1453 3130 1656 3186 Reland
1681 3146 1889 3186 necnon
2206 3130 2242 3134 '
2554 3135 2700 3190 sedis
2724 3134 3027 3190 exordium.
3056 3135 3188 3191 Vide
3212 3145 3374 3191 natas
3396 3136 3450 3191 in
3475 3135 3558 3191 Vi-

879 3217 1147 3275 Justinian
1172 3218 1335 3283 Navel
1361 3219 1430 3274 57
1455 3218 1708 3291 etNigilii
1730 3220 1889 3290 Papa:
2553 3226 2760 3297 gilium.

880 3312 1106 3383 epistola
1129 3313 1195 3368 ad
1215 3312 1395 3369 Caesar
1421 3312 1610 3368 Arelat
1650 3323 1705 3368 et
1746 3314 1880 3369 Acta
2617 3316 2855 3372 Auctore
2902 3317 3098 3372 Nanna
3149 3315 3472 3387 Origenistm
3505 3316 3554 3371 in

873 3402 1101 3459 Concilii
1120 3403 1377 3458 Aurelian
1397 3402 1484 3459 Ill.
1504 3402 1636 3459 Vide
1654 3402 1878 3474 Pagium
2551 3408 2836 3465 Palaestina
2860 3408 3272 3474 tumultuantur,
3290 3408 3558 3476 dequibus

876 3510 934 3549 ιι.
963 3494 997 3548 ϐ
1032 3493 1159 3548 anni
1201 3492 1306 3549 540
1332 3502 1389 3549 et
1423 3494 1650 3564 epistola
1675 3492 1874 3566 Vigilii,
2552 3498 2676 3553 vide
2722 3496 2945 3569 Pagium
2995 3498 3046 3552 b.
3100 3513 3175 3563 a.,
3229 3513 3360 3552 num
3387 3496 3473 3560 l2,
3500 3504 3551 3549 et

877 3584 946 3663 de
977 3600 1085 3655 qua
1110 3585 1166 3641 in
1196 3585 1338 3639 notis
1359 3587 1426 3640 ad
1451 3584 1759 3656 Agapitum.
2551 3603 2729 3660 seqq,
2779 3597 2834 3644 et
2875 3587 3141 3643 Norisium
3175 3588 3243 3642 ab
3265 3603 3330 3643 ea
3360 3587 3552 3659 produ-

944 3675 1115 3731 Rama
1143 3674 1285 3730 fame
1305 3682 1359 3730 et
1376 3685 1529 3753 peste
1553 3684 1742 3730 vexata
1772 3682 1893 3747 post
2552 3686 2698 3736 ctum
2730 3679 2783 3734 in
2807 3679 2919 3735 diss
2939 3679 3005 3733 de
3032 3677 3144 3749 Syn
3187 3678 3251 3733 ν.

877 3782 1076 3823 annum
1100 3767 1407 3823 obsidionis
1422 3766 1684 3822 liberatur
1708 3782 1891 3823 mense
2621 3768 2995 3825 Alexandrinae
3020 3769 3274 3824 Ecclesiae
3304 3769 3562 3824 turbatio-

878 3860 1089 3918 Martio.
1105 3859 1304 3932 Pagius
1320 3875 1387 3916 ex
1408 3859 1688 3929 Procopio,
1701 3875 1888 3916 emen-
2554 3876 2674 3916 nem
2688 3872 2808 3931 post
2832 3870 3059 3917 mortem
3082 3858 3375 3926 Timothei,
3388 3870 3556 3930 quan-

888 3953 1014 4008 data
1060 3951 1176 4021 ejus
1221 3960 1368 4007 textu
1419 3967 1487 4008 ex
1551 3952 1896 4008 animadvers
2555 3949 2625 4006 da
2661 3951 2766 4005 duo
2814 3950 2991 4022 populi
3049 3950 3297 4005 electione
3346 3949 3562 4020 perversi

880 4041 1022 4098 Card
1059 4041 1257 4099 Narisii
1285 4042 1350 4098 de
1377 4040 1488 4116 Syn
1515 4040 1579 4097 V.
1610 4058 1660 4098 c.
1688 4042 1741 4098 6.
1764 4042 1898 4098 Vide
2554 4040 2866 4095 ordinantur
2894 4056 2999 4093 uno
3042 4040 3126 4093 die
3153 4040 3379 4110 episcopi
3406 4038 3563 4093 Theo-

881 4134 1123 4208 Pagium.
2554 4130 2733 4184 ilosius
2760 4136 2808 4184 et
2844 4127 3099 4200 Gajanus.
3132 4127 3273 4185 Card
3310 4127 3467 4184 Naris
3496 4129 3556 4182 de

957 4228 1145 4284 Datius
1162 4227 1355 4285 Mediol
1378 4226 1538 4298 Episc
1566 4225 1903 4299 legationem
2556 4236 2654 4287 syn
2688 4220 2755 4288 V,
2788 4237 2889 4292 pag
2917 4221 2969 4288 8,
3014 4222 3139 4278 huic
3184 4237 3328 4278 anno
3364 4219 3553 4294 alligit;

877 4317 1104 4386 suscipit
1149 4318 1218 4372 ad
1267 4315 1584 4372 Belisarium
1633 4315 1893 4390 auxilium
2555 4309 2791 4397 Paginus
2811 4311 3154 4382 praecedenti.

881 4405 1175 4473 implorans
1229 4406 1486 4461 adversus
1529 4404 1755 4462 Gothos.
1814 4404 1892 4462 lbi
2199 4427 2252 4488 Β

882 4511 939 4550 ιι.
964 4496 1036 4550 22
1058 4511 1125 4552 ex
1146 4496 1429 4565 Procopio.

957 4584 1254 4640 Clodaveus
1288 4582 1391 4640 Jun
1428 4584 1484 4639 in
1538 4584 1763 4642 Francia
1810 4599 1895 4643 re:

887 4690 1057 4750 gnare
1088 4676 1299 4759 incipit.
1341 4675 1501 4733 Mabil
1536 4677 1611 4733 rei
1665 4675 1775 4747 dipl
1819 4676 1893 4733 lib

788 4816 793 4820 .
886 4769 942 4838 4,
971 4785 1026 4824 ιι.
1051 4769 1104 4823 7.

655 4861 795 4918 5252
954 4860 1068 4932 lmp
1089 4860 1206 4918 Cres
1229 4859 1563 4918 Justinianus
1595 4858 1714 4931 Aug
1738 4866 1806 4914 tr.
1837 4873 1890 4930 p.
1933 4916 1952 4930 _
1983 4857 2115 4937 l29l

2354 4874 2394 4916 ιι
2642 4852 2821 4923 Vigilii
2844 4853 2868 4907 l
2903 4861 2958 4908 et
2979 4852 3033 4908 2.
3240 4908 3255 4914 ,
3652 4840 3732 4899 539

635 4957 714 5034 Θ
743 4955 808 5013 16
878 4954 967 5020 12,
992 4953 1077 5021 13,
1102 4968 1195 5010 cas
1226 4969 1298 5009 ιν.
1983 4950 2122 5008 1292

2022 4950 2122 5008 292
2348 4965 2412 5007 ιιι
2621 4942 2886 4999 Chosroes
2899 4942 3183 4998 Persarum
3201 4957 3294 4997 rex
3310 4941 3568 5013 legatione

638 5032 715 5115 Ο
738 5045 773 5104 8
950 5044 1142 5116 Vitigis
1166 5044 1327 5116 Regis
1352 5044 1409 5112 3,
1432 5043 1467 5099 4
1490 5052 1543 5099 et
1565 5041 1820 5100 lldebaldi
1844 5047 1895 5096 1.
2562 5033 2754 5106 Vitigis
2798 5042 3073 5105 permotus
3115 5032 3182 5087 ad
3227 5032 3561 5088 inferendum

676 5134 721 5189 Β
947 5133 1052 5191 Cos
1077 5134 1287 5207 Appian
1316 5132 1413 5190 0r.
1453 5133 1571 5189 sine
1597 5131 1822 5203 collega.
2562 5127 2758 5185 bellum
2786 5124 3031 5180 Romana
3054 5125 3281 5194 imperio
3308 5123 3565 5194 procedit.

606 5227 782 5285 Indict
936 5227 1105 5287 Vetus
1149 5228 1377 5299 inscript
1437 5225 1591 5283 αι’ωο
1628 5225 1899 5291 Mantfau-
2562 5220 2768 5286 Pracap
2797 5215 2871 5271 lib
2899 5215 2956 5281 2,
2991 5215 3057 5270 de
3088 5214 3228 5268 bella
3265 5213 3448 5269 Persic
3472 5228 3565 5283 cap

680 5338 718 5377 ιι
788 5378 793 5381 _
892 5338 994 5379 can
1037 5321 1129 5378 ubi
1155 5338 1247 5379 cas
1274 5321 1533 5393 Appianis
1557 5321 1753 5393 legitur
1777 5335 1900 5383 cum
1952 5394 1957 5401 .

2557 5309 2594 5367 2
2619 5317 2672 5364 et
2699 5309 2757 5375 5,
2794 5322 2861 5363 ex
2890 5322 2999 5379 qua
3033 5305 3280 5377 Pelagius
3317 5305 3388 5361 ad
3429 5304 3485 5360 h.
3514 5318 3559 5357 a.

645 5424 694 5471 et
717 5430 777 5470 ιιι
890 5413 1339 5483 lndict'u,quare_
1359 5409 1692 5483 emendanda
1717 5410 1898 5487 versia
1952 5398 1957 5401 ⁷

1717 5410 1898 5487 versia
1952 5398 1957 5401 ⁷
2561 5418 2615 5455 ιι.
2642 5400 2699 5467 5,
2724 5409 2778 5456 et
2803 5400 2870 5455 ad
2900 5415 3014 5471 seq.
3041 5438 3063 5467 ,,
3086 5415 3139 5453 ιι.
3168 5398 3255 5453 l2.

894 5504 1035 5575 apud
1058 5503 1408 5571 lRelandum.
1461 5503 1592 5559 Item
1642 5483 1899 5575 Justinia-
2632 5489 2839 5575 Vitiges
2869 5498 3048 5545 tamen
3077 5503 3199 5544 cum
3228 5500 3395 5543 uxore
3425 5492 3479 5575 et
3500 5483 3562 5538 li-

890 5573 944 5650 ni
998 5593 1183 5652 Navell
1241 5593 1545 5668 complures
1572 5599 1588 5665 ξ
1612 5591 1681 5650 ab
1719 5591 1786 5649 89
1832 5590 1902 5647 ad
2562 5577 2707 5675 beris
2732 5574 3273 5675 Ravennze‘obsessus
3306 5591 3337 5630 a

592 5672 616 5713 '
893 5684 981 5741 96.
2565 5670 2645 5727 ria
2669 5668 2893 5741 capitur,
2917 5668 3371 5739 etConstantiuap
3388 5675 3554 5720 trans-

893 5684 981 5749 96.

1893 5764 1941 5805 ἲν.
