3914 6318
66 344 162 400 765

114 458 252 535 Anni
306 456 1334 535 Imperatoregc‘onsulesRomanorum,
1407 462 1544 535 Ann}
1602 459 1692 517 υΑ
1780 458 1930 535 έηηί
2001 461 2437 527 Christianorum,
2468 465 2777 535 Judworugn
2816 477 2864 521 et
2896 469 3015 535 finio
3086 472 3225 525 Anni

2088 535 2330 604 timorum
2356 535 2684 602 pepulerunt,
2714 534 3018 604 Pontiﬁces,
3100 539 3173 592 1E
3181 558 3251 594 ra:

2078 600 2257 672 Reges,
2294 620 2373 655 res
2402 600 2557 672 gestae
2578 616 2623 658 et
2651 600 2978 661 documenta.
3006 600 3013 604 ’
3063 608 3280 667 Christi.

118 524 243 581 Per.

104 594 216 648 Jul.

76 674 123 721 et
148 665 272 721 Ind.

896 348 1239 407 CIIRONOL.
1278 349 1322 403 A
1358 347 1419 404 S.
1462 344 1876 404 SYLYESTRO
1911 347 2003 404 AD
2041 350 2099 406 S.
2138 352 2343 407 GREG.
2384 353 2453 407 Μ.

489 545 567 583 res
590 540 766 600 gente,
794 542 841 585 et
865 532 1189 587 documenta.

396 824 691 897 Consilium
735 825 995 883 Romanis
1019 836 1136 881 erat
1160 825 1342 884 Ostro-

331 913 526 982 gothus
542 912 737 970 Piceno
750 916 1035 984 expellere.
1053 918 1149 973 His
1164 918 1344 975 Theo-

329 1002 587 1060 debertus
601 1004 929 1062 Francorum
944 1009 1059 1064 Rex
1077 1011 1343 1080 superatis

327 1094 579 1165 Alpibus,
603 1107 921 1168 vastataque
944 1101 1162 1171 Liguria
1190 1103 1344 1157 auxi—

331 1184 463 1239 lium
524 1185 757 1253 fercbat,
802 1191 899 1245 sed
954 1190 1149 1247 litteris
1195 1192 1341 1248 Beli-

330 1280 461 1334 sarii
505 1294 698 1336 suasus
738 1282 792 1336 in
843 1283 1130 1341 Franciam
1174 1285 1336 1342 redit.

314 1367 514 1441 Pagius
538 1386 606 1427 ex
628 1370 912 1443 Procopio.

309 4602 499 4643 vennae
538 4605 609 4645 iv.
651 4589 727 4644 ld.
755 4591 975 4649 Martias
1002 4592 1199 4650 Basilio
1218 4593 1322 4651 Jun

315 4678 379 4733 V.
411 4679 474 4735 C.
500 4680 658 4736 Cons.
691 4683 987 4739 lndictione
1022 4697 1234 4756 quarta,
1268 4695 1324 4742 et

308 4773 494 4828 Concil
520 4773 684 4828 Aurel
702 4775 794 4842 Ν,
826 4775 890 4831 de
914 4791 1020 4847 quo
1039 4775 1239 4848 Pagius
1254 4779 1322 4835 ad

313 4880 421 4918 ann
450 4863 577 4930 545,
606 4882 733 4935 num
763 4866 815 4921 9.

380 4957 513 5011 item
546 4956 836 5015 Justiniani
864 4961 1095 5017 Novella:
1131 4978 1161 5017 a
1198 4964 1323 5031 107,

306 5050 373 5105 ad
423 5050 546 5116 146,
577 5067 663 5121 ap.
699 5053 816 5108 Rel.
848 5055 927 5110 Ex
956 5054 1071 5124 ejus
1097 5055 1314 5112 Novella
1380 5093 1385 5097 -
1450 5062 1451 5065 “

312 5141 434 5207 105,
468 5144 681 5201 deducit
716 5146 911 5215 Pagius
943 5162 1160 5211 causam
1192 5164 1321 5204 con-

304 5234 515 5289 sulatus
542 5235 609 5289 de
654 5245 850 5292 caetero
891 5253 997 5292 non
1043 5239 1117 5292 ita
1161 5239 1318 5295 facile

306 5324 532 5393 privatis
584 5326 903 5382 decernendi
953 5338 1175 5399 propter
1226 5344 1319 5387 ex-

305 5430 503 5483 pensas
550 5431 580 5481 a
608 5416 870 5487 Procopio
899 5419 1163 5477 iudicatas
1208 5420 1318 5477 hist

310 5506 489 5565 Arcan
518 5521 567 5562 c.
598 5508 685 5564 26.

375 5597 657 5654 Araricum
683 5614 712 5653 a
736 5598 921 5669 Regis,
945 5602 1033 5672 qui
1064 5618 1186 5658 cum
1210 5602 1320 5669 Go-

320 5688 424 5743 this
453 5698 627 5765 erant,
658 5691 885 5747 electum
935 5707 1116 5763 regem
1148 5691 1309 5752 Gothi

1406 526 1563 587 U.C.

1379 611 1498 654 ante
1539 607 1588 651 et

1327 680 1441 740 post
1459 666 1620 725 Palil.

1768 526 1976 599 Olymp.

2008 837 2239 893 mittitur
2267 839 2333 892 ad
2380 838 2761 895 Justinianum.
2800 842 3007 912 Proc0p

2008 926 2082 981 lib
2108 943 2145 980 ιι
2192 926 2258 981 de
2287 926 2433 983 Bello
2458 929 2596 984 Goth
2624 946 2722 1000 cap
2749 931 2834 987 28.
2876 933 3008 987 Vide

1996 1012 2107 1084 Pag
2143 1017 2209 1069 ad
2254 1031 2358 1069 ann
2406 1017 2532 1082 540,
2576 1035 2701 1071 num
2742 1036 2815 1072 xi.
2845 1020 3005 1075 Gothi

2002 1104 2372 1163 Hildebaldum
2429 1110 2528 1164 sibi
2587 1127 2767 1182 regem
2806 1115 3007 1169 consti-

2002 1203 2177 1251 tuunt.
2210 1198 2412 1268 Procop
2446 1209 2500 1253 et
2527 1200 2637 1269 Pag
2673 1202 2762 1256 ibi.

2070 1286 2412 1343 Hildebaldus
2433 1299 2551 1357 post
2572 1287 2798 1361 V'itigem
2819 1305 2883 1345 ex
2913 1291 3010 1346 Ve-

2001 1390 2147 1431 rona:
2183 1377 2316 1433 duce
2359 1393 2454 1433 rex
2477 1379 2773 1435 Gothorum
2801 1381 2996 1437 dictus.

108 1521 240 1578 5253
368 1522 483 1595 Imp
513 1523 627 1580 Caes
653 1523 988 1583 Justinianus
1029 1526 1147 1600 Aug
1176 1538 1246 1583 tr.
1273 1544 1328 1599 p.
1428 1528 1568 1584 1292
1791 1540 1854 1581 ιιι
2064 1528 2241 1598 Vigilii
2270 1529 2304 1583 2
2326 1538 2379 1583 et
2407 1530 2462 1583 3.

86 1616 157 1691 Θ
183 1616 246 1670 17
315 1617 400 1681 15,
435 1617 523 1681 14,
545 1633 639 1673 cos
666 1627 739 1675 Iv.
1422 1620 1563 1677 1295

1789 1630 1846 1671 tv
2069 1615 2259 1671 Parthi
2311 1617 2525 1689 Syriam
2556 1618 2784 1687 ingressi
2814 1618 3010 1675 multas
3111 1617 3217 1673 540

84 1697 152 1772 Ο
178 1706 211 1763 9
404 1708 614 1765 Ararici
654 1709 817 1782 Regis
871 1709 1013 1769 Goth
1056 1713 1103 1778 1,
1147 1712 1338 1770 Τοιὶιω
1996 1708 2161 1763 urbes
2197 1709 2536 1764 subvertunt.
2565 1706 2857 1766 Antiochia
2888 1727 3005 1767 ma-

83 1794 119 1845 Α
148 1793 189 1848 G
320 1794 564 1866 Regis'l.
1638 1787 1700 1849 Β·
1996 1816 2096 1871 gna
2127 1804 2415 1858 demolitur
2437 1821 2466 1859 a
2489 1804 2688 1859 Persis.
2714 1804 2999 1859 Marcellin.

60 1880 219 1938 India:
397 1885 501 1940 Cos
549 1885 790 1945 Justinus
833 1889 1023 1946 Junior
1069 1892 1161 1950 0r.
1216 1894 1335 1949 sine
1996 1894 2176 1950 Chron
2222 1896 2421 1952 Malala
2464 1897 2611 1952 addit
2664 1898 3003 1953 Antiochiam

119 1990 176 2031 ιιι
314 1977 538 2049 collega.
1995 1992 2206 2051 captam
2230 2000 2412 2040 mense
2441 1985 2563 2041 Jun.
2595 1986 2763 2041 lndict
2784 1987 2835 2040 5.

84 2072 129 2119 et
157 2080 210 2121 tv
395 2068 680 2125 Justiniani
708 2071 889 2129 Novcll
915 2074 982 2130 98
1011 2083 1064 2129 et
1086 2074 1336 2145 Pragmat
2067 2075 2400 2132 Theodosius
2422 2080 2568 2148 episc
2610 2080 3004 2136 Alexandrinus

318 2169 495 2215 sanet.
539 2172 593 2217 et
638 2152 880 2233 epistola:
938 2165 1116 2235 Vigilii
1178 2166 1336 2237 Papae
1996 2178 2117 2218 eum
2136 2166 2375 2235 recipere
2395 2168 3002 2238 nolletsynodumChal-

321 2249 462 2305 datae
492 2252 593 2308 hoc
620 2269 712 2310 cos
738 2271 808 2310 xv
836 2257 934 2310 Kal
957 2258 1157 2313 Octobr
1176 2258 1334 2315 Noris
1998 2255 2373 2321 cedonensem,
2402 2274 2434 2310 ει
2466 2257 2660 2329 Vigilio
2704 2275 2841 2329 papa
2872 2276 3005 2314 ana-

322 2342 389 2396 de
420 2341 531 2414 Syn
559 2344 619 2409 V,
652 2362 704 2416 p.
734 2345 787 2401 8.
815 2348 1023 2402 Dicitur
1054 2351 1218 2404 etiam
1249 2351 1338 2406 hic
1992 2345 2225 2401 themate
2248 2348 2555 2416 percellitur
2576 2357 2629 2403 et
2677 2362 2706 2402 a
2730 2349 3005 2405 Justinano

329 2449 505 2490 annus
534 2437 708 2495 sexies
738 2439 798 2493 P.
832 2439 873 2496 C
900 2441 1108 2496 Paulini
1141 2440 1245 2497 Jun
1273 2458 1333 2497 ιι.

1996 2435 2213 2505 pellitur
2272 2438 2324 2492 in
2394 2439 2661 2494 exsilium.
2711 2439 2869 2495 Noris
2944 2441 3007 2495 de

325 2521 441 2577 Non
476 2523 679 2581 Januar
726 2529 778 2582 in
822 2545 1025 2601 papyro
1052 2531 1203 2587 Vatic
1247 2546 1335 2602 ap.
1998 2543 2152 2602 synv
2177 2530 2352 2601 pag‘8.

327 2610 575 2670 Malleum
620 2618 727 2687 dipl
775 2635 879 2690 pag
904 2621 1022 2675 158.

396 2702 509 2760 Sub
545 2707 646 2761 hoc
674 2709 965 2765 Consulatu
1001 2711 1196 2767 Justini
1242 2710 1341 2767 Ju-

320 2793 492 2850 nioris
530 2782 699 2852 ludict
746 2816 805 2854 ιιι
854 2800 1030 2855 Chron
1076 2801 1338 2862 Paschale

325 2896 576 2941 numerat
606 2887 973 2959 Olympiadem
1000 2908 1226 2947 cccxxx.

394 2973 741 3032 Hildebaldus
804 2994 946 3033 anno
1012 2982 1187 3047 primo
1248 2980 1334 3037 sui
1568 3023 1579 3031 ς

320 3063 490 3134 Regni
518 3066 802 3122 occiditur.
830 3068 946 3123 Rex
968 3068 1165 3124 dicitur
1182 3068 1319 3125 Ara-

318 3127 466 3210 ricus
1638 3127 1689 3196 ε

394 3246 648 3304 Salomon
674 3263 703 3302 a
724 3247 1028 3324 Justiniano
1051 3252 1249 3309 missus
1274 3253 1331 3309 in

317 3336 556 3394 Africam
597 3350 784 3394 contra
848 3340 1060 3397 Mauros
1104 3340 1335 3398 feliciter

320 3428 586 3483 dimicans
652 3429 972 3485 rebelliones
1028 3434 1330 3501 perturbat.

321 3515 675 3572 Continualor
727 3518 1044 3574 Marcellini.
1072 3520 1204 3576 Vide
1227 3520 1331 3575 Pa-

324 3611 467 3681 gium
493 3611 549 3665 h.
582 3627 634 3665 a.
667 3628 721 3667 ιι.
753 3611 837 3668 15.
1044 3610 1051 3615 ⁴

116 3764 245 3820 sesi
390 3764 504 3836 Imp
530 3767 646 3825 Caes
667 3767 1136 3847 JustinianusAug
1165 3783 1234 3831 tr.
1270 3791 1329 3847 p.
1404 3776 1543 3835 nos
1752 3756 1906 3830 01am
2070 3759 2243 3833 Vieilii
2272 3762 2470 3820 3e”.
3119 3762 3219 3820 5H

86 3858 156 3930 Θ
194 3859 255 3914 18
331 3859 423 3927 14,
448 3861 534 3926 15,
567 3861 770 3919 Conv,
1408 3871 1546 3929 439‘
1778 3849 1885 3907 329
2053 3850 2149 3909 His
2192 3868 2311 3909 coss
2346 3869 2415 3909 xv
2454 3853 2552 3909 Kal
2594 3852 2743 3925 April
2784 3852 3003 3910 Novella

88 3941 155 4015 θ
189 3950 254 4007 10
400 3951 587 4010 Totilm
612 3955 756 4026 regis
781 3957 834 4013 1.

1788 3957 1843 3997 tv
2001 3942 2177 4000 Justin
2224 3959 2384 4000 cxxxr
2435 3944 2725 4000 secundum
2776 3960 2837 4000 ea
2884 3958 3004 4014 qua:

114 4036 157 4091 F
397 4043 531 4099 ἀρε
584 4044 814 4101 Basilius
849 4045 1041 4105 ιυηῖοι-
1087 4049 1184 4107 οι..
1212 4052 1332 4109 sine
1784 4043 1833 4087 et
2000 4034 2217 4089 deﬁnita
2248 4044 2373 4090 sunt
2410 4050 2441 4088 a
2477 4034 2819 4089 sanctissimo
2861 4034 3004 4104 Papa

81 4127 242 4186 Indict
313 4133 540 4205 collega,
574 4142 629 4190 et
652 4135 984 4205 privatorum
1021 4136 1327 4209 poStremus

1748 4124 1852 4182 350
1998 4126 2192 4197 Vigilio
2228 4142 2365 4183 nova
2409 4126 2716 4197 Metropolis
2744 4125 2998 4182 Ecclesia:

139 4236 191 4275 ιν
315 4224 410 4293 qui
480 4226 707 4294 gesserit
781 4230 1141 4287 consulatum,
1198 4231 1330 4288 Vide
1784 4235 1803 4275 ι
1990 4218 2305 4277 Justinianm
2342 4221 2529 4293 prima:
2563 4220 2801 4289 erigitur,
2833 4214 3001 4273 Thes-

112 4322 210 4367 ειν
316 4315 543 4371 Panvin.
1996 4311 2409 4368 salonicensium
2456 4311 2693 4367 Primate
2736 4310 2998 4387 antiquis-

321 4408 521 4463 'Vetus
542 4408 823 4480 inscriptio
851 4408 1327 4481 Sedaignuchicuv
1630 4469 1677 4481 _
1993 4404 2130 4461 sima
2171 4403 2547 4473 iurisdictione
2596 4405 2827 4476 privato.
2864 4400 2998 4458 Vide

314 4497 564 4553 bicularii
589 4469 732 4571 regis
749 4469 1068 4558 Theudorici
1084 4506 1186 4574 dep
1210 4469 1322 4562 Ra-
1627 4469 1686 4536 D
1988 4495 2149 4552 Noris
2172 4469 2241 4552 de
2268 4497 2447 4567 Synod
2472 4496 2535 4561 V,
2558 4469 2613 4552 οῖ
2636 4496 2688 4559 4,
2722 4512 2773 4566 p.
2804 4495 2893 4549 ⁸51.

2060 4586 2259 4642 Paulus
2288 4585 2775 4641 Tabennositarum
2808 4585 2993 4639 Mona—

1992 4677 2215 4731 ehorum
2234 4677 2552 4747 prcepositus
2574 4692 2604 4729 a
2626 4670 2997 4730 defensoribus

1989 4767 2190 4840 Synodi
2211 4767 2513 4825 Chalcedon
2543 4768 2821 4823 ordinatur
2836 4767 2995 4835 Episc

1983 4860 2114 4915 Alex
2145 4876 2266 4916 cum
2292 4860 2642 4922 Theodosius,
2671 4867 2725 4913 ct
2753 4856 2990 4927 Gaianus

1992 4952 2131 5022 pulsi
2160 4962 2340 5007 essent
2377 4953 2429 5005 in
2462 4950 2731 5007 exsilium.
2756 4948 2833 5004 lbi
2860 4963 2913 5018 p.
2948 4947 2983 5002 8

1991 5056 2057 5103 ex
2085 5041 2207 5097 Vict
2231 5041 2421 5096 Tunun
2459 5042 2702 5110 aliisque.

2057 5133 2138 5187 Ex
2169 5130 2321 5186 Italia
2348 5140 2631 5187 revocatus
2660 5131 2727 5185 ab
2754 5130 2988 5200 Impera-

1990 5229 2107 5277 tore
2154 5220 2442 5276 Belisarius
2472 5220 2785 5291 Byzantium
2826 5218 2990 5273 venit.

1993 5313 2070 5368 lbi
2101 5313 2343 5368 traducta
2370 5313 2580 5386 hyeme,
2608 5313 2823 5369 ineunte
2844 5327 2991 5376 vere,

1996 5406 2265 5476 Augustus
2313 5405 2462 5461 illum
2520 5408 2777 5461 adversus
2823 5403 2992 5459 Chos-

1988 5511 2116 5553 roen
2140 5496 2439 5567 Persasque
2466 5499 2609 5553 misit
2638 5513 2847 5552 summo
2872 5511 2993 5550 cum

1988 5588 2215 5660 Imperio
2262 5587 2408 5655 belli,
2439 5604 2541 5643 una
2572 5604 2693 5643 cum
2731 5587 2984 5649 Ducibus,

1990 5683 2079 5757 qui
2108 5682 2281 5756 ipsum
2308 5684 2479 5740 secuti
2509 5683 2719 5738 fuerant
2746 5700 2809 5739 ex
2845 5674 2989 5737 Italia

3194 360 3301 417 766
