3914 6318
35 298 159 355 769
202 314 207 315 ⁷
913 290 1257 350 CIIRONOL.
1300 293 1343 347 A
1382 291 1441 348 S.
1481 289 1893 348 SYLVESTRO
1930 290 2023 347 AD
2057 291 2116 347 S.
2155 292 2361 348 G‘REG.
2403 293 2455 347 Μ

100 412 250 465 ιηπι
320 396 695 475 Imperatores,
714 402 963 458 Consules
992 404 1364 467 Romanorum,
1436 404 1579 475 ᾼριηξ
1662 407 1711 466 Α
1752 405 1929 475 ’.4ηηὶ
1991 404 2428 468 Christianorum,
2465 404 2775 460 Judarorum
2810 418 2857 462 et
2892 408 3028 475 ﬁnie

92 477 243 533 Per.
411 471 421 475 ⁷
498 491 577 528 res
603 484 759 544 gesta:
803 484 848 528 et
877 475 1201 528 documenta.
1444 472 1509 527 EI.
1538 472 1599 527 (ἔ.
1738 471 1952 543 Olymp.

92 532 236 599 iul.
1390 554 1511 597 ante
1542 555 1591 596 et
1822 548 1825 551 ’

92 566 125 599 δ
143 566 236 600 ιιι.
1390 566 1511 597 αηιε
1542 566 1590 596 ει

36 628 87 671 et
113 616 266 670 Ind.
1334 623 1445 682 post
1462 612 1618 671 PaliL

336 843 524 883 rursus
571 828 802 882 mittitur
848 827 900 881 in
949 825 1178 881 italiam.
1209 823 1345 883 \lide

336 916 446 987 Pag
479 919 535 972 ιι.
566 934 643 981 a.,
674 932 799 972 num
822 916 878 969 2.

409 1007 468 1061 S.
512 1007 829 1066 Benedictus
851 1003 979 1067 obit.
1011 1004 1087 1067 lbi
1110 1019 1164 1057 n.
1191 1002 1275 1065 12.

99 1096 264 1155 5258
403 1098 517 1168 lmp
542 1098 657 1152 Caes
680 1096 1012 1152 Justinianus
1037 1094 1154 1165 Aug
1181 1102 1248 1147 tr.
1271 1108 1324 1163 p.
1426 1091 1563 1146 1297
1764 1085 1925 1157 Olgm

56 1194 143 1267 Θ
185 1192 265 1245 22
339 1191 542 1255 18,19,
571 1205 693 1245 coss
734 1205 806 1243 Iv.
997 1250 1003 1255 _
1424 1182 1565 1240 1298Δ
1793 1174 1900 1230 330

64 1276 149 1349 δ
193 1282 269 1337 14
409 1282 593 1339 Τοιὶιτθ
643 1282 784 1355 regis
806 1280 839 1333 4
866 1288 920 1334 et
948 1279 1000 1332 5.
1814 1280 1869 1320 Iv

145 1372 194 1424 Α
412 1375 433 1393 ’
482 1371 680 1437 Quater
705 1372 764 1425 P.
797 1370 858 1425 C.
905 1368 1083 1423 Basilii
1111 1365 1233 1421 Jun.
1815 1366 1865 1411 et

68 1464 259 1518 Indict
314 1502 327 1509 -
400 1461 585 1525 Novell
640 1462 927 1517 Justiniani
981 1459 1105 1523 130,
1155 1458 1280 1523 148,
1316 1457 1335 1479 ¹

400 1461 585 1525 Novell
640 1462 927 1517 Justiniani
981 1459 1105 1523 130,
1155 1458 1280 1523 148,
1316 1457 1335 1479 ⁴”
1790 1443 1890 1502 531

113 1568 220 1607 νιιι
335 1561 390 1607 et
448 1563 601 1607 vetus
649 1551 925 1621 inscriptio
956 1551 1009 1605 in
1064 1548 1339 1619 presbyte-
1825 1551 1848 1597 ι

90 1655 140 1700 et
180 1660 239 1698 ix
335 1643 419 1699 rio
449 1643 507 1698 S.
556 1642 830 1697 Michaelis
873 1641 1143 1696 Ravennae
1191 1637 1331 1707 apud

323 1733 603 1803 Agnellum
648 1731 1029 1786 editBacchini
1066 1745 1118 1798 p.
1158 1729 1249 1793 94,
1279 1735 1336 1783 et
1642 1742 1698 1803 Β

331 1821 571 1891 epistola:
632 1819 811 1891 Vigilii
884 1818 951 1873 ad
1016 1817 1323 1870 Auxanium

321 1912 507 1965 Arelat
532 1927 619 1981 ap.
643 1910 929 1965 Baronium
962 1923 1017 1963 ιι
1067 1908 1165 1961 Kal
1194 1906 1320 1962 Jun.

397 1998 604 2055 Totilas
652 2009 921 2068 expugnat
950 1998 1001 2051 in
1030 1997 1229 2051 Piceno
1277 2004 1334 2051 et

324 2088 545 2144 Umbria
596 2088 898 2158 complures
949 2086 1217 2148 civitates,
1269 2091 1327 2139 et

330 2176 527 2231 Urbem
550 2175 692 2233 fame
714 2176 939 2247 premit;
966 2173 1021 2229 in
1040 2188 1145 2229 oua
1166 2171 1337 2229 Bessa

316 2268 609 2331 residebat.

121 2969 258 3027 5159
387 2985 501 3039 tmp
539 2968 655 3024 Caes
697 2965 1033 3027 Justinianus
1081 2964 1201 3036 Aug
1260 2972 1331 3024 tt‘.
1411 2959 1552 3016 1298
1829 2988 1849 3031 ι

88 3062 157 3139 ω
192 3061 261 3115 25
328 3076 383 3131 p.
418 3060 507 3124 l9,
532 3061 624 3123 20,
653 3074 777 3116 coss
796 3074 869 3113 tv.
1419 3049 1559 3110 1299

328 3076 383 3131 p.
418 3060 507 3124 l9,
532 3061 624 3123 20,
653 3074 777 3116 coss
796 3074 869 3165 iv.
953 3147 985 3165 η
1419 3049 1559 3110 ηθθ
1636 3088 1691 3165 ρ
1833 3080 1874 3122 ιι

90 3146 157 3219 ἓ
195 3152 257 3207 15
402 3150 589 3206 Totila:
632 3149 772 3220 regis
797 3147 831 3202 5
864 3155 920 3204 et
951 3147 1008 3202 6.

148 3244 189 3298 G
385 3241 680 3311 Quinquies
698 3240 759 3296 P.
803 3239 866 3295 C.
894 3237 1075 3294 Basilii
1113 3234 1238 3297 Jun.

92 3331 250 3388 ludia
398 3331 631 3388 Novella:
680 3329 800 3385 Just
825 3329 951 3385 115.

154 3436 203 3474 Ix
393 3420 632 3476 Concilia
678 3419 968 3474 lleridense
995 3428 1051 3472 et
1097 3416 1334 3472 Valentis

111 3520 163 3579 ~ct
191 3528 223 3566 ι
327 3528 455 3566 num
485 3513 537 3566 in
570 3510 822 3580 Hispania
869 3510 924 3562 b.
968 3524 1018 3561 a.
1063 3507 1332 3563 celebrata

323 3603 559 3657 ostendit
586 3601 780 3671 Pagius
805 3616 930 3653 num
963 3599 1048 3653 10.

394 3691 552 3748 Circa
582 3691 741 3759 hujus
766 3690 894 3746 anni
917 3688 1097 3753 linem,
1134 3701 1325 3755 nempe

330 3799 419 3838 xvi
441 3781 539 3836 Kal
567 3780 771 3837 Januar
814 3780 1111 3848 ingressum
1142 3776 1332 3835 Totila:

321 3876 375 3929 in
412 3873 612 3928 Urbem
644 3873 869 3928 Romam
914 3869 1103 3924 statuit
1136 3869 1333 3937 Pagius

323 3967 602 4037 perpensis
637 3964 792 4019 Marii
843 3962 1235 4025 Aventiccnsis,
1277 3970 1332 4018 et

324 4056 569 4126 Procopii
598 4056 798 4119 verbis,
848 4054 989 4109 unde
1024 4052 1118 4106 alii
1148 4052 1215 4105 ad
1240 4066 1331 4106 seq

322 4156 575 4219 quentem
596 4146 819 4201 tradunt

102 4344 220 4400 5260
394 4360 507 4421 imp
553 4343 669 4400 Caes
715 4340 1051 4398 Justinianus
1101 4341 1219 4410 Aug
1255 4346 1325 4392 tr.
1411 4334 1515 4389 129
1815 4352 1857 4393 ιι

191 4436 258 4491 21
324 4440 380 4506 p.
408 4434 498 4497 20,
523 4435 615 4501 21,
657 4449 782 4490 coss
819 4448 893 4487 tv.
1424 4424 1559 4481 1500

338 4450 380 4506 ρ.
408 4434 498 4497 20,
523 4435 615 4501 21,
657 4449 782 4490 coss
819 4448 893 4487 ιν.
1424 4424 1559 4481 1500
1642 4440 1696 4500 υ
1823 4443 1884 4484 ιιι

100 4518 161 4592 θ
196 4527 257 4583 16
400 4526 588 4580 Totila:
633 4526 774 4596 regis
816 4523 849 4578 6
877 4531 931 4578 et
955 4524 1009 4576 7.

163 4617 204 4669 F
377 4619 395 4637 '
427 4617 639 4672 Scxlies
664 4616 724 4670 P.
747 4615 807 4670 C.
835 4613 1019 4669 Basilii
1047 4610 1172 4667 Jun.

105 4706 259 4764 lndict
369 4709 389 4731 '
420 4708 701 4779 Inscriptio
730 4708 780 4761 in
807 4706 1001 4760 Ardica
1029 4702 1085 4758 S.
1141 4700 1329 4756 Vitalis

166 4817 195 4855 ι
331 4801 602 4857 Ravenna:
623 4798 761 4868 apud
794 4795 1071 4866 Agnellum
1097 4792 1210 4847 edit
1233 4791 1335 4845 Ba-

126 4898 166 4943 rt
194 4907 244 4945 xi
340 4891 480 4945 chini
522 4904 576 4959 p.
624 4886 715 4953 95,
745 4896 799 4941 et
828 4885 1029 4941 Nolana
1053 4898 1083 4937 a
1117 4898 1203 4944 me
1243 4881 1335 4936 de-

328 4979 547 5047 scripta.

399 5068 804 5124 Theodebertus
855 5080 952 5120 rex
1004 5062 1334 5117 Francorum

330 5160 463 5215 obit.
493 5157 703 5227 Regnat
749 5152 1179 5213 Theodcvaldus.
1225 5151 1332 5206 Pa-

332 5251 453 5323 gius
488 5250 554 5304 ad
582 5262 781 5303 annum
810 5244 934 5308 552,
971 5260 1025 5297 n.
1072 5243 1161 5303 21.

404 5339 578 5396 Totila
618 5339 920 5393 Isaurorum
950 5335 1137 5389 fraude
1163 5333 1336 5389 Roma

329 5432 531 5504 potitus
556 5430 655 5486 sub
682 5429 842 5484 ﬁnem
872 5428 997 5483 anni
1036 5426 1343 5497 praeceden-

338 5526 408 5579 tis
436 5523 505 5578 ab
531 5522 717 5578 eadem
743 5519 1066 5576 devastanda
1101 5535 1114 5579 ;
1152 5517 1345 5575 litteris

330 5613 575 5679 Belisarii
625 5621 899 5683 permotus
944 5610 1177 5665 abstinet
1220 5627 1232 5662 :
1284 5615 1339 5661 et

84 5679 93 5724 ἱ
336 5707 606 5769 Romanos
626 5679 878 5775 captivos
914 5703 963 5757 in
992 5700 1336 5773 Campaniam
1678 5733 1763 5763 ,μ
1833 5728 1838 5738 ι

2057 475 2305 543 timorum
2341 475 2668 543 populorum,
2717 475 3017 543 Pontiﬁces,

3188 298 3309 362 τινα

3122 409 3265 474 Auli

3112 477 3267 531 lEraz

2065 542 2249 612 Reges,
2296 559 2377 596 res
2409 542 2572 612 gesta:
2608 554 2656 597 ει
2693 542 3019 600 documenta.
3079 544 3303 612 Christi.

2009 827 2231 897 suscipit
2287 828 2541 881 adversus
2606 826 2741 881 Rom
2788 826 3025 897 lmp.lbi

2008 931 2063 969 n.
2095 916 2150 971 ὧ.

2065 1087 2249 1158 Yigilii.
2270 1089 2303 1144 7
2328 1098 2382 1144 et
2410 1090 2466 1147 θ.

2074 1176 2392 1248 Origenistze
2440 1178 2584 1235 inam
2634 1193 2728 1249 spe
2777 1178 3013 1235 illectum

1992 1264 2351 1323 Iustinianum
2381 1269 2703 1325 induxerant
2743 1285 2885 1325 anno
2918 1286 3011 1325 su-

1989 1360 2190 1428 periori
2221 1360 2288 1414 ad
2317 1363 2666 1432 expungenda
2709 1362 2832 1417 Tria
2862 1363 3019 1431 Capi-

2002 1447 2115 1513 tula
2154 1464 2224 1505 ex
2266 1449 2508 1506 Concilio
2554 1451 3009 1509 Cbalcedoncnsi:

1999 1538 2085 1592 cui
2138 1541 2483 1608 expunctioni
2538 1542 2876 1597 subscribere
2928 1559 3019 1599 re-.

2005 1627 2216 1681 cusavit
2252 1628 2624 1698 Apocrisarius
2652 1629 2812 1698 Papae
2839 1645 3005 1700 agens

2008 1714 2472 1785 Constantinopoli
2520 1715 2667 1787 [licet
2717 1717 3014 1775 Orientales

1996 1805 2170 1865 adacti
2256 1804 2701 1879 subscriberent]
2778 1808 3012 1878 aliique;

1997 1893 2167 1953 multo
2233 1903 2411 1948 autem
2461 1895 2691 1951 validius
2750 1900 3019 1953 recusavit

1998 1986 2222 2055 Vigilius
2268 2001 2391 2053 eum
2438 1985 2893 2051 Occidentalibus.
2937 1992 3011 2065 Ea

1993 2073 2061 2133 de
2110 2090 2271 2129 causa
2325 2075 2661 2143 indicendum
2714 2077 3010 2145 Concilium

1996 2162 2311 2217 decreverat
2348 2163 2667 2234 Imperator.
2693 2168 2917 2243 Vigilius
2947 2184 3019 2233 eo,

1994 2263 2214 2311 vocatus
2266 2254 2318 2308 b.
2378 2271 2429 2309 a.
2483 2272 2663 2311 moras
2725 2258 2776 2311 in
2824 2258 3008 2313 Sicilia

1995 2343 2176 2397 trahit.
2210 2341 2365 2415 [Vide
2411 2344 2570 2399 Noris
2619 2347 2685 2400 de
2730 2345 2909 2417 Synod
2954 2362 3009 2415 v.

2000 2447 2105 2503 pag
2131 2432 2247 2506 23.]
2291 2443 2345 2489 et
2376 2434 2499 2491 inde
2542 2451 2706 2492 naves
2732 2438 3019 2503 onerarias~

1994 2523 2219 2579 Romam
2263 2526 2428 2579 mittit
2474 2527 2740 2581 frumento
2782 2538 3013 2593 onustas,

1994 2613 2063 2681 ad
2101 2614 2334 2682 obsessae
2362 2616 2520 2684 Urbis
2550 2617 2743 2677 famem
2770 2619 3011 2674 relevan-

1996 2702 2140 2765 dam,
2173 2719 2291 2775 quae
2320 2705 2732 2777 intercipiuntur
2760 2724 2789 2773 a
2818 2708 3020 2775 Gothis

1994 2791 2156 2851 Neris
2200 2795 2270 2849 ibi
2301 2811 2354 2865 p.
2398 2794 2488 2851 26.
2521 2795 2651 2854 Vide
2690 2797 2911 2869 Pagium
2944 2800 3013 2865 ad

1996 2900 2101 2939 ann
2134 2885 2241 2942 546
2271 2904 2323 2941 ιι.
2353 2889 2405 2943 1,

2070 2976 2244 3047 Vigilii
2275 2982 2308 3033 8
2344 2988 2397 3032 et
2423 2980 2476 3036 9.

2066 3065 2193 3121 Prid
2244 3069 2319 3123 ω.
2373 3070 2574 3125 Octobr
2614 3071 2674 3126 P.
2713 3072 2774 3127 C.
2825 3073 3009 3130 Basilii

1997 3153 2100 3209 Jun
2146 3156 2429 3226 quinquies
2456 3157 2627 3215 lndict
2655 3177 2707 3215 ι.
2733 3164 2871 3231 apud
2900 3162 3003 3217 Pa-

1994 3258 2105 3315 tras
2151 3250 2368 3304 Achaia:
2398 3266 2428 3303 a
2474 3251 2664 3320 Vigilio
2708 3239 3011 3323 papa'con-

1987 3349 2228 3393 secratur
2244 3340 2535 3411 Episcopus
2560 3341 2826 3407 Ravenna:
2849 3341 3014 3409 Maxi-

1988 3428 2220 3484 mianus.
2295 3417 2299 3421 ’
2525 3415 2541 3428 ’

2062 3520 2314 3590 Agncllus
2342 3520 2393 3574 in
2424 3520 2538 3590 ejus
2559 3522 2678 3585 Vita
2700 3538 2755 3593 p.
2786 3522 2873 3577 85.
2902 3524 3014 3578 edit

1994 3608 2234 3687 Bachini.
2305 3611 2581 3680 Popularis
2626 3614 2817 3667 seditio
2862 3613 3006 3670 Con-

1993 3702 2335 3770 stantinopoli
2369 3702 2537 3757 ferme
2562 3705 2782 3769 suborta
2807 3714 2916 3759 tum
2940 3706 3010 3760 ob

1991 3791 2224 3857 edictum
2252 3792 2435 3858 Trium
2464 3794 2851 3863 Capitulorum,
2887 3803 2999 3848 tum

1994 3881 2065 3935 ob
2097 3881 2507 3951 carnisprivium
2548 3868 2683 3937 ante
2728 3883 3009 3937 Paschalia

1995 3972 2129 4028 festa
2158 3974 2418 4028 maturius
2454 3984 2709 4043 emptum.
2745 3974 2875 4041 Vide
2901 3974 3004 4041 No-

1993 4063 2067 4131 tis
2132 4064 2200 4117 de
2233 4063 2273 4119 V
2317 4062 2424 4143 Syn
2499 4082 2551 4134 p.
2606 4065 2677 4119 24
2721 4074 2774 4120 et
2820 4065 2910 4119 25.
2956 4076 3011 4135 et

1998 4163 2152 4215 notas
2187 4154 2254 4210 ad
2306 4152 2574 4224 Vigilium.

2073 4337 2250 4408 Vigilii
2287 4338 2320 4393 9
2350 4346 2403 4393 et
2430 4338 2517 4394 to.

2077 4426 2302 4499 Vigilius
2356 4430 2869 4502 Constantinopolim
2924 4433 3008 4489 in-

1998 4510 2217 4595 gressus
2244 4537 2336 4591 vui
2371 4522 2465 4576 Kal
2499 4522 2637 4577 Febr
2657 4508 2795 4578 P.C.
2827 4524 3008 4579 Basilii

2000 4614 2178 4680 sexies
2198 4614 2283 4682 (ex
2304 4614 2443 4681 Auct
2467 4615 2781 4686 Marcellini)
2809 4633 3008 4686 paucos

2000 4713 2123 4772 post
2170 4702 2284 4757 dies
2343 4713 2493 4758 arcet
2538 4707 2706 4759 sacris
2762 4690 3009 4760 Mennam

2002 4792 2672 4867 Constantinopolitanum,
2718 4802 2773 4847 et
2817 4804 3005 4849 contra

1996 4882 2297 4951 Accphalos
2338 4882 2458 4937 licet
2496 4883 2796 4952 patrocinio
2834 4884 3009 4949 Theo-

2001 4972 2146 5027 dora:
2200 4972 2453 5043 Augusta:
2504 4970 2664 5027 fultos
2719 4972 3004 5027 Decretum

2003 5064 2323 5134 promulgat.
2355 5062 2486 5118 Vide
2522 5071 2678 5118 notas
2724 5064 2861 5118 infra
2902 5081 3004 5135 pag

2000 5154 2123 5222 280.
2176 5153 2462 5210 Pollicetur
2503 5170 2562 5210 se
2591 5152 2716 5208 Tria
2763 5154 3004 5225 Capitula

2008 5245 2404 5313 damnatarum.
2495 5244 2752 5300 Restituit
2821 5234 3007 5314 pacem

2004 5334 2208 5388 Menam
2273 5334 2326 5388 in
2386 5332 2561 5401 Natali
2608 5333 3001 5405 Apostolorum.

2008 5426 2141 5480 Vide
2188 5424 2343 5479 Noris
2373 5425 2437 5479 de
2462 5424 2571 5494 Syn
2608 5410 2668 5478 νζ
2708 5441 2813 5497 pag
2837 5426 2907 5479 27
2948 5436 3004 5481 et

2003 5526 2159 5572 notas
2199 5517 2266 5570 ad
2302 5516 2546 5586 Vigilinm
2598 5526 2651 5573 et
2693 5517 2913 5588 Pagium
2938 5516 3007 5590 ad

2013 5612 2066 5670 li.
2100 5627 2149 5664 a.
2190 5627 2242 5663 η.
2270 5609 2302 5660 Ei
2324 5619 2375 5663 et
2407 5624 2556 5677 seqq.

2830 5732 2853 5747 ,ς
2914 5712 2987 5745 ;λ

3122 1087 3240 1157 H5,

3110 2984 3223 3055 sic

3114 4338 3219 4395 547
