3914 6318
69 338 165 392 775
903 335 1242 392 CIIRONOL.
1280 342 1323 391 A
1361 335 1419 403 S.
1464 335 1871 394 SYLVES’I‘RO
1909 338 2000 393 AD
2040 339 2097 394 S.
2139 338 2344 396 GREG.
2388 341 2457 395 Μ.

112 449 249 524 ᾼηηί
314 448 679 520 Imperatores,
697 447 1337 524 Consulesllomanorum,
1415 448 1552 524 {Iuni
1648 450 1702 510 Α
1739 447 1896 524 “Anni
1986 448 2425 524 Christianorum,
2468 450 2776 524 Iudaeorum
2813 465 2861 508 et
2896 457 3018 524 ﬁni-

1412 513 1563 570 U.C.

1399 599 1520 638 ame
1545 595 1592 638 ει

1323 665 1435 725 post
1459 653 1622 708 Palil.

114 521 232 574 Per.

133 589 244 643 Jul.

85 669 129 713 et
158 657 278 712 Ind.

476 535 556 572 res
584 527 738 588 gesta
776 527 822 571 et
853 517 1182 572 documenta.

399 847 586 903 Totilze
613 849 751 916 regis
780 847 813 902 9
844 854 897 901 et
927 846 1010 900 10.

385 941 400 956 “
435 937 628 992 Novies
661 937 722 990 P.
751 937 810 991 C.
847 935 1025 990 Basilii
1053 934 1178 990 Jun.

367 1026 529 1081 Vetus
558 1026 759 1095 inscrip
793 1026 1154 1080 Dedicationis
1177 1024 1327 1080 Basi-

333 1118 450 1172 lica:
493 1118 533 1170 B
579 1116 834 1185 Stephani
868 1116 1134 1170 Ravenna:
1166 1115 1337 1192 tertio

334 1211 409 1264 Id.
444 1210 703 1264 Decembr
735 1209 921 1264 novies
945 1208 1005 1262 P.
1048 1209 1108 1262 Β.
1155 1207 1338 1261 Basilii

325 1301 449 1355 Jun.
476 1301 606 1354 Vide
624 1300 904 1370 Agnellum
931 1299 1149 1353 Bachini
1180 1307 1336 1368 parte

314 1394 367 1455 2,
417 1408 518 1462 pag
547 1392 632 1454 89,
685 1402 737 1445 ct
777 1391 998 1460 epistola
1050 1390 1230 1460 Vigilii
1271 1405 1332 1444 ιιι

304 1482 509 1536 Kalend
543 1480 665 1536 Maii
703 1481 815 1550 Imp
840 1480 1141 1536 Justiniano
1191 1493 1334 1533 anno

310 1587 460 1626 xxrv.
499 1572 558 1624 P.
589 1571 649 1625 C.
683 1571 873 1625 liasilii-
895 1571 957 1623 V.
985 1569 1044 1626 C.
1079 1586 1219 1625 anno
1255 1585 1330 1623 Ix.

312 1661 486 1715 Baron
515 1661 580 1713 ad
607 1661 661 1713 h.
697 1675 747 1712 a.
789 1675 913 1713 num
943 1659 995 1724 4,

386 1749 786 1804 Sclavi-Istrum
829 1748 1120 1816 trajiciunt,
1159 1747 1325 1802 urbes

311 1843 550 1911 capiunt,
581 1850 635 1896 et
686 1842 739 1894 in
788 1856 879 1895 eas
909 1840 1199 1894 crudeliter
1226 1855 1326 1894 see-

311 1933 480 1985 viunt.
533 1930 761 1998 Procop.
828 1929 1039 1984 Lechus
1101 1926 1324 1982 Selavus

310 2021 509 2075 dicitur
537 2021 680 2073 circa
725 2020 839 2072 haec
883 2027 1124 2087 tempora
1177 2015 1328 2070 Polo-

310 2113 456 2165 niam
502 2112 810 2180 occupasse.
838 2107 1019 2166 Calvis
1040 2122 1108 2162 ex
1150 2106 1314 2161 Polon

309 2202 439 2256 hist.

98 2468 214 2521 5261

92 2559 153 2635 ω
186 2559 250 2614 28
308 2558 402 2622 21,
434 2558 523 2621 25,
557 2574 649 2612 eos
675 2574 745 2612 iv.

91 2647 154 2714 0
203 2651 225 2704 I
377 2649 567 2705 Totilze
596 2651 738 2720 regis
766 2649 830 2704 10
859 2659 913 2704 et
944 2651 1026 2705 11.

152 2739 192 2791 Δ
371 2741 558 2795 Decies
586 2740 645 2793 P.
675 2740 736 2795 C.
766 2739 949 2794 Basilii
992 2737 1117 2794 Jun.

96 2825 244 2882 lndict
370 2831 616 2885 Edictum
669 2828 956 2884 Justiniani
1008 2830 1072 2883 de
1120 2827 1316 2884 Tribus

131 2931 209 2970 XIV
310 2917 594 2988 Capitulis,
615 2918 891 2974 etlihellus
918 2917 1057 2972 Cleri
1088 2917 1313 2974 Romani

107 3017 146 3059 ιι
169 3024 229 3063 xv
313 3011 381 3064 ad
451 3013 697 3066 eumdem
748 3027 844 3081 pro
897 3010 1092 3082 Vigilio
1156 3010 1213 3064 ιι.
1263 3025 1314 3063 a.

299 3103 462 3172 scrip.
495 3102 626 3158 Vide
655 3102 812 3158 Noris
841 3113 897 3157 et
927 3102 1096 3209 I’ag.n
1297 3191 1309 3203 ⁸
1358 3095 1364 3099 ’
1618 3147 1667 3209 C

343 3193 548 3248 Totilas
568 3193 825 3248 liberatus
851 3193 1042 3247 timore
1058 3191 1311 3248 Germani

297 3300 326 3337 a
356 3282 661 3338 Justiniano
690 3283 838 3338 missi
865 3283 1096 3352 primum
1125 3291 1313 3337 contra

296 3372 526 3433 Sclavos,
545 3373 623 3444 (in
653 3389 756 3442 qua
788 3372 1127 3442 expeditione
1167 3373 1306 3424 diem

293 3463 510 3534 cla-usit)
540 3472 602 3518 ut
626 3463 855 3519 subinde
884 3473 1072 3516 contra
1099 3462 1306 3542 Gothos

297 3556 351 3609 in
383 3555 589 3609 Italiam
621 3555 826 3608 veniret
853 3594 868 3618 ,
902 3554 1068 3608 libere
1096 3556 1225 3625 agit,
1257 3563 1312 3608 et

363 2468 476 2538 Imp
504 2465 621 2522 Cres
663 2466 996 2523 Justiuianus
1024 2466 1138 2537 Aug
1162 2473 1229 2520 tr.
1259 2480 1310 2536 p.
1389 2464 1526 2519 1505
1807 2475 1846 2515 ιι

1393 2555 1530 2611 1501
1793 2566 1854 2607 ιιι

296 3647 350 3699 in
382 3645 621 3701 Siciliam
663 3645 937 3714 profectus
962 3659 1081 3698 eam
1111 3651 1306 3706 vastat,

289 3737 600 3807 ingentith
627 3737 803 3805 praeda
835 3744 888 3790 et
918 3734 1129 3805 frugum
1168 3735 1322 3804 copia

305 3836 498 3882 auctus
544 3828 596 3882 in
643 3828 852 3884 Italiam
900 3829 1060 3883 redit.
1093 3829 1290 3884 Proco—

292 3917 434 3986 pius,
465 3927 521 3972 et
546 3931 613 3973 ex
641 3934 706 3972 eo
729 3917 910 3973 Calvis
926 3920 993 3974 ad
1022 3920 1075 3972 h.
1105 3933 1137 3973 a

135 4005 224 4062 265
377 4008 489 4077 Imp
510 4007 626 4064 Caes
652 4007 985 4066 Iustinianus
1013 4009 1127 4080 Aug
1153 4018 1221 4064 tr.
1251 4023 1304 4079 p.
1400 4009 1537 4064 1304
1773 4016 1835 4056 ιιι

79 4095 138 4167 (ᾖ
172 4098 190 4150 l
289 4096 490 4161 25,26,
514 4113 604 4153 cos
627 4115 698 4155 Iv.
1405 4099 1540 4154 1505
1768 4107 1821 4147 ιν

81 4177 142 4251 Ο
169 4187 199 4240 2
373 4188 560 4243 Τοιίιίε
583 4189 723 4258 regis
755 4191 811 4243 1-1
840 4198 893 4245 et
917 4191 981 4244 12
1003 4191 1091 4259 qui
1113 4191 1306 4245 occidi-

95 4276 192 4328 CF
291 4289 402 4334 tur.
452 4278 610 4334 Junio
663 4295 879 4345 mense,
932 4279 1060 4334 Teia
1112 4294 1296 4334 succe-

76 4364 222 4422 lndict
287 4372 465 4426 dente.

122 4475 176 4510 XV
371 4460 632 4516 Undecies
654 4459 716 4512 P.
746 4459 806 4513 C.
839 4459 1018 4512 Basilii
1044 4474 1166 4513 .un.
1429 4520 1431 4522 _
1609 4477 1666 4538 Β

110 4557 149 4598 ει
176 4564 189 4601 ι
353 4551 635 4622 Encyclica
653 4550 823 4621 Vigilii
847 4550 969 4604 data
991 4549 1153 4604 Nonis
1167 4549 1308 4604 Febr

293 4643 592 4713 imperante
620 4641 848 4697 Domino
875 4641 1176 4696 Iustiniano
1198 4639 1306 4695 PP.

290 4734 405 4804 Aug
443 4749 586 4789 anno
621 4750 744 4788 xxv.
784 4733 914 4787 Post
945 4733 1086 4788 Cons
1125 4731 1308 4788 Basilii

290 4813 431 4879 anno
467 4840 542 4878 χι.
587 4823 720 4879 Vide
769 4821 925 4877 Neris
973 4824 1038 4877 de
1085 4821 1194 4891 Syn
1249 4837 1302 4875 ν.

286 4928 388 4984 pag
417 4913 505 4967 49.

359 5003 558 5059 Narses
580 5018 768 5058 contra
787 5001 990 5058 Gotnos
1010 5002 1064 5054 in
1079 4999 1285 5054 Italiam

290 5095 484 5151 missus
521 5094 747 5150 feliciter
774 5102 971 5164 pugnat
1009 5107 1112 5146 non
1141 5091 1296 5162 longe

292 5184 548 5244 Ravenna
594 5185 776 5256 fugato
802 5198 1046 5253 czesoque
1081 5182 1255 5237 Totila
1284 5197 1324 5235 :‘

289 5278 377 5332 cui
414 5277 569 5348 Tejas
606 5291 886 5332 successor
926 5291 955 5330 a
1002 5273 1192 5331 Gothis
1239 5278 1318 5329 se'

292 5365 538 5420 Ticinum
564 5367 941 5436 recipientibus
967 5365 1124 5420 datur
1145 5364 1294 5420 brevi
1317 5387 1319 5390 ί

292 5457 584 5510 moriturus
612 5471 626 5510 :
660 5457 714 5510 in
734 5471 840 5526 quo
865 5455 1027 5510 desiit
1045 5452 1298 5526 Ostrogo-

297 5549 508 5602 thorum
536 5547 779 5619 Regnum
811 5547 864 5602 in
893 5546 1064 5601 Italia.
1095 5545 1292 5601 Urbem

295 5649 562 5708 receptam
605 5640 868 5694 instaurat
912 5638 1130 5694 Narscs.
1160 5637 1302 5691 Vide

295 5739 446 5784 notas
472 5732 538 5786 ad
566 5729 835 5800 Vigilium.

1732 514 1938 588 Olymp.

2049 520 2293 593 timorum
2344 521 2669 589 populorum,
2703 520 3006 593 Pontiﬁces,

3190 348 3300 406 πι

3121 457 3262 515 Αιιηὶ
3277 509 3288 521 ,

3108 529 3262 583 Era

2040 587 2226 657 Reges,
2261 587 2351 642 res:
2379 587 2534 658 gesta:
2570 601 2616 645 et
2668 587 3001 649 documenta.
3079 595 3295 654 Christi.

2009 857 2134 899 num
2185 842 2244 900 S.
2297 843 2454 900 R.E.
2505 845 2768 904 Diaconos
2795 851 3014 907 damnat

1999 941 2266 1002 tanquam,
2304 934 2362 989 S.
2427 937 2846 997 Chalcedonensi
2926 958 3017 1014 sy-

2003 1023 2144 1076 nodo
2206 1023 2564 1080 adversarios.
2639 1027 2772 1082 Vide
2828 1027 3036 1085 Barea.-

1997 1108 2157 1164 Noris
2182 1119 2236 1163 et
2279 1111 2500 1180 Pagium
2531 1114 2586 1166 h.
2618 1129 2667 1168 a.
2698 1131 2750 1168 ιι.
2787 1116 2822 1168 4
2850 1126 2905 1171 et
2943 1117 3002 1183 5,

1994 1212 2051 1256 et
2071 1212 2226 1257 notas
2252 1203 2390 1258 infra

2070 1291 2308 1346 Africani
2352 1294 2586 1364 episcopi
2616 1309 2710 1366 per
2739 1312 3008 1354 summam

1999 1382 2355 1437 temeritatem
2405 1384 2654 1457 Vigilium
2691 1405 3006 1459 excommu-

1990 1469 2171 1522 nicant
2225 1473 2461 1541 synodali
2518 1477 2800 1531 sententia.
2863 1479 2985 1534 Vict

1985 1558 2194 1614 Tunun.
2259 1570 2363 1616 tam
2421 1564 2474 1618 hi
2534 1565 2709 1636 Vigilii
2783 1567 3004 1626 decreto

1973 1663 2136 1718 quam
2179 1649 2466 1710 Iustiniani
2517 1658 2778 1728 rescripto
2833 1659 3003 1731 Illyri-

1993 1740 2130 1793 ciani
2160 1744 2540 1810 percelluntur.
2569 1748 2664 1802 lbi.
2714 1751 2892 1819 agitur
2919 1752 2986 1806 de

1979 1844 2077 1898 syn
2117 1845 2314 1886 meum.
2348 1839 2714 1894 convocanda.
2758 1839 2977 1896 Interim

1981 1917 2316 1988 Mopsuestia:
2371 1926 2597 1980 habetur
2631 1929 2685 1982 h.
2735 1944 2786 1982 a.
2838 1931 2972 1986 Vide

1981 2005 2138 2062 Neris
2162 2021 2215 2064 et
2240 2011 2459 2080 Pagium
2511 2017 2575 2070 ad
2601 2018 2655 2070 ιι.
2684 2033 2733 2074 a.
2769 2035 2898 2074 num
2933 2020 2966 2075 9

1985 2108 2038 2152 et
2072 2101 2154 2153 10.
2211 2100 2431 2170 Vigilius
2462 2106 2761 2174 judicatum
2809 2123 2964 2176 suum

1977 2205 2008 2244 c
2078 2194 2324 2248 manibus
2395 2195 2601 2261 Menna}.
2665 2212 2968 2268 recuperat.

1984 2283 2116 2338 Vide
2170 2284 2328 2340 Neris
2373 2288 2438 2341 de
2493 2304 2590 2358 syn
2652 2305 2716 2354 γ,
2766 2290 2820 2343 in
2892 2293 2992 2346 lin.

1981 2387 2080 2440 cap
2102 2372 2158 2425 4.

2056 2462 2229 2532 Vigilii
2265 2463 2331 2516 ιδ
2358 2470 2414 2516 et
2437 2461 2521 2514 ιι.

2069 2551 2501 2607 Occidentalibus
2571 2553 2835 2623 episcopis
2917 2555 2984 2609 ad

2003 2645 2262 2715 synodum
2319 2646 2696 2699 accedentibus
2733 2646 3000 2700 Constan-

1985 2735 2283 2804 tinopolim,
2317 2735 2542 2805 Vigilius
2570 2735 2684 2788 sine
2715 2735 2844 2803 ipsis
2871 2751 2991 2790 eam

1975 2827 2249 2883 eeiebrare
2309 2829 2589 2881 detrectat.
2653 2826 2986 2882 Justinianus

1985 2920 2163 2974 edicto
2192 2935 2288 2974 suo
2315 2919 2437 2972 Tria
2472 2917 2716 2988 Capitula
2747 2919 2990 2974 damnat.

1980 3011 2224 3081 Vigilius,
2269 3011 2578 3064 convocatis
2606 3010 2893 3079 episcopis,
2924 3012 2993 3064 ah

1987 3101 2191 3170 apostol
2248 3102 2392 3156 sedis
2454 3102 2828 3155 communione
2875 3115 3012 3156 ξιιμ

1975 3205 2200 3260 pensum
2271 3190 2507 3244 declarat
2567 3191 2858 3259 quemlibet
2896 3194 2989 3262 qui

1972 3282 2298 3335 damnationi
2361 3283 2651 3352 praebuerit
2692 3298 2994 3337 assensum.

1974 3371 2286 3440 Indignatus
2357 3373 2650 3441 imperator
2721 3373 2978 3426 eumdem

1973 3460 2431 3528 custodirijuhet;
2463 3463 2554 3515 sed
2609 3463 2731 3532 fuga
2781 3461 2996 3531 elapsus

1967 3552 2358 3606 Chalcedouem
2403 3569 2524 3606 cum
2570 3553 2837 3622 episcopis
2887 3555 2992 3608 sibi

1978 3644 2373 3698 adhaerentibus
2404 3645 2668 3712 pervenit.
2706 3645 2838 3698 Vide
2873 3643 2979 3698 No-

1969 3735 2044 3789 ris
2070 3737 2134 3788 de
2157 3732 2264 3804 Syn
2295 3751 2343 3797 v,
2373 3749 2401 3786 a
2430 3751 2529 3804 pag
2555 3734 2649 3800 40,
2690 3734 2758 3788 ad
2795 3734 2883 3789 48.

2033 3999 2210 4069 Vigilii
2246 3998 2310 4052 ιι
2338 4007 2391 4052 et
2423 3998 2488 4051 ιδ

2033 4091 2212 4161 Vigilii
2269 4090 2566 4144 constantia
2634 4098 2713 4142 tot
2771 4089 2984 4159 experi-

1966 4186 2166 4238 mentis
2215 4182 2437 4252 probata
2490 4183 2678 4238 suadet
2724 4181 2982 4236 Iustinia-

1967 4293 2134 4341 num,
2186 4287 2244 4330 ut
2290 4277 2553 4346 legatione
2613 4275 2680 4329 ad
2731 4275 2990 4329 eumdem

1973 4367 2138 4420 missa
2168 4381 2288 4420 cum
2329 4365 2680 4436 jurejurando
2714 4363 2976 4418 indemni-

1971 4456 2098 4509 tatis
2133 4455 2522 4525 Constantinop.
2563 4463 2798 4511 revocet.
2846 4453 2986 4515 Nam,

1967 4545 2102 4599 citra
2155 4546 2421 4616 pontiﬁcis
2479 4546 2638 4601 Rom.
2703 4560 2987 4602 assensum

1962 4639 2096 4694 nihil
2135 4639 2348 4693 ﬁrmum
2391 4639 2550 4693 statui
2589 4653 2744 4708 posse
2781 4637 3002 4692 intem--

1967 4730 2145 4801 gebat.
2195 4729 2352 4784 Redit
2377 4727 2620 4802 Vigilius,
2665 4737 2720 4783 et
2764 4730 2982 4784 veniam

1969 4819 2304 4891 postulantes
2326 4819 2585 4880 Mennam,
2612 4818 3000 4882 Τιιεοίιοιιιιιιιἰ

1963 4923 2021 4970 et
2055 4913 2325 4969 Andream
2363 4913 2540 4980 Ephes
2584 4911 2820 4979 aliosque
2860 4910 2978 4978 epi-

1962 5021 2153 5076 scOpos
2196 5007 2248 5058 in
2282 5004 2509 5073 gratiam
2544 5011 2598 5055 et
2641 5002 2978 5057 communio-

1960 5111 2082 5151 nem
2156 5095 2364 5163 recipit.
2432 5093 2678 5147 Edictum
2757 5099 2976 5145 revocat

1966 5183 2311 5238 Justinianus.
2339 5181 2561 5236 Mennas
2585 5181 2716 5235 obit.
2745 5180 2990 5234 διωθεῖν.

1966 5290 2057 5330 sor
2100 5269 2184 5328 illi
2210 5273 2367 5327 datur
2405 5273 2458 5326 in
2507 5275 2630 5328 sede
2675 5271 2977 5325 Constanti-

1970 5364 2272 5434 nopolitana
2309 5361 2755 5431 I-Iutychius.Vide
2789 5360 2964 5415 Neris.

1972 5459 2040 5512 ibi
2086 5472 2114 5511 a
2158 5472 2260 5526 pag
2296 5457 2372 5510 49-
2406 5456 2473 5509 ad
2517 5455 2606 5519 51,
2636 5462 2869 5509 eLnotas
2901 5451 2982 5526 ad

1969 5549 2234 5619 Vigilium.

2036 5637 2262 5706 Regales
2311 5639 2514 5692 exuvim
2568 5637 2754 5691 'I'otilzn
2808 5636 2973 5690 occisi

1963 5728 2477 5797 (lonstantinopoliln
2509 5729 2854 5781 transmissae.

3097 2463 3202 2520 551

3083 3998 3200 4056 55%
