3914 6318
65 309 161 363 789
887 294 1235 357 CHRONOL.
1275 293 1321 348 Α
1361 292 1422 349 S.
1467 285 1877 347 SYLVESTRO
1911 285 2006 341 AD
2038 284 2098 343 S.
2137 282 2344 341 GREG.
2385 280 2451 336 Μ.
3202 270 3301 325 790

71 415 269 475 .,Αιιηι
341 411 715 481 Imperatores,
757 404 1024 462 Consules.
1085 403 1353 456 Romano-
1423 398 1561 452 Anni
1658 401 1709 461 Α
1804 395 1941 449 Auni
2013 392 2452 452 Christianorum,
2483 385 2793 481 J'udworu'm
2822 389 2869 436 et
2892 380 3021 481 gini-
3096 379 3234 481 ,ἔχειτί

1006 474 1016 481 .
1447 467 1485 481 η
1517 467 1553 481 η
1786 465 1848 481 Α,
2094 463 2127 481 .·
2154 476 2330 481 dum-..
2366 475 2496 481 ..-μμ
2530 470 2671 481 .........
2778 451 2882 481 nns.’
2928 466 3005 481 um
3172 465 3234 481 rm

69 447 684 546 ,νέιὲἔ
701 447 1317 548 2,5345:
1658 447 1709 461 ’⁵
1752 447 1969 533 νόιῂιιιρ
2024 447 2037 449 ⁷
2076 463 2333 548 timorum
2364 447 2696 548 populorum}
2731 447 3026 548 Ponti/ires,
3061 447 3242 548 Γιξῖςίε

80 518 334 611 ι’
603 518 680 532 Ἥ
706 518 881 548 am“,
910 518 953 529 ν’
983 518 1307 528 ..νη-’ΜΨ
1398 518 1611 611 aute:et_
1752 526 1755 527 ⁷
1796 518 1805 519 ί
1852 518 1877 533 ν
1937 518 1947 533 ”
2076 530 2267 601 Reges,
2294 518 2374 582 res
2394 518 2548 597 gesta:
2582 518 2987 579 et‘documenta.
3061 518 3274 572 Christi.
3341 522 3349 529 '

1384 616 1497 678 post
1511 606 1633 662 Pal.

345 813 605 878 succedit,
644 812 915 881 Augustus
948 816 1234 863 coronatus
1270 805 1359 859 die
2021 795 2263 875 Cessavit
2312 792 2664 871 Episcopatus
2704 800 2857 843 mens
2885 787 2941 850 5,
2972 786 3023 838 d.

341 903 412 959 26
465 874 795 971 Septembris
839 899 906 953 ab
952 895 1214 967 Eutychio
1260 893 1360 946 Pa-
2018 889 2084 944 ιο
2115 883 2355 957 (Catalog
2386 881 2498 937 Luc
2529 892 2680 936 mens
2709 878 2765 943 δ,
2799 874 3027 940 dic525)

329 994 564 1049 triarcha
620 993 774 1063 jussu
837 988 1076 1058 eiusdem
1139 983 1365 1049 Justiui.
2016 978 2278 1043 PELAGIUS
2333 973 2411 1038 ll,
2474 969 2676 1026 electus
2756 979 3035 1022 successor

349 1084 481 1139 Vide
500 1054 762 1154 Cangium
784 1054 1346 1147 delamilByzautinis
2018 1069 2299 1126 ordinatur
2347 1065 2434 1120 die
2481 1060 2759 1118 Dominica
2806 1054 3024 1112 27-No-

342 1175 396 1228 in
423 1173 521 1227 Tib
551 1147 925 1228 Coirstanlino.
2024 1160 2231 1217 vembr.
2254 1156 2389 1211 Vide
2415 1162 2568 1208 notas
2597 1165 2697 1220 pag
2725 1147 2848 1202 505.

422 1263 628 1317 Dicitur
647 1263 808 1317 etiam
835 1276 1008 1315 annus
1028 1275 1081 1315 IV
1110 1270 1233 1314 etv.
1259 1257 1361 1312 Tib
2096 1249 2384 1306 Mauricius
2409 1246 2524 1299 Dux
2555 1240 2670 1313 [qui
2717 1248 2900 1310 postea
2942 1236 3049 1290 lm-

350 1352 688 1408 Constantini
735 1368 767 1406 a
812 1350 1055 1419 Caasarea
1099 1347 1361 1417 dignitate
2028 1338 2275 1413 perator]
2334 1344 2519 1395 contra
2586 1330 2779 1386 Persas
2810 1327 3038 1413 .missus

349 1445 570 1513 adepta:
603 1457 710 1512 quo
730 1418 941 1495 labente
970 1449 1184 1494 centum
1205 1434 1371 1491 millia
2022 1446 2210 1487 eorum
2244 1428 2514 1499 regionem
2551 1423 2813 1477 devastat.
2844 1418 3039 1487 Pagius

349 1510 634 1588 Slavorum
658 1533 709 1586 in
735 1531 1018 1586 Thraciam
1041 1529 1362 1598 irrumpunt.
2029 1524 2084 1587 h.
2132 1537 2181 1575 a.
2216 1537 2266 1573 ιι.
2296 1518 2346 1579 6,
2379 1531 2441 1571 cx
2467 1510 2706 1580 Theoph.

352 1624 643 1679 Menander
682 1622 959 1676 Protector
989 1635 1038 1689 p.
1071 1617 1191 1673 124.
1229 1614 1365 1671 Vide

348 1714 567 1785 Pagium
604 1729 655 1767 ιι.
694 1711 747 1777 7,
782 1712 834 1765 1ι.
863 1726 914 1765 a.
1212 1690 1225 1704 ’
1675 1744 1722 1803 Β

133 1821 263 1880 5292
423 1823 536 1892 Imp
563 1822 663 1878 Tib
698 1821 1080 1878 Constantinus
1108 1820 1225 1889 Aug
1252 1832 1358 1872 aun
1456 1817 1582 1871 1551
1678 1787 1722 1811 ν
1861 1828 1897 1867 ιι
2094 1805 2289 1877 Pelagii
2324 1805 2348 1857 1
2377 1813 2433 1857 et
2458 1801 2511 1857 2.
3150 1787 3252 1845 579

119 1915 186 1987 ω
211 1912 279 1967 es
354 1928 387 1966 ν
409 1921 464 1966 et
492 1887 565 1966 ἐι.
1198 1887 1217 1889 ⁷
1450 1907 1587 1964 1532

1457 1907 1587 1964 1552
1838 1919 1897 1958 ιιι
2102 1898 2236 1951 Dum
2268 1893 2446 1965 agitur
2477 1892 2542 1946 de
2572 1902 2703 1959 pace
2730 1887 3003 1942 Romanos

121 1996 264 2069 OIO
420 2002 523 2057 Cos
586 2003 684 2057 Tib
746 2002 933 2059 .lunior
985 2002 1368 2061 Constantinus
2037 1993 2175 2046 inter
2214 2002 2278 2041 ac
2314 1985 2507 2040 Persas
2535 1978 2848 2041 sancienda,
2887 1974 3047 2030 mori—

176 2097 216 2150 Α
346 2095 467 2166 Aug
494 2098 583 2167 qui
613 2097 843 2166 amplum
870 2096 1157 2155 Consulare
1179 2111 1368 2150 munus
2030 2094 2117 2138 tur
2146 2080 2431 2142 Chosroes,
2474 2073 2566 2143 qui
2624 2085 2721 2142 per
2763 2080 2933 2122 annos
2974 2065 3044 2120 48

152 2186 281 2241 ndict
351 2187 406 2241 in
430 2160 673 2258 populum
694 2160 1292 2257 sparsit/Theophanes.
2036 2176 2370 2243 regnaverat.
2413 2162 2725 2221 Hormisdas
2760 2160 2812 2214 in
2857 2172 3020 2226 regno

169 2293 238 2332 ιιι
432 2278 618 2333 Concil
644 2278 919 2335 Gradense
956 2294 987 2333 a
1016 2278 1374 2335 schismaticis
2033 2273 2316 2316 successor
2354 2254 2585 2324 superbe
2626 2250 2852 2321 Legatos
2892 2245 3039 2318 exci-

2040 2352 2193 2423 piens
2235 2364 2337 2403 non
2375 2346 2479 2400 alia
2519 2342 2824 2400 conditione
2865 2350 3054 2409 pacem

2038 2456 2066 2493 a
2092 2454 2147 2492 se
2174 2436 2354 2490 datum
2378 2433 2442 2487 iri
2472 2429 2778 2499 respondet,
2803 2441 2965 2497 quam
2994 2424 3038 2479 si

2041 2527 2416 2599 persolvantur
2481 2521 2720 2592 pecuniae
2769 2531 2956 2573 omnes
3019 2530 3049 2568 a

150 2380 166 2421 ι
190 2385 277 2425 xm
351 2370 785 2441 Aquileiensibus
798 2370 1126 2426 celebratum
1142 2372 1193 2426 h.
1217 2387 1268 2425 a.
1286 2370 1374 2426 die

356 2460 391 2514 5
423 2458 679 2514 Novemb.
711 2460 806 2516 hos
837 2460 1179 2516 characteres
1197 2460 1373 2517 Chro-

358 2547 636 2618 nologieos
659 2550 872 2618 praefert
904 2567 916 2602 ε
942 2548 1239 2619 Imperante
1272 2548 1368 2605 Ser

359 2636 445 2693 Ti.
475 2637 819 2695 Constantine
843 2608 1077 2711 Augus'to
1099 2655 1236 2693 anno
1255 2639 1371 2708 ejus

2035 2620 2336 2683 Justiniano
2367 2611 2655 2686 quotannis
2708 2608 3047 2666 contributae.

366 2728 586 2798 Imperii
612 2730 789 2799 quinto
818 2696 996 2783 eodem
1034 2728 1243 2784 consule
1265 2696 1360 2781 sub

2040 2710 2119 2768 Ex
2176 2704 2605 2777 Theopbylacto,
2663 2708 2715 2755 et
2763 2696 3052 2753 Menandro

354 2793 602 2880 dietertio
624 2793 808 2889 Nonas
836 2826 974 2880 Nov.
1000 2824 1173 2878 Indict
1196 2821 1365 2876 XIII.

2044 2802 2238 2873 Pagius
2270 2800 2337 2886 ad
2366 2798 2420 2853 h.
2454 2811 2505 2851 a.
2534 2811 2591 2849 n.
2619 2793 2653 2848 5
2681 2800 2735 2847 et
2760 2806 2911 2860 seqq.

368 2913 504 2967 Vide
549 2911 707 2968 Neris
752 2913 816 2967 de
847 2911 955 2983 Syn
992 2927 1043 2965 ν.
1072 2927 1175 2981 pag
1213 2910 1279 2964 97
1318 2918 1373 2963 et

365 3000 488 3063 100,
539 3001 628 3055 ubi
672 3002 782 3069 agit
820 3002 885 3056 de
928 2999 1188 3055 translata
1242 2998 1378 3053 Sede

371 3092 701 3162 Aquileiensi
725 3092 980 3149 Gradum.
1686 3078 1733 3143 C

158 3232 282 3288 5295
442 3233 554 3303 Imp
591 3233 673 3287 Ti.
702 3215 1085 3289 Constantinus
1112 3231 1248 3298 Aug,
1278 3241 1372 3283 cos
1470 3222 1608 3280 1552

1872 3225 1935 3265 ιιι.
2116 3202 2315 3275 Pelagii
2340 3202 2375 3256 2
2399 3209 2452 3257 et
2477 3200 2532 3253 δ.
3162 3190 3268 3247 sse

144 3324 210 3395 Θ
271 3323 294 3377 1
365 3283 582 3378 anno'vl
614 3332 667 3377 et
690 3339 785 3388 vn,
815 3323 867 3379 in
894 3322 1126 3379 nummis
1148 3283 1374 3390 signato.
1469 3315 1606 3373 1555
1878 3300 1959 3370 ινλ
2117 3296 2316 3395 (Ῑοηξιςίι
2375 3287 2670 3391 ευβθΐδυξῐξ
2716 3283 3057 3395 Ῥτπξὶδάθιξι

2047 3384 2444 3456 expeditionem
2474 3379 2697 3448 suscipit
2741 3378 2823 3431 Ti.
2867 3375 3060 3429 Mauri-

2049 3480 2157 3533 tius
2206 3490 2220 3530 :
2268 3486 2444 3531 castra
2492 3473 2561 3528 ad
2604 3472 2775 3540 ripam
2821 3465 3055 3537 Tigridis

2054 3572 2193 3627 locat
2221 3590 2232 3624 :
2263 3568 2550 3623 Martinum
2573 3580 2637 3619 ac
2659 3561 3051 3617 Theodericum

2049 3662 2289 3718 immittit
2311 3661 2363 3715 in
2394 3658 2657 3712 hosticum
2680 3653 2875 3718 solum,
2901 3649 3030 3704 illud

2050 3768 2155 3823 que
2177 3760 2367 3805 vastat.
2398 3744 2781 3816 Thcopbylaet.

2126 3840 2378 3908 Eulogius
2452 3835 2583 3888 Patr
2656 3829 3053 3885 Alexandrinus

2049 3933 2286 3990 succedit
2320 3928 2529 3983 Joanni.
2576 3923 2770 3991 Pagius
2798 3921 2861 3975 ad
2900 3922 2954 3975 h.
3008 3934 3060 3973 a.

142 3404 206 3478 Θ
243 3414 297 3468 11
441 3414 647 3469 Dicitur
666 3416 827 3469 etiam
853 3415 940 3469 hic
962 3429 1137 3468 annus
1162 3428 1225 3477 ιι,
1250 3426 1377 3467 con-

176 3502 213 3556 C
242 3503 287 3555 F
371 3505 575 3560 sulatus
597 3505 697 3561 Tib
717 3505 880 3561 Const
908 3506 1024 3575 Aug
1057 3512 1112 3559 et
1137 3504 1295 3558 aliter
1317 3518 1375 3568 ιι,

149 3592 300 3648 lndict
370 3605 489 3664 post
526 3595 862 3651 consulatum
886 3595 969 3650 Ti.
1001 3594 1186 3657 Const,
1217 3601 1322 3647 etc.

180 3701 263 3739 xm
439 3687 592 3743 Circa
657 3689 774 3742 haec
838 3698 1076 3756 tempora
1136 3685 1373 3739 Ducatus

168 3785 184 3826 ι
216 3791 296 3830 xw
369 3785 497 3842 tres,
528 3776 922 3831 Marchiouatus
958 3775 1111 3834 duos.
1151 3779 1207 3826 et
1237 3769 1383 3825 Civi-

369 3875 537 3920 talum
569 3865 732 3920 duces
757 3865 847 3928 56,
890 3880 917 3918 a
946 3861 1310 3933 Langobardis
1333 3861 1384 3915 in

371 3957 518 4013 ltalia
550 3958 851 4013 constituti.
885 3957 1017 4011 Vide
1048 3954 1251 4009 Panvin
1285 3969 1381 4007 an-

377 4047 453 4118 tiq
499 4049 674 4103 Veron
707 4047 741 4101 l.
774 4063 827 4111 v,
860 4062 909 4102 c.
960 4048 1013 4111 5,
1041 4054 1098 4101 et
1138 4044 1382 4113 Campel-
2056 4045 2107 4089 ιι·
2142 4028 2191 4078 8·

369 4137 479 4192 lum
524 4136 633 4191 hist
673 4136 874 4205 Spolet.
901 4136 975 4191 lib
1021 4150 1095 4200 χι,
1127 4148 1230 4204 pag
1251 4133 1378 4193 524,

368 4226 456 4281 ubi
487 4242 551 4281 ex
580 4225 746 4280 Paulo
779 4226 923 4280 Diac.
963 4226 1034 4279 lib
1054 4241 1133 4289 ιιι,
1165 4238 1262 4293 cap
1294 4224 1379 4287 l5,

370 4315 602 4384 primum
650 4313 993 4384 Spoletanum
1044 4314 1233 4368 ducem
1277 4312 1381 4366 Fa-

367 4404 607 4458 roaldum
688 4411 948 4458 memorat
994 4422 1006 4459 :
1081 4412 1136 4457 et
1191 4401 1388 4457 Camila
1693 4421 1744 4482 Ι)

379 4494 486 4547 Ιυιιι
513 4493 728 4564 Peregr.
756 4493 828 4549 lib
857 4510 918 4559 ιι,
948 4493 1036 4548 ubi
1058 4493 1125 4546 de
1158 4492 1381 4547 Zottone

380 4584 554 4653 primo
600 4584 733 4639 duce
783 4584 1277 4638 Beneventanorum
1315 4597 1383 4637 ex

370 4674 537 4729 Paulo
582 4675 715 4729 Diac
750 4675 863 4745 agit
908 4685 964 4728 et
1011 4673 1215 4728 Panvin
1262 4672 1382 4742 pri-.

378 4779 523 4818 mum
538 4762 957 4833 Foroiuliensem
990 4764 1176 4819 ducem
1200 4760 1377 4817 Gisul—

374 4854 484 4909 fam
522 4856 707 4913 tradit.

167 4967 289 5023 5201
451 4970 561 5039 Imp
583 4970 667 5025 Ti.
694 4970 859 5024 Const
880 4969 997 5038 Aug
1020 4983 1112 5024 cos
1152 4982 1292 5021 anno
1315 4981 1387 5020 vn
1479 4962 1616 5017 1555

1845 4955 1997 5027 Olym
2129 4950 2329 5023 Pelagii
2357 4951 2390 5004 5
2416 4956 2472 5003 et
2497 4946 2550 5001 4.
3174 4929 3272 4987 581

153 5058 220 5132 Θ
277 5059 311 5113 2
381 5069 437 5116 et
460 5032 579 5126 vui,
609 5075 675 5115 ex
703 5032 995 5114 nummis:
1481 5054 1617 5109 1554

1520 5054 1617 5109 554
1885 5047 1988 5103 559
2131 5044 2337 5099 Bellum
2364 5037 2640 5093 Persicum
2666 5032 2859 5087 iterum
2882 5040 3066 5083 recru—

148 5141 214 5215 O
254 5152 317 5207 l2
454 5153 605 5208 Hunc
651 5167 847 5207 annum
896 5151 1087 5206 Petrus
1132 5149 1385 5204 Notarius
1908 5154 1958 5191 IV
2029 5134 2246 5199 .deSCil.
2289 5132 2481 5199 inquo
2525 5123 2753 5180 Romani
2795 5118 3065 5191 θετεεῖθπη

1909 5239 1955 5281 et
2065 5223 2342 5279 victoriam
2362 5223 2725 5289 reportarunt,
2741 5214 2867 5266 dum
2886 5218 3063 5264 castra

1877 5316 1981 5371 540
2062 5312 2378 5374 llr'rmisdw,
2423 5319 2478 5363 et
2516 5303 2901 5376 supellcctilem
2952 5298 3067 5368 ejus

187 5441 270 5481 xxv
383 5389 1383 5491 itaindicatemendari,subdielduum
1918 5424 1931 5461 ι
2043 5420 2163 5459 cum
2206 5398 2516 5472 Elephantis
2554 5395 2795 5467 capiunt,
2824 5407 2942 5463 quae
2968 5389 3072 5443 Im—

161 5524 203 5569 ει
232 5533 297 5572 xv
378 5518 735 5580 Decembrium
760 5516 878 5585 Imp
913 5489 1134 5568 Domino
1181 5513 1378 5567 Nostro
2049 5492 2282 5565 peratori
2324 5499 2529 5544 tantum
2581 5492 2855 5542 reservata
2895 5489 3060 5537 sunt:

382 5608 582 5664 Tiberio
657 5575 1102 5674 consta'ntinopoli
1166 5602 1385 5671 Auguin
2050 5598 2241 5644 cetera
2298 5583 2552 5638 Militibus
2607 5580 2824 5643 dantur.
2881 5575 3061 5632 (Salvis

382 5698 630 5769 [fortasse
671 5696 973 5766 tegendum,
997 5668 1214 5749 Tiberio
1251 5668 1391 5745 Cou-
2068 5698 2134 5735 ex
2157 5679 2383 5732 Zonara.
2439 5674 2572 5729 Huic
2625 5672 2758 5729 addc
2787 5668 3073 5737 Theophy—

203 5245 247 5299 E
373 5246 429 5301 S.
446 5246 702 5301 Ecclesia:
728 5243 1086 5313 Neapolitana:
1104 5242 1255 5310 jussu
1281 5239 1385 5295 Re-

150 5332 304 5391 lndict
375 5337 524 5393 ducis
576 5336 735 5405 Episc
784 5334 1077 5389 emendatis
1126 5332 1376 5387 Codicem
