3914 6318
99 298 241 377 7,95.

169 416 315 469 Anni
388 415 760 484 Imperatores,
803 411 1076 484 Consules,
1142 411 1403 465 Romano-
1480 411 1616 484 firmi
1717 412 1764 474 Α
1851 411 1998 484 λιι.ηηὶ
2071 409 2511 484 Christianorum,
2543 411 2846 484 intimorum
2871 423 2921 484 et

101 484 237 554 l‘er'.
256 483 372 554 Jul.
429 552 432 554 _
471 474 604 554 rum,
643 499 720 535 res
747 474 905 552 gestw
935 491 981 534 et
1008 479 1339 550 documenta.
1506 474 1549 546 ζ]
1574 479 1615 533 C

133 566 182 608 et
208 550 337 615 Iud.
429 552 432 556 ’
543 551 547 554 ’
754 550 766 552 ἡ
1433 560 1553 604 ante
1605 560 1652 602 et

143 619 150 630 ’
427 621 431 625 ’
505 621 508 624 “
1432 631 1542 688 post
1565 617 1680 671 Pal.

157 819 305 885 5298
458 818 571 890 Imp
602 819 684 873 Ti.
717 818 998 874 Mauritius
1039 819 1156 888 Aug
1194 816 1396 881 30110.5
1476 815 1616 869 1557.
1822 815 2010 886 Olymp

259 908 294 960 6
383 918 436 961 ct
462 907 516 972 4,
546 907 607 961 Ρ.
636 921 728 962 eos
746 907 864 978 eius
883 908 938 969 2.
1474 903 1617 970 1558,

408 918 436 961 τι
462 907 516 972 4,
546 907 607 961 Ρ.
636 921 728 962 eos
746 907 864 978 eius
883 908 938 969 2.
1474 903 1617 970 1538,
1851 910 1954 974 ἵνῤο

135 991 214 1066 δ
244 999 307 1053 16
457 997 709 1070 Signatur
733 999 821 1054 hic
844 1014 1016 1056 annus
1044 999 1096 1052 in
1130 997 1416 1068 cpitapbio-
1887 1019 1940 1057 ιν

151 1087 197 1140 G
379 1088 632 1152 Candida:
684 1106 736 1144 Iv
784 1089 860 1143 ld.
919 1089 1047 1158 Sept
1079 1089 1190 1158 Imp
1238 1088 1300 1142 DV.
1330 1086 1393 1141 N.
1885 1103 1930 1145 et

163 1175 342 1230 Indict
386 1176 634 1233 Mauritio
659 1178 761 1232 PP.
808 1179 926 1250 Aug
972 1194 1112 1234 anno
1138 1195 1210 1234 IV.
1240 1179 1298 1233 P.
1323 1180 1388 1233 A.
1849 1183 1944 1237 541

208 1284 266 1322 ιιι
376 1269 525 1338 ejusd
550 1286 656 1326 ann
696 1287 754 1325 ιι.
783 1271 955 1326 lndict
978 1279 1188 1340 quarta.
1214 1271 1394 1326 Baron
1886 1287 1904 1324 ι

156 1367 202 1408 et
230 1373 282 1410 tv
379 1359 433 1412 in
489 1358 692 1430 Martyr
723 1359 857 1413 Rom
900 1360 970 1414 ad
999 1361 1142 1414 diem
1181 1360 1215 1413 4
1243 1357 1398 1431 Sept.

385 1447 580 1503 lleines
596 1465 651 1518 p.
677 1449 801 1513 960,
832 1464 895 1504 ex
913 1449 1147 1520 Capacio
1167 1458 1222 1504 et
1247 1449 1408 1504 Sum-

389 1539 594 1602 montio
626 1558 637 1591 :
677 1540 742 1603 de
767 1555 875 1609 quo
919 1539 1038 1608 vide
1087 1539 1308 1610 l‘agium
1341 1558 1396 1594 ιι.

383 1627 517 1691 1,h.
549 1643 601 1692 a.

455 1716 717 1782 Eharicus
767 1718 906 1775 ﬁlius
961 1721 1181 1776 λιιι-θυῖε
1232 1721 1414 1790 Regis:
1705 1749 1753 1804 ῃ,

377 1807 671 1863 Suevorum
704 1810 754 1863 in
780 1809 1028 1866 Callaecia
1048 1852 1062 1875 ,
1097 1822 1152 1868 et
1178 1827 1396 1875 succes-

383 1913 473 1960 sor
519 1901 762 1968 privatur
820 1918 987 1974 regno
1040 1903 1105 1956 ab
1166 1902 1391 1964 Audiea,

395 1992 484 2059 qui
515 1992 850 2063 tyrannidem
881 2001 1130 2064 usurpat,
1150 1993 1244 2047 sed
1273 1993 1380 2045 Au—

390 2081 562 2139 dieam
593 2083 648 2136 b.
699 2098 750 2136 a.
792 2084 1008 2152 expedit
1056 2083 1398 2152 Lcovigildus

393 2170 690 2226 Gothorum
740 2189 864 2238 rex,
919 2174 990 2227 ita
1029 2172 1310 2228 deﬁciente
1347 2172 1408 2242 in.

384 2262 638 2332 Hispania
654 2262 952 2318 Suevornm
968 2263 1240 2317 dominatu
1257 2263 1400 2332 quod

400 2362 636 2422 cmperat
679 2369 821 2409 anno
857 2354 1055 2408 Christi
1099 2354 1222 2410 409.
1266 2354 1398 2409 Vide

392 2442 613 2514 Pagium
633 2459 699 2504 ex
721 2460 845 2498 num
862 2445 948 2510 12,
967 2446 1033 2500 ad
1053 2461 1250 2518 annum
1273 2445 1396 2500 582.

169 2531 313 2587 5299
333 2537 349 2552 ⁸
457 2533 568 2601 lmp
598 2533 715 2588 Czcs
741 2533 823 2588 Ti.
855 2534 1134 2592 Maurittus
1158 2535 1274 2604 Aug
1304 2549 1397 2602 an—
1472 2533 1608 2588 1558
1842 2563 1857 2601 ι

131 2625 210 2701 Θ
275 2621 306 2673 7
383 2638 481 2677 nos
505 2623 555 2676 in
581 2624 813 2694 nummis
828 2624 1004 2695 signat
1021 2624 1053 2678 4
1081 2634 1134 2679 et
1154 2625 1186 2679 5
1212 2623 1270 2696 i‘.
1293 2624 1398 2680 Cos
1474 2623 1608 2678 1359
1847 2653 1887 2688 ιι

131 2711 209 2784 ο
251 2715 314 2769 17
388 2716 504 2784 ejus
530 2717 583 2770 5.

205 2805 258 2858 F
453 2807 712 2871 Autharis
737 2808 1209 2880 Langobardorum
1260 2809 1400 2882 regis

130 2897 310 2951 Indici
383 2899 698 2968 eiectionem
734 2902 787 2956 ιι.
819 2918 870 2955 a.
925 2901 1154 2962 Mauritii
1209 2909 1401 2970 quarto

207 3005 264 3042 tv
372 2992 716 3046 statuendum
741 3009 806 3046 ex
831 2991 948 3048 Abh
975 2992 1286 3048 Biclariensi
1315 2993 1393 3046 in-

167 3089 277 3130 ειν
392 3081 563 3136 tendit
588 3082 782 3152 Pagius
811 3100 863 3136 ιι.
922 3082 958 3136 2
1009 3083 1126 3136 (ειό
1179 3084 1246 3136 ad
1294 3098 1398 3136 anu
1707 3098 1754 3158 (ς

393 3171 518 3225 585.
1754 3167 1761 3173 ’

459 3258 794 3330 Leovigildus
827 3275 924 3332 rex,
951 3258 1196 3322 moritur,
1221 3274 1406 3312 succc-

379 3350 542 3404 dente
570 3350 902 3416 Reecaredo.
933 3355 951 3419 (
980 3351 1056 3404 Ex
1081 3349 1254 3415 Biclar
1289 3349 1397 3419 Pag

393 3441 464 3504 ibi
495 3457 549 3495 ιι.
582 3441 680 3512 μθ)
725 3441 825 3509 Qui
875 3440 1102 3512 Legatos
1155 3440 1220 3494 de
1273 3455 1403 3512 pace

384 3531 548 3584 mittit
573 3533 638 3586 ad
667 3515 1056 3602 Quntramnum
1088 3529 1178 3598 Fr.
1202 3529 1399 3604 Regem

381 3621 491 3692 Pag
522 3622 592 3676 ibi
619 3639 674 3676 ιι.
704 3639 780 3678 x1.
1295 3605 1301 3611 ”

457 3712 831 3768 Childebcrtus
865 3714 954 3783 qui
994 3728 1022 3766 a
1049 3713 1132 3768 Fl.
1185 3713 1412 3769 Smara-

395 3803 498 3874 gdo
524 3803 764 3870 exarcha
805 3803 1118 3858 muneribus
1151 3804 1406 3858 invitatus

392 3895 444 3954 in
470 3893 674 3948 Italiam
700 3893 1254 3950 descenderatcontra
1277 3893 1418 3964 Lan-

388 3983 653 4054 gobardos
677 3982 745 4038 ab
767 3983 953 4039 iisdem
975 3984 1091 4053 pari
1121 3985 1326 4039 ratione
1339 3985 1406 4038 ad

387 4090 572 4144 pacem
599 4090 780 4130 secum
804 4075 1126 4142 faciendam,
1147 4083 1204 4130 et
1224 4076 1289 4129 ad
1321 4089 1406 4129 re-

397 4179 638 4234 gressum
671 4164 723 4218 in
754 4163 1034 4218 Franciam
1062 4163 1408 4234 pertrahitur.

389 4255 466 4309 Ex
504 4255 682 4309 Turon
741 4265 795 4308 et
832 4253 1000 4308 Paulo
1045 4253 1184 4308 diae.
1217 4253 1412 4321 Pagins

397 4365 449 4401 ιι.
473 4347 528 4401 4.

174 4438 322 4496 5500
397 4365 578 4510 "fmp
615 4435 730 4493 Caes
757 4437 840 4504 Ti.
865 4436 1144 4507 Mauritius
1165 4436 1280 4507 Aug
1312 4452 1408 4490 an-
1482 4435 1617 4489 1559
1717 4430 1764 4497 Π
1857 4457 1890 4494 ιι

295 4529 328 4583 8
402 4544 498 4583 nos
527 4529 579 4582 in
610 4527 842 4586 nmnmis
896 4527 1126 4598 signatS
1151 4538 1204 4581 et
1236 4527 1269 4581 6
1296 4534 1415 4596 post
1491 4523 1628 4579 1540

402 4544 498 4583 nos
527 4529 579 4582 in
610 4527 842 4586 nmnmis
896 4528 1073 4598 signat
1093 4527 1126 4582 5
1151 4538 1204 4581 et
1236 4527 1269 4581 6
1296 4534 1415 4596 post
1491 4523 1628 4579 1540
1859 4549 1916 4585 ιιι

140 4617 220 4691 ὃ
255 4623 322 4677 18
395 4621 731 4682 consulatum
769 4621 886 4690 ejus
909 4627 1181 4689 quartum.

179 4713 230 4767 E
296 4742 306 4752 -
464 4710 697 4766 Severus
730 4708 1086 4781 Aquileiensis
1135 4709 1418 4778 episcOpus

174 4802 322 4856 udict
391 4801 479 4871 qui
508 4799 672 4854 Heliae
699 4807 1050 4863 successerat,
1077 4807 1132 4851 et
1185 4813 1290 4855 non
1320 4798 1420 4870 mi-

215 4907 250 4941 ν
396 4905 496 4944 nus
522 4889 723 4944 acriter
768 4902 862 4966 pro
910 4887 1106 4941 Tribus
1157 4885 1416 4966 Capitulis

174 4990 224 5032 et
261 4993 312 5031 vi
391 4977 725 5049 depugnabat
774 4992 895 5030 cum
947 4975 1106 5032 sociis
1153 4975 1418 5046 episcopis

405 5077 610 5138 captus,
643 5077 698 5123 et
727 5067 1033 5121 Ravennam
1059 5067 1348 5143 perductus
1386 5081 1415 5130 ει

399 5156 695 5229 Smaragdo
752 5171 933 5212 coram
977 5153 1061 5210 Jo.
1107 5155 1416 5227 Ravennate

397 5248 568 5316 episc.
610 5247 734 5316 Tria
789 5245 1032 5316 Capitula
1087 5260 1210 5300 cum
1261 5244 1420 5314 sociis

405 5339 642 5402 damnat,
673 5346 728 5392 et
754 5337 891 5393 liber
921 5338 1230 5407 dimittitur.
1273 5335 1410 5404 Vide

402 5428 557 5499 Noris
585 5430 650 5496 de
676 5444 729 5480 v.
761 5427 870 5499 Syn
900 5443 953 5497 p.
980 5426 1102 5481 102.

476 5517 773 5589 Smaragdo
799 5519 1033 5574 exarcho
1073 5517 1263 5572 tertius
1291 5530 1411 5582 suc-

404 5612 544 5664 cedit
603 5609 874 5664 Romanus
927 5608 1130 5664 Panvin
1163 5605 1317 5678 VFast
1349 5620 1417 5671 ex

404 5698 566 5759 Paulo
594 5703 732 5759 diae.

943 297 1283 354 CHRONOL.
1309 299 1368 370 ,Α
1405 299 1462 369 s.
1506 295 1915 368 Si'Lvt-Jsruo
1953 299 2042 354 AD
2081 299 2137 354 s.
2176 298 2384 354 ense.
2426 299 2495 352 ιι.

3246 297 3352 356 τρι

1863 413 1998 464 Διιηὶ
2071 413 2511 475 Christianorum,
2543 413 2846 465 Juda’orum
2871 423 2921 465 et
2954 413 3075 480 [ini-
3147 415 3285 468 Αιιηὶ

1839 478 2030 550 ΟΙῃιιιμ
2135 482 2376 549 timorum
2398 481 2730 550 populorum,
2757 480 3057 550 Pontiﬁces,
3121 481 3283 550 71Eth

2135 550 2318 620 Reges,
2352 567 2429 604 res
2453 549 2606 620 gestw
2641 560 2688 604 et
2734 549 3062 605 documenta.
3101 549 3314 618 Christi.

2136 817 2334 889 Pelagii
2364 820 2394 871 7
2419 828 2472 872 et
2493 819 2547 872 8.

2125 911 2458 967 Theodosius
2494 911 2632 966 ﬁlius
2661 911 2900 967 nascitur
2925 911 3074 967 Mau-

2068 1003 2192 1057 ritio
2219 1003 2336 1073 Aug
2370 1019 2435 1058 ex
2469 1003 2687 1073 Theopb
2715 1002 2824 1074 Pag
2851 1003 2918 1058 ad
2969 1019 3073 1065 ann

2063 1092 2167 1148 588
2196 1110 2248 1146 ιι.
2278 1093 2331 1149 9.

2134 1183 2192 1238 S.
2228 1184 2617 1254 llermenegildi
2669 1184 2982 1255 martyrium
3015 1183 3069 1238 1ι.

2068 1288 2120 1330 a.
2150 1273 2444 1342 contigisse
2469 1271 2659 1342 probat
2706 1273 2900 1343 Pagius
2932 1289 2986 1326 η.
3034 1271 3072 1326 2

2067 1370 2123 1420 et
2157 1377 2250 1431 seq
2277 1365 2344 1417 ad
2380 1379 2484 1418 ann
2509 1363 2632 1417 584.

2137 1451 2248 1506 lloc
2269 1453 2650 1508 circiteranno
2698 1453 2756 1508 S.
2794 1452 3076 1508 Columbae

2058 1561 2156 1604 nus
2170 1545 2480 1600 monastica:
2505 1544 2796 1614 disciplinae
2809 1559 3073 1614 propaga-

2061 1643 2146 1692 tor
2176 1637 2361 1692 relicta
2386 1637 2642 1692 Hibernia
2667 1637 2844 1691 Insula
2877 1637 2927 1690 in
2957 1636 3081 1692 Gal-

2061 1731 2185 1784 liam
2250 1732 2414 1792 venit,
2444 1740 2501 1783 ut
2525 1745 2588 1784 ex
2621 1737 2831 1784 vetusto
2884 1728 3079 1784 Codice

2066 1821 2242 1890 arguit
2269 1819 2630 1884 Mabillonius,
2658 1827 2713 1873 et
2747 1833 2868 1873 cum
2895 1833 2959 1873 eo
2983 1817 3082 1872 Pa—

2059 1913 2178 1981 gius
2207 1913 2259 1965 1ι.
2290 1927 2346 1982 a._
2373 1927 2427 1964 ιι.

2121 2002 2498 2058 Cbildcbertus
2575 2002 2907 2056 Francorum
2985 2015 3076 2056 rex

2063 2093 2274 2147 ulturus
2327 2107 2514 2146 necem
2575 2091 2632 2146 S.
2685 2091 3081 2161 llermenegildi

2059 2185 2214 2253 cujus
2241 2200 2480 2240 sororem
2501 2185 2750 2248 duxerat,
2786 2184 3083 2239 exercitum

2068 2277 2119 2331 in
2149 2277 2278 2346 llisp
2329 2276 2496 2330 mittit
2536 2294 2549 2328 :
2587 2276 2681 2330 sed
2736 2273 3013 2345 repellitur
3053 2289 3084 2327 a

2064 2365 2366 2426 lieccaredo
2404 2363 2700 2434 Leovigildi
2729 2365 2884 2418 duce.
2913 2363 3083 2418 Isido-

2067 2471 2180 2510 IIIS.

2130 2547 2329 2614 Pelagii
2355 2546 2389 2601 8
2417 2555 2471 2601 et
2494 2545 2528 2602 9

2134 2635 2382 2704 Pelagius
2407 2635 2475 2689 ad
2528 2634 2808 2703 episcopos
2841 2632 3008 2687 lstrize
3031 2632 3084 2687 in

2064 2726 2352 2786 schismate
2367 2731 2774 2794 perseverantes
2788 2721 2971 2775 Trium
2988 2721 3086 2798 Ca-

2071 2814 2361 2883 pitulorum
2406 2828 2570 2868 causa
2613 2813 2706 2866 dat
2747 2811 2986 2873 litteras,
3034 2819 3089 2865 ct

2065 2903 2409 2973 Legationem
2460 2901 2725 2965 instituit,
2769 2915 2968 2968 eosque
3015 2898 3081 2951 ad

2068 2992 2326 3046 unitatem
2343 2991 2596 3045 Ecclesia:
2613 2989 2794 3044 reduci
2810 2997 2963 3044 curat
2990 2988 3090 3042 im-

2060 3083 2266 3151 plorato
2287 3081 2366 3135 Fl.
2393 3081 2672 3151 Smaragdi
2694 3080 2910 3134 exarcbi
2939 3077 3090 3132 auxi-

2066 3173 2138 3226 lio
2169 3189 2182 3225 :
2214 3187 2335 3225 cum
2360 3187 2466 3240 quo
2491 3169 2824 3240 Langobardi
2847 3167 3088 3224 inducias

2061 3269 2365 3315 statuerant
2383 3259 2738 3315 formidantes
2750 3258 3078 3314 Cbildeherti

2065 3349 2394 3404 Francorum
2453 3348 2593 3419 regis
2643 3347 2929 3402 adventum
2963 3360 3083 3400 cum

2073 3440 2265 3495 validis
2293 3440 2464 3509 copiis
2493 3439 2547 3493 in
2589 3437 2848 3493 auxilium
2876 3435 3080 3490 Roma-

2063 3547 2280 3586 norum.
2311 3531 2387 3585 Ex
2410 3539 2639 3600 utroque
2666 3527 2944 3599 Gregorio,
2977 3525 3080 3579 Ma-

2069 3638 2174 3694 guo
2233 3622 2470 3685 scilicet,
2530 3635 2594 3674 ac
2641 3615 2983 3680 Turonensi,
3035 3630 3066 3670 e

2067 3709 2236 3764 Paulo
2274 3711 2499 3765 diacono
2534 3707 2691 3763 Noris
2723 3717 2778 3762 et
2805 3706 2999 3776 Pagius
3023 3704 3089 3759 ad

2071 3805 2128 3858 1ι.
2156 3819 2206 3856 a.
2225 3820 2350 3857 num
2379 3803 2412 3856 4
2435 3812 2490 3858 et
2510 3818 2668 3872 seqq.

2144 4437 2344 4509 Pelagii
2373 4437 2406 4494 9
2439 4446 2492 4491 et
2523 4435 2606 4492 10.

2156 4528 2381 4594 Romani
2409 4544 2503 4599 per
2526 4529 2639 4583 loca
2671 4524 2902 4582 Persidis
2935 4537 3091 4593 gras-

2077 4632 2283 4679 santur.
2345 4621 2553 4675 Avarcs
2600 4617 2884 4673 Thraciam
2945 4611 3084 4668 infe-

2079 4721 2240 4767 stant.
2283 4711 2358 4766 Ex
2391 4709 2795 4779 Theophylacto
2827 4705 2900 4759 lib
2941 4719 3014 4767 ιι,
3039 4717 3088 4755 c.

2082 4801 2169 4856 10.
2197 4800 2391 4871 Pagius
2421 4799 2487 4853 ad
2513 4799 2568 4852 1ι.
2598 4813 2649 4853 a.
2680 4813 2733 4850 n.
2754 4795 2788 4848 ’5
2818 4802 2872 4847 et
2898 4792 2951 4844 4.

2161 4892 2238 4960 Ex
2272 4889 2544 4968 epitapbio
2573 4883 2821 4942 Caesaris:
2851 4882 2903 4936 in
2951 4879 3094 4934 Dire-

2078 4981 2185 5036 eesi
2216 4977 2453 5034 Avenion
2488 4976 2553 5029 ad
2594 4971 2881 5028 Baronium
2905 4979 3083 5024 trans-

2081 5068 2289 5129 misso,
2351 5065 2405 5118 in
2477 5077 2585 5131 quo
2635 5059 2870 5114 medium
2921 5057 3096 5111 noctis

2087 5159 2174 5212 die
2213 5154 2492 5210 Dominica
2524 5151 2886 5206 inlucescente
2913 5164 2964 5202 vi
3012 5147 3088 5200 Id.

2080 5246 2342 5302 Decembr
2393 5241 2707 5314 quadragies
2733 5279 2748 5304 ,
2781 5247 2835 5293 et
2863 5253 2913 5290 γι
2941 5235 3002 5290 P.
3032 5235 3092 5290 C.

2077 5335 2255 5392 Basilii
2285 5331 2408 5388 Jun.
2432 5331 2498 5386 V.
2527 5330 2588 5386 (Ζ.
2611 5329 2670 5384 C.
2697 5343 2838 5382 anno
2891 5343 2967 5381 xu
3013 5341 3095 5379 re-

2076 5425 2165 5495 gni
2204 5421 2410 5479 Domini
2451 5417 2775 5476 Cbildcberti
2823 5416 2965 5486 regis
3005 5413 3094 5468 ιιι-

2085 5517 2193 5571 dict
2216 5512 2402 5584 quinta
2415 5511 2596 5582 plures
2613 5507 2849 5579 epoebas
2869 5503 3094 5560 stabiliri

2086 5605 2281 5673 Pagius
2308 5603 2463 5657 docet
2489 5601 2544 5654 1ι.
2582 5614 2633 5653 a.
2667 5614 2720 5652 ιι.
2753 5595 2838 5651 12.

3145 816 3252 874 585

3191 2543 3296 2600 586

3198 4423 3304 4488 58']
