3914 6318
39 409 176 464 ’Βῐῧ

1068 409 1268 464 CEN’NI
1305 409 1670 464 PILEFATIO
1707 409 1796 462 AD
1833 407 2170 465 CHRONOL.
2218 410 2361 478 SEQ.

3206 415 3310 474 8H-

63 522 570 596 pmter_Narni:tin,
596 521 670 596 ad-
689 523 1004 596 Romanum
1024 522 1272 596 ducatum
1300 523 1634 596 pertinebat;
1668 529 1714 585 Α
1741 537 2027 596 pguperum
2074 523 2333 596 lini-isti,
2363 541 2478 596 seu
2537 525 2871 596 {irininarium
2919 529 3312 585 concinnalione

63 587 502 661 cujus'distincta
533 592 674 661 apud
701 608 821 646 eum
844 593 1043 645 mentio
1064 587 1336 647 occurrit:
1371 613 1388 642 ι
1421 592 1634 646 Necnon

63 675 126 718 et
165 663 440 718 civitatem
483 661 833 716 Narniensem
884 676 1003 729 quae
1047 677 1078 714 a
1119 662 1317 716 ducatu
1361 661 1638 731 Spoletino

65 750 95 786 a
125 732 689 803 parteRomanorum
741 747 836 799 per
878 731 1089 803 evoluta
1150 746 1411 784 annorum
1466 732 1637 803 spatia

65 800 255 857 {itcrat
293 802 498 855 invasa.
539 819 555 852 ι
601 800 937 870 Quapropter
963 801 1104 853 nulla
1153 817 1218 854 ex
1267 810 1497 870 quatuor
1528 802 1640 854 lau-

65 873 220 926 datis
246 872 554 926 civitatibus
597 869 754 923 antea
790 870 1054 924 restitutis
1081 871 1319 926 pontifici
1351 869 1408 924 S.
1438 870 1640 926 Zacha-

66 943 170 994 riae
206 957 328 994 cum
367 942 479 994 suis
516 941 933 1003 habitatoribus,
969 941 1032 1011 in
1073 940 1315 1011 Pippiuia
1355 940 1642 1011 donatione

69 1011 406 1072 includitur;
434 1018 508 1063 'at
532 1011 941 1080 Ravennatium,
968 1008 1201 1063 IEmiliae
1233 1008 1642 1080 Pentapolisque

65 1094 265 1135 omnes
292 1089 446 1143 sunt;
489 1093 622 1147 quas
651 1079 892 1150 profecto
933 1080 1181 1148 regiones
1211 1095 1238 1132 a
1280 1078 1506 1150 l'ippino
1549 1078 1642 1133 do—

68 1159 235 1203 natas
262 1163 381 1203 esse
423 1150 648 1203 summis
692 1149 1034 1218 pontificibus
1077 1149 1446 1202 controversia
1496 1150 1642 1203 nulla

67 1228 177 1273 est.
220 1219 405 1273 Solum
439 1219 491 1272 id
518 1220 694 1272 vocari
737 1221 788 1272 in
829 1219 1249 1273 centrovcrsiam
1290 1227 1488 1286 posset,
1517 1235 1640 1272 num

67 1289 279 1357 eaedem
327 1288 574 1357 regiones
599 1327 613 1351 ,
649 1302 879 1356 quarum
934 1289 1180 1342 civitates
1208 1299 1468 1342 vocantur
1508 1288 1643 1342 Jura

68 1359 205 1426 reip.
241 1356 592 1426 Romanorum
627 1368 672 1410 et
701 1368 895 1411 sancta:
937 1360 1094 1421 sedis,
1123 1359 1263 1411 ultro
1311 1372 1367 1410 se
1399 1366 1524 1410 ante
1551 1359 1646 1410 de-

70 1425 314 1496 diderint
342 1425 681 1496 pontificibus
707 1441 827 1479 cum
852 1429 920 1480 ab
957 1427 1375 1496 imperatoribus
1410 1427 1646 1481 Orientis

70 1494 414 1558 defecerunt,
443 1511 506 1551 ac
530 1506 712 1565 postea
743 1497 940 1550 invasa:
965 1512 994 1550 a
1023 1494 1385 1565 Langobardis
1415 1496 1643 1561 fuerint;

72 1580 145 1618 an
174 1566 299 1634 jure
325 1565 448 1620 belli
479 1581 506 1616 a
533 1563 768 1619 Francis
800 1575 968 1635 captae
992 1606 1006 1626 ,
1045 1563 1157 1620 sint
1188 1563 1398 1620 dona'tze
1434 1565 1648 1635 pontiﬁ-

71 1635 268 1689 cibus:
315 1644 372 1688 at
415 1637 667 1704 quoniam
716 1637 853 1689 hanc
901 1636 1153 1689 evolvens
1197 1636 1644 1699 controversiam,

70 1704 409 1776 pmfationis
438 1705 653 1759 modum
677 1705 992 1760 excederem
1013 1745 1026 1770 ,
1061 1706 1319 1759 intactam
1347 1705 1648 1776 relinquere

72 1775 252 1829 satius
283 1776 440 1830 duco.
480 1809 483 1812 -

143 1843 238 1897 23.
276 1843 452 1914 Unum
489 1844 540 1899 id
575 1845 847 1914 praeterire
877 1859 982 1898 non
1018 1845 1207 1909 debeo,
1234 1843 1374 1914 quod
1405 1845 1649 1899 ostendet

71 1922 226 1968 recte
253 1914 304 1968 in
341 1913 550 1968 laudata
575 1911 878 1996 ‘opigraphe
900 1914 1155 1996 appellari
1185 1911 1646 1996 amplificatorem,

73 1997 361 2051 perperam
392 1999 520 2039 vero
541 1999 568 2036 a
592 1983 754 2054 Pagio
778 1983 833 2040 et
863 1983 1372 2054 aliisinstitutorem
1402 1984 1654 2054 ecclesia-

71 2054 574 2125 sticiiprincipatusr
615 2053 914 2125 Pippinum.
981 2053 1096 2107 Prae
1139 2053 1275 2125 aliis,
1328 2068 1463 2125 quas
1501 2053 1649 2108 Italia

72 2123 267 2194 sensit,
301 2124 685 2194 mutationibus
714 2123 826 2194 'per
861 2125 1126 2177 exarclios
1174 2123 1425 2185 inductis,
1459 2137 1653 2194 magna

73 2206 138 2246 ea
165 2193 382 2262 quidem
422 2193 692 2262 fuit,cum
732 2193 1004 2262 Longinus
1032 2207 1151 2248 eam
1183 2194 1234 2246 in
1265 2194 1490 2247 ducatus
1535 2193 1648 2247 far-

74 2260 222 2315 mam
265 2262 486 2334 redegit.
537 2260 874 2334 Per_stit_erini
914 2279 1083 2334 necne
1110 2272 1368 2334 praetores
1425 2264 1651 2328 urbani,

72 2346 304 2400 quorum
333 2331 514 2402 plures
542 2333 595 2386 in
625 2332 682 2386 S.
707 2332 950 2400 Gregorii
983 2331 1222 2402 epistolis
1259 2343 1648 2396 memorantur,

72 2416 267 2469 parum
307 2400 501 2465 refert;
543 2411 688 2456 certe
718 2405 846 2456 urbs
878 2400 1046 2456 Roma
1073 2415 1128 2458 et
1151 2402 1266 2471 ejus
1294 2403 1519 2472 ducatus
1559 2418 1654 2472 per

72 2473 266 2542 ducem
293 2485 322 2522 a
351 2472 496 2542 regia
526 2473 657 2542 urbe
689 2473 910 2526 missum
962 2474 1296 2542 regebantur.
1352 2471 1444 2526 Sic
1496 2471 1650 2526 stetit

73 2541 358 2608 utriusque
418 2541 812 2596 administratio
856 2541 1041 2609 usque
1083 2544 1150 2595 ad
1196 2556 1395 2594 annum
1436 2542 1654 2596 circiter

75 2609 204 2682 7'26,
227 2625 355 2682 cum
380 2610 740 2682 impius_Leo
764 2620 824 2665 ut
867 2612 1058 2682 melius
1101 2627 1163 2680 ac
1195 2611 1360 2682 tutius
1404 2612 1651 2682 persequi

73 2680 338 2748 imagines
359 2679 560 2748 posset,
585 2679 642 2734 S.
668 2680 983 2748 Gregorium
1012 2680 1070 2744 ll,
1103 2681 1273 2734 modis
1297 2679 1544 2734 omnibus
1563 2679 1654 2737 co-

75 2758 238 2802 natus
259 2757 343 2802 est
386 2749 710 2804 interficere.
752 2748 980 2804 Tantum
1025 2750 1236 2803 facinus
1268 2748 1654 2818 perpetraturis

80 2837 98 2868 ι
133 2833 437 2890 assensum,
461 2819 895 2890 iaitAnastasius
925 2821 1090 2888 (num.
1119 2821 1241 2890 185)
1273 2818 1508 2873 Marinus
1543 2820 1655 2890 fim-

74 2888 297 2958 perialis
335 2889 660 2954 spatharius,
685 2890 774 2958 qui
799 2891 1098 2944 Romanum
1131 2888 1382 2944 ducatum
1417 2889 1649 2953 tenebat,

74 2973 104 3009 a
138 2957 289 3027 regia
322 2958 516 3027 missus
546 2957 1049 3027 urbe,’imperatore
1091 2959 1377 3013 mandante
1407 2959 1506 3012 hoc
1534 2973 1656 3027 pro-

77 3025 244 3080 bavit.
284 3044 304 3078 ι
334 3025 469 3079 Hine
491 3026 724 3082 defectio
747 3025 923 3082 omnis
949 3027 1114 3081 Italiae
1140 3038 1295 3081 antea
1326 3025 1649 3094 memorata;

75 3097 204 3166 hinc
220 3096 417 3166 creatis
439 3097 633 3165 ubique
660 3097 882 3152 ducibus
895 3112 1178 3151 excussura
1195 3095 1382 3166 jugum
1407 3097 1650 3166 imperii;

75 3165 206 3236 hinc
242 3164 474 3232 denique
528 3164 680 3236 origo
736 3176 883 3221 certa
936 3167 1151 3220 ditionis
1201 3164 1497 3232 Ecclesia};
1529 3183 1651 3219 nam

75 3213 422 3317 iiavennate‘s
449 3213 557 3303 ipsi
579 3213 644 3289 in,
668 3213 856 3317 paries
881 3236 1060 3300 divisi,
1090 3251 1218 3317 pars
1243 3213 1428 3317 eorum
1471 3213 1654 3317 ponti-
1683 3213 1727 3275 (ἶ

75 3303 183 3368 ﬁci,
222 3318 350 3372 pars
376 3303 692 3374 imperatori
710 3306 1076 3360 adhazserunt:
1093 3303 1208 3374 ipse
1234 3303 1498 3360 exarchns
1521 3307 1657 3359 Pau-

73 3374 157 3426 lus
203 3388 398 3436 caesus,
453 3374 666 3442 duxque
715 3375 1074 3429 Romanorum
1146 3375 1336 3428 Petrus
1386 3374 1652 3429 afflictus:

77 3443 450 3514 castramulta
473 3452 531 3514 _et
553 3444 743 3513 oppida
785 3447 838 3498 in
878 3444 1094 3499 Aimilia
1125 3453 1180 3498 et
1211 3444 1485 3514 Pentapoli
1516 3444 1658 3498 Lan-

77 3511 334 3586 gobardis
361 3525 423 3567 se
455 3511 654 3586 dedunt
682 3531 695 3566 :
733 3514 1047 3586 Eutychius__
1071 3511 1445 3586 exarchoruin
1478 3523 1658 3586 extre-

79 3596 201 3653 mus
229 3582 429 3636 missus
457 3582 605 3653 Gpoli
636 3583 688 3636 in
729 3581 866 3653 caasi
903 3581 1050 3636 Pauli
1097 3583 1292 3645 locum,
1327 3591 1406 3653 ut
1434 3583 1655 3653 impium

77 3651 411 3722 instauraret
475 3650 683 3722 facinus
746 3653 799 3706 in
838 3652 1147 3722 Romanum
1191 3650 1525 3722 pontificem,
1569 3666 1656 3706 res

81 3721 248 3790 Italiae
278 3721 486 3776 accisas
520 3721 816 3787 inveniens,
845 3721 1074 3776 Romani
1103 3719 1341 3790 ejusdem
1389 3722 1656 3790 pontificis

77 3789 326 3861 Supplex‘
346 3790 602 3844 auxilium
648 3790 916 3860 implorat,
948 3806 978 3844 a
1008 3789 1482 3861 qno’defenditur.
1538 3791 1655 3844 Dux

78 3870 259 3931 autem
296 3859 661 3914 Romanorum
693 3859 1194 3931 S’tephanus,'Petri
1219 3874 1518 3924 successor,
1547 3876 1653 3931 non

77 3928 322 4000 amplius
343 3931 413 4000 ab
441 3931 664 3998 imperio
702 3928 916 4000 pendet,
941 3931 1034 3985 sed
1063 3944 1092 3983 a
1118 3930 1651 4000 Romanopontifice.

77 3997 418 4069 Gregoriilll
436 3997 573 4069 nutu
603 3997 877 4056 obsessam
901 4015 930 4053 a
955 4000 1283 4069 Liutprando
1330 3997 1530 4055 Urbem
1563 4001 1654 4054 de-

80 4067 280 4131 fendit;
313 4067 370 4120 S.
413 4067 705 4137 Zacharias
753 4070 1021 4124 mandatis
1079 4067 1473 4137 obtemperans,
1527 4069 1654 4123 dum

80 4138 220 4208 idem
246 4136 488 4205 pontifex
529 4138 838 4194 Ravennam
869 4139 1226 4208 proficiscitur
1265 4136 1502 4192 initurus
1552 4139 1654 4192 lix-

79 4206 332 4279 archum,
367 4222 482 4260 cam
518 4208 798 4279 gubernat.
848 4206 1136 4279 Historiam
1163 4209 1299 4262 hanc
1328 4217 1655 4279 totamnar-

79 4277 549 4349 rat__Anastasius,
583 4292 742 4347 quam
767 4293 866 4349 ego
911 4278 1162 4348 explicui,
1197 4293 1303 4349 nou
1331 4277 1649 4349 excogitavi.

78 4344 320 4419 Nullam,
361 4344 700 4419 ut_vidim'us,
737 4344 929 4419 nojvam
969 4344 1246 4419 regiminis
1279 4344 1507 4419 formam
1549 4347 1647 4402 SS.

76 4415 366 4486 pontifices
424 4416 712 4486 Gregorius
755 4417 819 4471 Ill
863 4427 918 4471 ct
971 4415 1259 4472 Za'eharias
1310 4417 1650 4480 induxerunt,

77 4485 241 4539 iidem
271 4493 448 4540 tamen
488 4485 690 4557 magna:
724 4503 900 4541 rerum
956 4489 1124 4556 partis
1164 4487 1528 4557 potiebantur;
1560 4502 1652 4540 ca-

1741 590 1916 665 _(Pag.,
1949 606 2036 643 an.
2074 591 2195 656 760,
2223 610 2275 665 ni
2307 593 2401 665 4),
2457 609 2487 648 a
2537 594 2900 665 Langobardis
2924 597 3306 665 .desolabatur;

1739 659 1786 712 is
1833 669 2001 734 certe,
2020 659 2683 734 _cum_vulgiopinionem
2715 667 2973 734 posuerit,
3003 668 3215 722 discens
3244 659 3311 721 al}

1737 727 2123 802 ecclesiastica,
2161 727 2384 786 historia
2415 727 2577 802 "quod
2625 727 2822 788 salicta:
2881 727 3023 789 sedis
3073 738 3303 790 admini-

1739 799 1938 874 stratio
1985 800 2169 874 civilis
2205 817 2309 855 non
2367 799 2538 874 coepit
2581 819 2695 856 arvo
2744 804 3078 863 Coustantin.
3113 805 3309 874 Magni,

1739 869 2010 941 tantulam
2028 870 2331 941 opinionem
2359 873 2422 925 de
2453 869 2610 940 hujus
2641 874 2980 941 imperatoris
3003 869 3306 928 donationi-

1741 939 1840 1010 bus
1870 937 2339 1002 Patrim’oniorum,
2369 956 2431 993 ac
2456 937 2533 996 de'
2555 937 2898 997 Pati'imoniis
2941 944 3067 1010 ipsis
3091 943 3314 998 imbibe-

1742 1008 1834 1087 rit,
1870 1016 1930 1060 ut
1958 1023 2056 1077 pro
2085 1023 2267 1088 eorum
2294 1011 2640 1064 indemnitatc
2669 1011 2867 1088 aliquid
2901 1008 3067 1088 loqui,
3099 1028 3192 1088 seu
3217 1027 3311 1082 po-

1741 1082 1848 1146 tius
1878 1082 2135 1132 memoria
2167 1089 2430 1146 repetere,
2454 1083 2812 1134 necessarium
2839 1097 2958 1138 csse
2984 1082 3306 1138 existimem.

1745 1145 2044 1218 Memoria,
2114 1145 2369 1216 inquam,
2439 1160 2712 1218 repetere;
2784 1166 2906 1204 nam
2970 1152 3313 1207 doctissimus

1743 1215 1937 1338 Κηρςυί
1985 1215 2308 1271 Blanchinus
2357 1220 2408 1272 in
2439 1215 2580 1274 notis
2606 1221 2670 1272 ad
2700 1221 2756 1273 S.
2797 1221 3130 1290 Sylvcstrum
3187 1236 3309 1275 cum

1795 1284 1962 1338 icolao
2005 1285 2301 1338 Alamanne
2348 1289 2413 1338 de
2447 1288 2892 1338 Laterancnsihus
2921 1291 3200 1338 parietinis
3221 1306 3309 1338 ea-

1795 1284 1962 1360 icolao
2005 1285 2301 1360 Alamanne
2348 1289 2413 1360 de
2447 1284 2892 1360 Laterancnsibus
2921 1291 3200 1360 parietinis
3221 1306 3313 1345 ea-

1745 1354 1868 1408 dem
1893 1353 2302 1429 la_te__exp_endit,
2335 1358 2640 1429 singillatim
2671 1353 2970 1429 enumerat,
3019 1375 3316 1429 eorumque

1744 1439 1811 1478 ex
1837 1423 2108 1478 reditibus
2129 1427 2179 1480 in
2209 1423 2473 1480 summam
2504 1428 2732 1492 collatis,
2764 1428 2833 1483 55
2878 1431 3086 1484 milleos
3116 1423 3315 1484 solidos

1745 1493 1940 1568 confici
1991 1495 2247 1568 ostendit,
2294 1509 2428 1563 quos
2473 1496 2804 1568 Nicephorus
2852 1510 2907 1553 et
2961 1500 3316 1568 Theophanes

1749 1560 2018 1638 afﬁrmant
2046 1565 2201 1632 pendi
2231 1560 2518 1638 quotannis
2556 1560 2900 1638 consuevisse
2923 1584 2952 1638 a
2995 1560 3316 1638 praesidibus

1747 1632 2145 1701 provinciarum
2172 1632 2295 1689 ante
2316 1633 2547 1689 Leonem
2582 1636 2893 1690 Isauricum.
2933 1637 2972 1692 li
2995 1632 3134 1694 'vero
3161 1639 3316 1693 solidi

1749 1716 2024 1755 nummum
2047 1717 2333 1775 aureorum
2361 1705 2514 1773 vulgo
2534 1705 2716 1774 doppic
2741 1708 3121 1775 septemdecim
3150 1709 3316 1762 millia

1748 1779 1904 1824 erant
1953 1787 2019 1845 εξ
2067 1771 2304 1845 ejusdem
2357 1771 2642 1844 computo;
2703 1792 2766 1830 ac
2802 1771 3053 1845 'proinde
3089 1778 3315 1832 totidem

1751 1841 2037 1916 quotannis
2079 1842 2444 1916 inferebantur
2470 1841 2520 1897 in
2542 1845 2788 1898 :crarium
2824 1841 3128 1916 aposmlicze
3152 1848 3316 1908 sedis.

1753 1911 1971 1991 nomine
2001 1911 2482 1991 Patrimoniorum;
2536 1928 2764 1991 quorum
2813 1911 3021 1991 reditus
3040 1927 3194 1986 parte
3224 1917 3316 1991 de-

1753 1983 1893 2050 cima
1919 1983 2230 2050 pinguiorcs
2257 1992 2434 2045 erant,
2469 1983 2519 2036 in
2554 1985 2828 2038 ministros
2851 1983 3190 2040 exactionum
3238 1987 3318 2040 in-

1752 2049 1892 2104 sumi
1921 2049 2098 2104 solita.
2151 2051 2274 2106 llaec
2312 2053 2551 2120 profecto
2579 2055 2622 2106 si
2649 2055 3165 2119 animadvertantur,
3207 2065 3318 2109 tum

1753 2133 1967 2190 omnem
2004 2122 2158 2176 nobis
2207 2123 2436 2190 eripient
2479 2124 2886 2178 admirationem
2917 2125 2987 2180 ob
3029 2127 3319 2180 immensas

1752 2188 2064 2262 pontificum
2121 2188 2454 2262 largiti—ones,
2502 2192 2844 2246 basilicarum
2897 2194 3317 2250 instaurationes

1752 2259 1992 2332 aliosque
2053 2259 2298 2332 ingentes
2368 2272 2633 2332 sumptus,
2674 2264 2764 2331 qui
2825 2273 3062 2318 nostram
3102 2273 3314 2318 artatcm

1753 2327 2024 2402 referunt;
2063 2327 2269 2402 necnon
2293 2332 2363 2386 ob
2394 2327 3045 2402 identident'perpetratas
3069 2349 3100 2387 a
3129 2333 3323 2388 barba-

1753 2398 1829 2472 ris
1852 2399 2178 2472 _pﬂ!.l'i3l‘Chii
2216 2399 2598 2472 Lateranensis
2626 2398 2999 2470 expilationes,
3030 2402 3319 2472 jussasque

1754 2468 1820 2522 ab
1851 2467 2039 2522 iisdem
2074 2484 2312 2524 summas
2337 2470 2626 2524 immensas
2655 2467 2719 2523 ad
2749 2467 3058 2526 redimenda
3091 2467 3264 2527 ablata
3302 2492 3316 2527 :

1754 2544 1866 2590 tum
1892 2537 1943 2590 in
1971 2538 2257 2592 maximam
2289 2538 2571 2606 conjicient
2601 2540 2671 2592 ob
2696 2540 2889 2595 divinae
2917 2543 3318 2606 omnipotentitc

1753 2607 2055 2678 consilium.
2087 2607 2317 2663 Vixdum
2365 2611 2506 2662 enim
2537 2610 2733 2678 impius
2762 2610 3026 2665 Isauricus
3059 2607 3323 2665 Patrimo-

1755 2675 1971 2748 m'aVSS.
2011 2679 2302 2748 principum
2325 2675 2696 2748 apostolorum,
2749 2696 2864 2748 quw
2914 2680 3036 2734 olim
3075 2679 3322 2736 Ecclesiis

1753 2747 1875 2818 auri
1905 2747 2196 2808 dimidium,
2221 2756 2267 2800 et
2310 2749 2412 2818 tria
2461 2747 2788 2818 conferebant
2846 2752 3048 2818 argenti
3100 2750 3318 2815 talenta,

1752 2815 1972 2890 publicae
1997 2818 2187 2890 rationi
2208 2816 2402 2890 exsolvi
2443 2815 2683 2886 pra'ccpit
2713 2815 2978 2888 (Theoph.
3010 2823 3062 2874 in
3083 2819 3320 2890 Leone),

1754 2885 2110 2956 quod_nullus
2157 2885 2616 2956 praedecessorum
2642 2885 2804 2942 ausus
2838 2885 2976 2952 erat,
3010 2889 3142 2943 vidit
3177 2885 3325 2942 exal-

1754 2953 2205 3029 t_ari_Eccle_siam,
2233 2971 2307 3029 sei
2339 2966 2519 3029 autem
2557 2957 2773 3029 _in_dics
2815 2959 2984 3029 magis
3027 2959 3320 3020 humiliari.

1755 3022 1986 3077 Perinde
2031 3025 2231 3097 factum
2260 3025 2493 3097 diximus
2537 3027 2602 3080 de
2643 3022 3008 3097 LangobaFdis
3053 3030 3106 3082 in
3133 3039 3321 3083 sancta

1755 3107 1949 3167 manus
1973 3094 2227 3149 scelestas
2255 3095 2544 3167 ostendere
2575 3111 2679 3150 non
2707 3094 3032 3151 verentibus.
3070 3098 3151 3167 Ac
3189 3114 3325 3167 pra:-

1758 3170 1906 3236 terea
1939 3164 2434 3236 innumeraaﬂ‘erri
2452 3175 2670 3236 possent
2704 3167 2945 3236 exempla
2995 3164 3318 3234 hujusniodi,

1758 3232 1901 3286 unde
1938 3232 2158 3306 evidens
2205 3233 2359 3306 ﬂoret
2402 3232 2672 3306 Christum
2705 3232 2970 3306 pugnasse
3007 3232 3218 3306 semper
3265 3232 3319 3291 in

1760 3315 1920 3372 manu
1946 3301 2068 3357 forti
2099 3317 2196 3372 pro
2240 3303 2497 3367 Ecclesia,
2549 3321 2672 3358 cum
2705 3301 2951 3371 ejusdem
2992 3301 3321 3360 vicariorum

1759 3371 2194 3445 gladioancipiti
2241 3373 2602 3445 irreverentcs
2655 3376 2922 3445 principes
2972 3376 3318 3430 insoltarunt.

1759 3441 1966 3511 Summi
2004 3445 2145 3495 enim
2179 3443 2460 3511 pontifices
2487 3453 2546 3498 ut
2586 3441 2722 3498 bona
2753 3441 3004 3499 Ecclesiae
3057 3446 3332 3500 vindicent

1758 3509 1850 3562 illo
1885 3525 2096 3585 semper
2121 3509 2254 3585 sunt
2275 3514 2376 3585 usi,
2401 3528 2719 3585 semperque
2745 3523 2984 3585 utentur,
3006 3515 3199 3584 quippe
3228 3515 3322 3585 qui

1758 3594 1863 3650 non
1897 3579 2158 3634 inhaerent
2181 3580 2294 3635 solo
2314 3581 2436 3650 jure
2461 3579 2800 3647 Patrimonii,
2843 3594 2901 3637 ut
2947 3579 3315 3639 aiebat—Blan-

1757 3649 1971 3714 chinus,
2013 3651 2107 3722 sed
2134 3650 2238 3704 alio
2267 3649 2458 3720 petiori
2490 3653 2687 3707 divinis
2723 3669 2753 3707 e
2782 3654 2984 3722 legibus
3014 3663 3320 3717 emanantc,

1756 3732 1862 3787 quo
1895 3732 1980 3772 res
2015 3718 2124 3790 Deo
2163 3718 2331 3790 sacrae
2387 3736 2484 3790 per
2531 3737 2797 3776 summum
2837 3718 2939 3776 Dei
2985 3726 3318 3777 sacerdotem

1754 3789 2123 3862 procurandze,
2159 3789 2513 3862 possidendaz,
2553 3793 2860 3862 retinenda:
2907 3800 2962 3845 et
3012 3794 3316 3862 repetenda:

1756 3865 1880 3931 sunt
1907 3871 1936 3908 a
1958 3857 2234 3931 sacrilegis
2263 3859 2697 3931 t_isurpat_oribt_t_s,g
2711 3861 2927 3928 quoties
2963 3857 3315 3931 occupentur.

1765 3923 1893 3999 Vide
1921 3935 2068 3999 notas
2097 3923 2374 3999 Bfanchini
2394 3923 2482 3980 'ad
2509 3926 2567 3984 S.
2606 3923 2925 3999 Sylv'estrum
2945 3969 2959 3995 ,
2986 3923 3149 3998 infrr}.

1822 3994 1912 4049 25.
1940 3995 2118 4070 Pauca
2151 3998 2264 4070 haec
2290 4011 2394 4070 non
2417 3999 2562 4068 potui
2587 3994 2712 4066 quin
2730 3994 3006 4070 iafl‘errem,
3042 3994 3100 4052 ut
3123 4000 3324 4070 liquido

1754 4075 2025 4137 constaret
2051 4066 2263 4136 legenti,
2312 4067 2379 4121 ad
2419 4066 2791 4137 sanctaesedis
2821 4083 2906 4122 res
2935 4070 3074 4137 quod
3108 4066 3322 4130 attinet.

1753 4134 2312 4210 Baroniisentet‘ttiam
2337 4137 2486 4210 sequi
2527 4135 2794 4210 oportere,
2836 4134 3149 4210 uon’Pagii;
3206 4142 3321 4210 qui,

1755 4215 1812 4257 ut
1842 4204 2023 4259 multis
2050 4205 2202 4260 novis
2227 4207 2390 4260 rebus
2411 4204 2646 4262 Annales
2672 4204 3078 4261 Ecclesiasticos
3096 4204 3324 4264 illustra-

1752 4275 1862 4330 veri
1868 4283 1889 4347 _t
1903 4276 2633 4347 przesidiomonumentorum
2649 4291 2766 4347 qum
2779 4286 2900 4346 post
2921 4285 3149 4332 mortem
3177 4279 3324 4335 illius

1750 4344 2130 4412 prodieruntin
2156 4345 2354 4410 lucem,
2383 4344 2683 4415 meliusque
2705 4344 2886 4400 inierit
2915 4349 3156 4403 rationes
3185 4358 3325 4403 tcm‘

1750 4427 2073 4485 porum,non
2089 4429 2397 4485 pauca,qua:
2412 4416 2719 4471 doctissimo
2734 4418 2991 4472 cardinali
3007 4417 3225 4485 objecit,
3254 4420 3326 4474 si-

1753 4483 1937 4557 luisset
1951 4483 2322 4557 utiliustquo
2332 4500 2434 4538 non
2453 4485 2666 4541 difﬁcile
2678 4483 3227 4557 deprehendet,quem
3240 4503 3325 4544 se-

77 4570 184 4636 que
201 4565 433 4636 propter
468 4547 610 4636 quod
643 4565 942 4636 suumerat
956 4547 1026 4636 ab
1054 4547 1390 4610 itivasoribus
1439 4547 1650 4636 Lango-
1677 4547 1728 4606 D
1755 4553 2181 4636 duloutrumque
2195 4547 2440 4636 conferre
2453 4569 2557 4608 non
2573 4547 2769 4636 pigeat}
2786 4547 3325 4636 Equidemaudacius

80 4624 266 4678 bardis
297 4624 628 4694 repetebant,
655 4635 709 4680 et
761 4627 815 4679 hi
845 4627 1078 4680 vicissim
1134 4637 1383 4694 tanquam
1434 4624 1650 4694 propria

79 4694 356 4765 pontificis
391 4707 442 4750 et
481 4697 638 4751 urbes
665 4705 718 4749 et
745 4697 933 4765 oppida
962 4697 1328 4765 restituerunt.
1367 4695 1441 4747 lta
1474 4697 1652 4760 regale

80 4764 470 4828 sacerdotium,
495 4781 601 4834 quo
649 4764 849 4818 nullum
890 4767 1149 4829 sanctius,
1207 4764 1406 4817 nullum
1435 4775 1516 4817 est
1563 4766 1654 4818 fir-

81 4834 222 4886 mius
246 4834 300 4885 in
327 4836 457 4888 orbe
486 4845 774 4898 terrarum,
802 4836 1062 4905 originem
1094 4835 1278 4905 habuit
1296 4849 1456 4902 quam
1487 4849 1651 4905 regna

79 4913 280 4956 cmtera
320 4905 728 4970 praeclariorcm.
796 4903 1042 4957 Studium
1096 4903 1345 4957 nimirum
1385 4913 1439 4957 et
1484 4904 1654 4970 pietas

76 4971 402 5040 populorum
429 4974 600 5040 primo
641 4974 765 5027 illud
807 4974 1056 5037 instituit,
1087 4973 1276 5026 deinde
1324 4971 1652 5026 Francorum

83 5056 274 5112 regum
307 5044 666 5096 munificentia
701 5045 1007 5108 accedente,
1043 5059 1162 5112 qua:
1193 5043 1386 5096 virtute
1408 5051 1463 5096 et
1488 5043 1653 5096 armis

77 5111 442 5181 barbarorum
482 5114 728 5166 manibus
751 5111 1249 5181 scelestissimisque
1280 5113 1515 5166 Orientis
1548 5113 1648 5164 itii-

75 5180 423 5249 peratoribus
457 5183 722 5251 eripuere,
776 5199 836 5236 ea
873 5180 1176 5252 diplomate
1208 5181 1511 5252 donationis
1556 5181 1651 5252 fire

81 5258 230 5303 mata
267 5259 537 5320 perpetuo
585 5253 902 5320 possidenda
954 5253 1067 5306 sedi
1126 5251 1431 5320 apostolica:
1478 5251 1650 5320 largiti

77 5328 232 5389 sunt.
263 5318 870 5389 Donationis—Carolina:
897 5318 1197 5389 exemplum
1222 5336 1296 5389 ex_
1319 5320 1502 5375 codice
1525 5318 1654 5372 Far-

77 5388 329 5465 iicsianp,
351 5388 524 5465 Caroli
549 5405 662 5444 :cvo
689 5391 975 5465 descripto,
1003 5387 1197 5446 videsis
1219 5387 1375 5456 infra,
1403 5390 1506 5444 col.
1527 5389 1651 5453 225,

79 5460 150 5510 ad
179 5460 438 5523 majorem
466 5461 726 5515 dictorum
758 5461 1083 5514 firmitatem.

152 5527 243 5579 24.
284 5526 433 5592 Quod
484 5532 527 5584 si
573 5531 717 5598 quis,
762 5529 923 5599 Pagio
953 5531 1253 5594 atlhzcrens,
1290 5529 1494 5599 litteras
1529 5544 1650 5582 cum

77 5599 684 5670 eodeiuinterprctatus
723 5598 1138 5670 erit’Gregorii
1167 5599 1230 5652 ιιι
1275 5600 1341 5652 ad
1399 5598 1647 5670 Carolum

79 5665 415 5736 itfartcllum,
447 5665 702 5736 inajorem
734 5672 923 5724 domus
951 5665 1212 5733 Francia},
1242 5670 1294 5721 in
1324 5669 1517 5735 quiuis
1562 5670 1650 5722 do-

79 5733 159 5792 let
195 5736 254 5809 S__.
301 5733 564 5806 pomiferi,
612 5741 752 5808 quod
798 5739 1054 5809 quidquid
1110 5733 1373 5808 reliquum
1427 5749 1546 5809 erat
1598 5740 1650 5790 in

77 5807 336 5875 partibus
403 5807 934 5878 Ravennatium‘pro
994 5807 1241 5863 subsidio
1292 5818 1339 5863 et
1409 5807 1654 5861 alnnento

1757 4622 2172 4696 fortassequam
2196 4639 2294 4692 par
2321 4632 2456 4696 erat,
2487 4622 3015 4696 erudi'tissimi’Pagii
3045 4628 3326 4696 Opiniones

1757 4693 1824 4766 ad
1882 4693 2135 4766 trutinam
2204 4695 2470 4766 revocavi,
2528 4709 2689 4766 quam
2743 4710 2854 4766 rem
2900 4693 3134 4766 ipsemet,
3185 4712 3326 4766 aegre

1759 4763 1901 4820 fero;
1932 4763 1998 4817 de
2026 4767 2284 4834 scriptore
2307 4764 2449 4818 enim
2484 4763 2660 4832 agitur
2685 4763 2775 4834 qui
2812 4763 3015 4818 tantam
3038 4765 3140 4834 sibi
3184 4763 3325 4834 apud

1759 4847 1946 4885 omnes
1969 4833 2377 4888 {estimationem
2409 4842 2462 4886 et
2511 4833 2920 4887 admirationem
2973 4833 3233 4899 collegit,’
3264 4845 3326 4890 ut

1759 4903 1958 5024 piassim
1987 4903 2250 4957 annalista
2271 4902 2509 4956 omnium
2532 4902 2686 4956 facile
2711 4903 2960 4972 princeps
2981 4902 3320 4972 przcdicetur.

1813 4986 1876 5024 uc
1904 4975 2110 5024 accedit
2133 4974 2272 5024 uuod
2293 4973 2537 5024 quamvis
2570 4974 2798 5024 oronriaz
2825 4973 3091 5024 oninionis
3115 4973 3320 5024 tuenda:

1813 4986 1876 5024 uc
1904 4975 2110 5025 accedit
2133 4974 2272 5039 quod
2293 4973 2537 5041 quamvis
2569 4974 2798 5041 propria:
2825 4973 3091 5041 opinionis
3115 4973 3326 5029 tuenda:

1760 5055 1939 5101 causa,
1967 5041 2245 5111 confutare
2271 5041 2497 5094 alienam
2526 5057 2738 5111 semper
2759 5043 3324 5110 licuit,nonnunquam

1762 5120 2134 5181 tamengenus
2162 5110 2305 5181 vitae,
2333 5111 2586 5176 conditio,
2639 5110 2777 5181 mtas
2817 5112 3115 5181 prohibent
3141 5111 3326 5181 hujus-

1759 5180 1900 5250 modi
1933 5178 2142 5250 licentia
2167 5180 2276 5250 uti;
2308 5195 2413 5232 non
2443 5181 2583 5232 enim
2609 5178 3021 5250 ingenia’omnia
3055 5180 3122 5232 ad
3141 5179 3324 5250 aliena

1759 5249 1957 5318 scripta
1987 5249 2318 5302 discutienda
2361 5263 2653 5318 eorumque
2705 5250 3082 5303 auctoritatem
3137 5249 3325 5303 infrin-

1759 5323 1987 5390 gendam
2019 5327 2207 5390 natura
2233 5318 2404 5390 fluxit.
2427 5318 2688 5390 Praeterea
2715 5319 2766 5374 id
2798 5318 3030 5388 graviori
3046 5333 3129 5372 me
3142 5333 3325 5390 repre-

1764 5388 2022 5458 hensione
2046 5389 2263 5458 dignum
2286 5388 2466 5450 faciet,
2483 5389 2622 5456 quod
2637 5403 2794 5458 quem
2822 5397 3098 5442 auctorem
3117 5389 3184 5442 ad
3205 5390 3320 5441 sin-

1759 5458 1911 5528 gulos
1962 5457 2072 5511 fere
2105 5457 2292 5526 passus
2318 5460 2582 5522 consului,
2640 5459 2729 5512 ubi
2777 5459 3073 5528 spinosiora
3122 5467 3321 5526 puncta

1761 5531 1974 5581 fuerunt
2021 5529 2196 5592 obvia,
2255 5530 2323 5581 ab
2369 5544 2432 5582 eo
2477 5544 2581 5582 non
2635 5528 2800 5582 semel
2843 5528 3150 5591 defecerim,
3182 5529 3323 5594 quod

1760 5598 1953 5666 ingrati
2005 5598 2168 5650 animi
2223 5598 2408 5651 vitium
2462 5597 2690 5653 fortasse
2729 5599 2924 5668 aliquis
2972 5597 3321 5668 nuncupabit.

1752 5669 1851 5733 Qui
1882 5676 2058 5721 autem
2078 5681 2252 5738 secus
2280 5683 2367 5738 me
2413 5682 2676 5738 gererem,
2720 5666 3041 5737 quandoque
3072 5666 3323 5738 doctissi-

1754 5753 1899 5791 mum
1944 5737 2265 5792 cardinalem
2329 5736 2637 5801 Bar‘onium,
2695 5736 2888 5806 injuria
2940 5736 3323 5806 reprehensum

1757 5809 2020 5876 aspiciens
2059 5809 2380 5877 quandoque
2427 5809 2588 5864 etiam
2621 5805 2861 5877 pr;esulis
2892 5805 3170 5861 Blanchini
3213 5805 3324 5873 opi-
