3982 6316
221 251 355 307 8‘2!
440 297 449 304 .

1233 248 1433 303 CENNI
1471 248 1837 304 PRIEFATIO
1872 249 1963 302 ΔΙ)
2001 248 2344 305 CIIRONOL.
2387 247 2533 314 SEQ.

3394 251 3500 307 822

220 361 369 441 bat,
401 373 457 419 et
489 379 584 441 rex
614 363 904 434 legitimus,
930 363 1020 441 qui
1049 361 1413 441 fuit_venenati
1459 361 1691 441 liquoris
1714 377 1830 415 sce-
1863 367 1905 423 Α
1935 362 2216 441 emortuali
2269 363 2338 441 .13
2388 363 2517 441 Jun._
2547 361 2745 441 illigari
2770 371 3000 441 Oportet,
3034 363 3117 441 vel
3148 378 3346 441 paucos
3371 374 3498 420 ante

223 433 389 489 lesta
443 432 693 488 unctione
715 448 806 487 seu
839 435 1055 502 potione
1079 434 1129 486 in
1155 432 1418 486 insaniam
1451 432 1827 502 versus'inva-

224 506 394 558 soris
422 505 657 575 ejusdem
687 500 862 575 jussu,
888 503 1202 575 numerabat
1233 502 1376 569 regni
1409 500 1715 575 sui_a_nnnm
1749 502 1828 552 l0.

225 570 819 644 Pagius'Adaloaldum
858 573 1079 644 rediisse
1126 573 1176 644 in
1231 587 1452 644 regnum
1480 570 1614 644 (also
1662 579 1832 639 putat,

227 641 467 698 duobus
491 643 852 696 monumentis
867 641 1209 710 deceptus,(in
1231 641 1435 694 Bullar.
1463 641 1666 693 Cassia.
1701 649 1829 693 tom.

226 714 310 782 Il)
353 729 479 782 quae
529 712 771 782 vitiatam
803 727 912 780 prte
948 711 1210 782 scierunt
1246 712 1445 782 datam.
1495 711 1830 782 ⁸Ιιιιίιριὶοιιςξ

231 779 460 836 habent
511 781 762 834 nimirum
801 779 866 834 xv
919 790 974 834 et
1021 797 1059 842 I,
1091 780 1248 833 anuis
1289 779 1565 833 Adaloaldi
1596 781 1658 832 16
1686 789 1738 834 et
1768 779 1830 832 17

229 851 537 918 adjunctus
559 864 744 903 mense
765 851 1039 919 Augusto;
1078 865 1196 902 cum
1215 850 1834 919 doceamurdocumento

229 917 356 974 alio
402 920 640 988 ejusdem
697 917 1105 974 mensisindict.
1140 935 1189 972 ιτς
1220 917 1479 988 (Ughell.,
1512 918 1638 972 Ital.
1681 919 1830 982 Sac.,

229 1000 280 1042 ι.
339 990 566 1060 [Vtin
612 1003 772 1060 cursu
824 1003 944 1043 esse
989 989 1130 1041 illius
1180 1003 1378 1060 annum
1419 990 1581 1060 Eine;
1611 988 1832 1060 proinde

234 1056 528 1127 pradiclis
556 1057 740 1112 indict.
783 1059 1008 1112 indicari
1049 1073 1217 1111 annos
1249 1057 1314 1110 i9.
1348 1066 1400 1110 et
1428 1058 1513 1111 15.
1551 1057 1702 1123 Quod
1729 1056 1831 1127 mi-

229 1126 344 1183 ror
365 1144 468 1184 cur
498 1128 662 1197 Pagio
689 1130 1023 1195 perspectum
1057 1143 1160 1197 non
1209 1127 1401 1189 fuerit;
1441 1142 1584 1197 nam
1619 1126 1830 1197 laudata

235 1194 605 1252 monumenta
637 1194 880 1267 ejusdem
907 1196 1125 1250 Bullarii
1146 1198 1298 1265 praeit
1323 1197 1536 1267 donatio
1564 1194 1829 1267 Agilulphi

231 1283 306 1335 pa
316 1269 458 1322 riter
475 1265 679 1330 vitiata,
695 1267 891 1336 quippe
906 1282 1023 1334 qua‘
1037 1282 1232 1320 annum
1250 1266 1513 1334 Agilulphi
1536 1265 1596 1336 l8
1618 1266 1833 1333 copulat

233 1334 375 1390 cum
410 1338 591 1391 indict.
623 1334 932 1405 v,Augusto
951 1352 1153 1398 mense,
1181 1337 1270 1405 qui
1295 1345 1410 1405 erat
1433 1334 1831 1403 conjungendus

235 1421 379 1461 eum
417 1407 528 1459 ind.
557 1421 653 1468 xu,
680 1413 740 1458 ut
768 1404 832 1459 ex
884 1406 1043 1459 dictis
1088 1406 1138 1458 in
1189 1404 1429 1474 eatalogo
1471 1407 1600 1459 satis
1643 1406 1827 1473 liquet.

320 1476 418 1528 55.
453 1475 742 1544 Operosius
780 1475 1056 1542 aliquanto
1074 1483 1160 1528 cst
1179 1473 1396 1528 Diaconi
1421 1473 1827 1544 chronologiam

235 1546 503 1600 evolvere
538 1545 604 1598 ab
634 1544 789 1598 initio
837 1545 1089 1598 Rotharis
1110 1545 1175 1598 ad
1213 1545 1539 1598 invasionem
1565 1545 1831 1598 Grimoal-

237 1616 297 1669 di
335 1630 351 1668 :
385 1615 665 1670 ltotharim
715 1614 910 1683 quippe
958 1615 1191 1682 incipere
1238 1630 1377 1667 anno
1432 1613 1535 1668 656
1567 1614 1672 1679 iam
1697 1613 1832 1667 vidi-

239 1700 409 1748 mus;
445 1687 688 1738 invasum
735 1693 914 1739 autem

241 1770 398 1808 anno
430 1755 535 1808 665
560 1751 840 1808 manifeste
883 1753 1118 1808 ostendit
1164 1751 1416 1822 prologus
1445 1751 1560 1820 ejus
1598 1752 1771 1822 legum
1809 1771 1822 1806 :

235 1825 404 1877 Anno
425 1824 534 1876 Deo
550 1824 770 1890 propitio
789 1826 930 1891 regni
953 1823 1052 1876 mei
1073 1834 1236 1887 sexto,
1253 1823 1605 1884 menseJulio,
1640 1824 1822 1875 indici.

237 1909 328 1956 an,
360 1909 478 1962 quae
507 1907 706 1962 annum
741 1893 940 1948 indicat
987 1893 1112 1948 668.
1154 1895 1330 1958 Quare
1370 1892 1506 1947 inter
1525 1891 1627 1945 656
1650 1903 1703 1945 et
1724 1893 1827 1946 665

240 1959 390 2017 ante
406 1978 642 2016 mensem
663 1959 862 2016 Iulium
893 1973 1095 2033 septem
1114 1972 1168 2018 et
1193 1963 1379 2033 viginti
1403 1963 1527 2016 anni
1557 1962 1707 2016 solidi
1733 1978 1826 2033 nu-

241 2042 548 2095 merantur,
602 2048 726 2103 cum
772 2030 1058 2089 occurrant
1087 2034 1226 2103 apud
1254 2030 1543 2103 Diaconum
1576 2033 1701 2085 anni
1736 2030 1824 2103 51,

239 2118 467 2156 menses
511 2103 563 2166 7,
598 2102 712 2158 dies
758 2103 810 2169 7;
842 2120 962 2158 nam
1000 2102 1221 2158 Rothari
1265 2102 1356 2156 dat
1380 2119 1470 2156 an.
1515 2102 1613 2164 16,
1657 2117 1730 2156 m.
1770 2102 1828 2165 4,

239 2171 529 2227 Rodoaldo
575 2187 696 2226 an“
734 2173 808 2236 5,
855 2173 906 2228 d.
965 2175 994 2226 7
1028 2214 1041 2238 ,
1090 2174 1339 2242 Ariperto
1392 2188 1480 2225 an.
1510 2172 1558 2242 79
1605 2171 1830 2240 ﬁliisque

238 2242 364 2305 ejus
387 2243 664 2297 Bcrtarido
692 2251 748 2297 et
768 2242 1070 2298 Godeberlo
1099 2259 1165 2297 an
1190 2241 1267 2306 ii,
1295 2260 1369 2297 ιιι.
1392 2242 1445 2296 5.
1493 2241 1829 2311 Quapropter

242 2312 510 2367 Bacchini
562 2313 870 2380 opinionem
914 2329 1031 2368 sum
1086 2313 1384 2382 amplexus,
1413 2313 1504 2381 qui
1565 2312 1825 2365 liodoaldi

243 2393 465 2438 :rtalem
491 2385 714 2436 metitur
736 2398 858 2437 cum
887 2399 1051 2453 regno
1069 2386 1263 2452 patris,
1278 2383 1350 2438 ita
1377 2393 1434 2436 ut
1457 2397 1599 2436 mors
1610 2382 1828 2453 utrius-

242 2468 380 2521 que,
416 2467 707 2521 paucorum
756 2451 970 2508 dieruni
991 2451 1320 2516 discrimine,
1344 2468 1450 2506 uno
1469 2451 1825 2520 cumdequ

245 2538 397 2577 anno
425 2523 686 2595 evenerit.
731 2521 913 2593 Neque
947 2525 1000 2577 id
1031 2540 1223 2578 novum
1255 2524 1392 2595 apud
1419 2521 1824 2589 Langobardos,

244 2608 481 2660 quorum
511 2602 629 2647 erat
661 2594 711 2646 in
754 2603 925 2647 morte
954 2595 1210 2662 positum,
1247 2594 1608 2662 Augustorum
1639 2605 1824 2662 exem-

246 2663 361 2731 plo,
401 2663 538 2716 ﬁlios
597 2663 695 2717 sibi
745 2660 1009 2718 asciscere
1064 2665 1115 2718 in
1168 2660 1497 2718 consortium
1553 2660 1720 2730 regni.
1754 2662 1826 2714 Ita

247 2743 377 2803 ante
408 2732 688 2786 Rotharim
731 2731 858 2788 fecit
909 2734 1242 2803 Agilulphus,
1267 2733 1416 2800 cujus
1459 2732 1550 2786 lilii
1585 2731 1828 2800 adaloal-

244 2802 301 2856 di
375 2804 725 2866 annosHO,
771 2819 892 2858 cum
965 2802 1142 2858 matre
1212 2803 1573 2858 Theudelinda
1646 2810 1829 2869 aperte

247 2882 499 2942 numerat
549 2872 816 2927 Diaconus
865 2884 984 2942 post
1026 2883 1249 2927 mortem
1279 2873 1444 2942 patris
1473 2872 1562 2941 (lib
1592 2887 1664 2933 Iv,
1705 2887 1822 2937 cap.

244 2941 378 3010 43);
412 2942 504 2996 ﬁlii
535 2952 713 2996 autem
746 2941 999 2997 liotharis
1028 2959 1114 2996 an.
1150 2943 1202 3006 5,
1226 2941 1364 3007 d,’7,
1397 2958 1500 2997 non
1549 2941 1824 3010 distinguit

247 3013 318 3084 ab
371 3012 526 3084 annis
575 3012 742 3084 patris
796 3012 907 3084 (lib.
941 3029 1009 3075 ιν,
1038 3031 1151 3082 cap.
1177 3014 1287 3084 56).
1319 3014 1401 3084 Ab
1426 3013 1614 3066 eodem
1644 3021 1818 3084 tamen

246 3079 545 3135 Bacchinio
573 3082 730 3135 unius
767 3079 891 3136 anni
939 3079 1257 3137 discrimine
1309 3083 1582 3150 disjungor
1609 3082 1677 3134 ob
1711 3090 1810 3133 tar-

245 3151 373 3221 dius
405 3151 472 3204 ab
500 3167 564 3206 eo
593 3153 878 3206 constituta
929 3153 1157 3208 Brioaldi
1185 3153 1473 3221 primordia
1505 3168 1624 3204 cum
1665 3151 1817 3220 Sigo-

249 3220 366 3285 nio,
401 3237 520 3288 quae
567 3238 654 3275 res
699 3223 994 3291 producere
1037 3220 1221 3276 iudici.
1273 3240 1308 3276 ιι
1363 3221 1522 3276 edicti
1569 3222 1818 3276 ltotharis

247 3304 374 3344 eum
424 3291 682 3360 compulit
728 3307 896 3361 usque
945 3294 1008 3347 ad
1051 3293 1167 3346 Kal.
1197 3291 1421 3356 Januar,
1442 3292 1586 3360 quod
1637 3291 1816 3344 multis

248 3362 541 3432 damnatur
569 3361 828 3430 exemplis
857 3362 907 3415 in
939 3363 1161 3417 historia
1209 3363 1357 3432 regni
1402 3361 1812 3432 Langobardici,

247 3430 406 3498 cujus
459 3433 629 3500 ipsum
676 3433 991 3501 principium
1049 3451 1135 3487 an.
1180 3430 1305 3497 569⁷,
1335 3432 1420 3485 die
1475 3431 1628 3486 tertia
1688 3430 1817 3501 Sep-

247 3499 494 3564 tembris,
526 3502 766 3570 signatur
815 3499 909 3570 per
955 3504 1138 3557 indict.
1187 3519 1289 3566 ιιι,
1337 3510 1540 3556 certum
1581 3499 1817 3569 profecto

246 3571 504 3624 indicium
556 3573 698 3640 quod
749 3572 1084 3640 Langobardi
1160 3573 1418 3627 Cmsareze
1503 3571 1816 3624 indictionis

247 3655 404 3694 usum
435 3641 724 3703 habebant,
745 3659 773 3695 a
807 3642 919 3695 Kal.
948 3642 1220 3711 Septemb.
1255 3642 1575 3710 incipientis.
1608 3640 1814 3711 Caetera

245 3711 565 3781 procedunt.
601 3711 705 3781 sed
726 3727 787 3766 ea
810 3728 928 3781 qua:
953 3710 1250 3781 sequuntur
1275 3714 1340 3764 ab
1369 3712 1661 3765 invasionis
1695 3710 1822 3764 Gri-

249 3780 446 3832 nmaldi
471 3796 612 3852 anno
635 3780 738 3836 665
757 3780 836 3835 ad
852 3780 1171 3852 principium
1221 3781 1556 3852 Liutprandi,
1595 3795 1818 3852 necesse

251 3859 340 3922 est
369 3859 426 3922 ut
445 3851 872 3922 consulerentur,
908 3850 1147 3922 spectato
1170 3852 1316 3922 prius
1335 3850 1649 3919 Liutprandi
1672 3850 1815 3917 ejus-

248 3921 371 3975 dem
414 3921 583 3974 initio.
616 3920 728 3975 Hoc
767 3937 892 3976 vero
933 3920 1228 3978 desidera—ri
1264 3923 1553 3990 quidquam
1615 3922 1815 3973 certius

247 4005 356 4044 non
377 4060 385 4062 4
404 4005 559 4062 posse
588 3993 825 4054 videtur;
854 3993 1048 4062 quippe
1077 3994 1218 4062 quod
1259 3993 1556 4062 desumitnr
1579 4006 1609 4042 a
1645 4001 1817 4062 morte

251 4060 437 4129 patris,
471 4058 621 4127 cujus
652 4058 908 4116 memoria
949 4058 1132 4117 exstat
1167 4063 1337 4115 Ticini
1391 4061 1564 4115 hacin
1608 4061 1820 4130 epigra-

246 4131 352 4199 phe
377 4133 473 4182 sub
502 4132 617 4198 ejus
653 4131 856 4186 tumulo
885 4132 1112 4186 :Datum
1144 4131 1326 4199 Papia:
1355 4133 1440 4185 die
1461 4130 1816 4184 lduumJunii

245 4199 740 4272 indici.-x,_inempe
761 4217 903 4256 anno
940 4203 1064 4266 71‘2,
1095 4218 1254 4272 quam
1278 4200 1432 4255 aﬂ'ert
1462 4201 1817 4272 llorat.l}lan-

244 4270 380 4323 chus
413 4267 470 4322 γ.
505 4270 567 4323 (ἶ.
598 4270 650 4322 in
674 4267 793 4325 suis
829 4273 970 4326 notis
1009 4275 1073 4326 ad
1112 4267 1272 4327 Ῥίιιιι.
1301 4273 1612 4326 Diaconum.
1661 4270 1818 4324 (lum-

244 4354 351 4404 que
391 4340 781 4412 eaepigraphe
824 4343 1058 4396 concinit
1106 4344 1357 4412 prologus
1399 4341 1816 4412 Liulpramli_le-

973 1685 1139 1767 fuisse
1187 1699 1406 1767 regnum
1449 1700 1488 1762 ao
1517 1683 1827 1767 Grimoaldo
1861 1709 1900 1767 Β

1934 433 2048 486 dies
2075 433 2302 510 destitui,
2334 448 2454 486 cum
2472 433 2644 510 eidem
2661 433 2940 510 wgrotaiiti
2961 433 3122 510 tertio
3147 435 3292 510 regni
3319 450 3503 510 mense

1934 511 1991 554 ut
2045 502 2477 570 gratiﬁcarentur
2537 501 2895 570 Langobardi,
2957 503 3120 554 lilium
3177 501 3291 569 ejus
3329 503 3505 558 adhuc

1933 573 2236 635 Superstitis
2296 572 2642 624 levaverunt:
2678 571 2912 633 tametsi,
2947 586 3013 624 ne
3045 570 3094 623 in
3138 571 3342 625 incerto
3389 588 3501 626 rem

1934 642 2162 708 positam
2187 655 2398 708 sequar,
2433 642 2570 695 diem
2594 642 2758 709 ipsam
2796 641 3148 694 emortualem
3195 641 3502 708 Ansprandi

1935 709 2163 780 i3rJunii
2202 711 2517 778 principium
2557 711 2701 780 regni
2735 710 3043 780 Liulprandi
3072 711 3390 764 constituto.

2003 779 2092 832 51.
2131 780 2423 847 Eapropter
2446 781 2724 847 utriusque
2757 781 2916 849 regis,
2956 779 3247 849 Grimoaldi
3279 790 3332 833 et
3360 781 3504 834 Lint-

1935 849 2142 916 prandi,
2174 849 2436 918 principia
2470 850 2696 903 invicem
2724 848 2852 903 mihi
2883 848 3264 918 disjunguutur
3292 851 3503 905 anni49

1933 927 1987 972 et
2015 932 2224 972 menses
2245 919 2468 986 aliquot,
2497 934 2617 971 nam
2670 919 2886 973 totidem
2933 930 3225 973 excurrunt
3249 935 3275 972 a
3305 918 3408 974 685
3439 923 3504 974 ad

1932 988 2056 1040 712.
2089 987 2254 1041 Paulo
2281 1001 2458 1041 autem
2485 988 2719 1042 Diacono
2745 998 2870 1041 sunt
2895 988 2965 1042 5‘2
2987 997 3040 1042 et
3079 989 3320 1042 nonnulli
3347 1006 3496 1044 men-

1933 1072 2021 1111 ses
2048 1075 2061 1111 :
2087 1059 2179 1111 dat
2203 1057 2466 1126 siquidem
2511 1057 2817 1113 Grimoaldo
2857 1072 3027 1112 annos
3060 1057 3128 1118 9;
3165 1057 3501 1122 Bertharido,

1932 1138 2054 1195 post
2081 1126 2115 1180 5
2148 1143 2356 1181 menses
2385 1137 2586 1190 creato,
2615 1129 2715 1184 i8:
2770 1127 3059 1182 Cimiberto
3113 1127 3199 1191 12,
3226 1127 3506 1184 Liutberto

1933 1214 2106 1250 mens.
2140 1197 2201 1260 8;
2238 1198 2488 1266 Ariperto
2525 1213 2614 1250 an.
2663 1197 2729 1249 l2
2765 1197 3135 1266 incompletos,
3181 1198 3500 1266 quibuscum

1933 1278 2178 1320 uulnerat
2234 1269 2469 1321 inCertos
2494 1267 2840 1334 liagumberti
2891 1281 3124 1331 menses,
3176 1281 3240 1320 ac
3282 1269 3498 1322 demum

1930 1337 2249 1404 Ansprando
2283 1339 2373 1390 clat
2400 1352 2608 1390 menses
2642 1347 2750 1390 tres
2776 1353 2788 1388 :
2814 1337 2900 1404 qui
2945 1337 2996 1390 in
3032 1351 3296 1391 summam
3322 1339 3501 1393 collati

1932 1405 2167 1459 eliiciunt
2203 1423 2372 1459 annos
2408 1406 2478 1458 5‘2
2502 1415 2555 1458 et
2581 1407 2712 1459 duos
2741 1405 2853 1460 fere
2898 1422 3127 1462 menses.
3194 1407 3385 1461 Omnia
3419 1418 3500 1462 ta-

1933 1490 2054 1529 men
2083 1477 2393 1543 precedent,
2421 1477 2467 1529 si
2505 1477 2663 1530 trium
2691 1476 2927 1542 priorum
2961 1491 3142 1544 regum
3174 1492 3344 1531 annos
3375 1493 3499 1534 cum

1934 1544 2213 1614 Sigelieito
2239 1554 2293 1597 et
2341 1545 2726 1599 recentioribus
2756 1545 3102 1613 incompletos
3148 1546 3500 1614 accipiamus,

1933 1623 1991 1666 ut
2019 1617 2068 1666 in
2095 1614 2340 1681 catalogo
2368 1616 2616 1676 imlicavi,
2649 1616 2788 1682 quod
2830 1615 2944 1683 ipse
2995 1615 3255 1669 Diaconus
3308 1617 3506 1670 fatetur

1934 1683 1999 1737 de
2046 1685 2320 1738 Bcrtarido
2347 1685 2456 1753 (lib.
2490 1701 2542 1746 ν,
2568 1701 2715 1750 capp.
2741 1684 2810 1737 55
2852 1694 2898 1736 et
2957 1684 3070 1751 57),
3124 1700 3222 1738 nec
3272 1695 3500 1742 mortem

1930 1753 2204 1817 Cunibcrti
2247 1755 2326 1806 eis
2371 1769 2570 1808 animm
2608 1753 2708 1806 700
2736 1754 3089 1824 perducamus
3120 1773 3132 1808 :
3165 1771 3348 1824 regum
3375 1771 3502 1810 vero

1930 1835 2161 1890 quatuor
2215 1825 2303 1890 qui
2333 1832 2706 1878 successerunt
2762 1823 3179 1892 chronologiam,
3230 1823 3501 1893 proposita

1931 1907 2109 1946 rerum
2155 1894 2321 1955 serie,
2385 1910 2504 1946 mox
2579 1894 2822 1961 expedio.
2879 1893 3110 1947 Moriens
3178 1894 3503 1948 Cunibertus

1929 1974 2160 2033 exeunte.
2206 1979 2345 2016 anno
2387 1964 2492 2017 706
2523 1965 2810 2016 couunittit
2836 1979 3055 2033 regnum
3084 1963 3364 2033 Liutbcrto
3395 1965 3504 2018 lilio

1928 2032 2027 2085 sub
2050 2042 2223 2086 tutore
2257 2033 2593 2102 Anspraudo.
2622 2034 2732 2085 Dux
2761 2032 3130 2086 'l‘auriuatium
3175 2032 3500 2102 ltagumher-

1931 2109 2036 2163 tus,
2069 2104 2158 2170 qui
2190 2114 2312 2156 ante
2339 2103 2614 2173 annosr58
2649 2102 2948 2157 Godeberto
2990 2111 3139 2173 patre
3195 2102 3498 2168 interfecto,

1929 2186 1993 2224 ac
2028 2173 2274 2226 invasore
2298 2172 2604 2228 Grimoaldo
2629 2174 2947 2226 connivcute
2972 2172 3239 2235 evaserat,
3280 2173 3330 2226 in
3353 2189 3500 2242 spem

1929 2242 2136 2308 paterni
2170 2243 2314 2310 regni
2341 2251 2552 2296 erectus
2574 2242 2771 2296 bellum
2808 2249 2984 2295 movet
3010 2243 3349 2310 Ansprando.
3370 2241 3504 2298 Octo

1928 2312 2215 2364 elabuntur
2243 2327 2475 2373 menses,
2501 2311 2626 2365 dum
2655 2326 2801 2364 arma
2831 2311 3080 2379 utrinque
3129 2323 3411 2378 parantur,
3435 2331 3499 2368 ac

1932 2396 2115 2452 mense
2143 2381 2364 2452 circiter
2389 2380 2528 2434 Maio
2557 2397 2670 2449 seq.
2697 2383 2819 2452 anni
2859 2381 2950 2433 701
2995 2381 3316 2452 conﬂigitur
3359 2383 3502 2452 apud

1929 2449 2192 2505 Novarum
2227 2470 2238 2503 :
2265 2451 2616 2520 Ansprandus
2642 2459 2695 2504 et
2713 2451 3076 2504 ltotharitdux
3101 2449 3497 2520 lter-gomatium

1932 2521 2176 2573 fmdcrati
2209 2519 2550 2589 superantur,
2578 2521 2963 2589 ltagumbcrtus
3008 2521 3058 2572 in
3088 2519 3280 2574 Solium
3311 2537 3502 2576 ascen-

1929 2591 2027 2652 dit,
2055 2591 2200 2644 brevi
2228 2591 2469 2653 moritur,
2499 2591 2777 2657 Aripertus
2810 2591 2948 2642 lilius
2975 2600 3179 2657 regnat.
3199 2590 3500 2659 Reparatur

1928 2660 2147 2725 bellum,
2205 2660 2265 2714 ﬁt
2309 2675 2481 2729 pugna
2533 2661 2783 2723 atrocior,
2840 2661 3078 2714 l'tederati
3129 2663 3496 2730 prolligantur.

1929 2738 2085 2799 capto
2115 2740 2168 2784 et
2191 2731 2369 2784 occiso
2393 2745 2556 2797 puero
2601 2730 2898 2792 Liutberto,
2929 2730 3108 2799 fugato
3159 2731 3494 2799 Ansprando.

1927 2798 2149 2854 Rothari
2179 2802 2231 2853 in
2265 2802 2511 2855 exsilium
2538 2800 2708 2868 pulso.
2741 2798 3089 2866 Ansprandus
3111 2798 3324 2862 deinde,
3373 2802 3497 2870 fuga

1927 2869 2138 2938 elapsus
2167 2870 2220 2924 iu
2255 2870 2664 2924 Couunaceuam
2697 2871 2950 2933 insulam,
2979 2871 3148 2938 copiis
3193 2870 3391 2938 petitur
3419 2869 3497 2924 :is

1927 2951 2104 3009 autem
2141 2955 2202 2995 ac
2230 2949 2502 3009 comperta
2526 2940 2592 2992 ad
2624 2940 2896 3007 Baji‘iarios
2922 2956 2977 2994 se
3007 2941 3196 3008 recipit
3231 2954 3375 2993 anno
3395 2940 3497 2994 702

1927 3008 1978 3061 in
2015 3010 2172 3062 linem
2218 3008 2489 3076 vergente,
2541 3018 2597 3061 ut
2625 3012 2833 3080 erudite
2883 3010 3090 3080 l'agius,
3123 3019 3298 3062 motus
3349 3009 3494 3063 Pauli

1926 3081 2243 3134 auctoritate
2272 3081 2383 3150 (:ib.
2416 3095 2489 3143 γι,
2525 3095 2673 3150 cgpp.
2704 3079 2793 3141 ‘2'2,
2818 3079 2932 3148 55),
2970 3079 3032 3132 ac
3056 3079 3211 3131 simul
3239 3080 3492 3150 concilia—

1927 3151 1993 3202 tis
2017 3151 2174 3203 auuis
2201 3147 2505 3203 tetrarchia:
2545 3147 2928 3212 Theodelwrti,
2970 3149 3238 3202 observat.
3294 3148 3493 3203 Novem

1925 3220 1994 3272 ibi
2054 3235 2224 3273 annos
2269 3219 2513 3283 exsulat;
2544 3218 2756 3272 decimo
2808 3235 2933 3273 vero
2986 3219 3225 3281 ineunte,
3258 3220 3347 3286 qui
3375 3231 3493 3274 crat

1925 3289 2047 3353 712,
2077 3305 2196 3343 cum
2223 3290 2490 3342 tetrarclia
2517 3289 2887 3344 'lheodeberlo
2916 3302 2970 3343 et
3000 3288 3260 3354 liajoariis
3300 3301 3495 3357 praesto

1925 3369 2030 3422 est,
2059 3377 2171 3414 rem
2201 3359 2340 3429 gerit
2366 3360 2526 3412 dubio
2558 3368 2726 3429 marte
2763 3362 2900 3413 haud
2924 3360 3104 3429 procul
3127 3359 3335 3413 Ticino.
3368 3363 3494 3413 Ari-

1927 3439 2110 3496 pertus
2139 3427 2420 3484 se'victum
2452 3439 2667 3498 putans,
2695 3427 2815 3496 fuga
2848 3429 2897 3482 iu
2930 3427 3213 3482 Franciazn
3256 3439 3492 3497 arrepta,

1926 3499 2114 3554 Ticino
2143 3502 2404 3569 mergitur
2427 3502 2572 3553 circa
2606 3502 2744 3552 diem
2778 3498 2840 3552 15
2871 3499 3070 3562 Martii,
3096 3509 3150 3550 ut
3179 3499 3374 3569 suadet
3401 3501 3494 3552 trio

1926 3580 2124 3624 mestre
2154 3568 2457 3637 Anspraudi
2485 3585 2725 3639 regnum,
2756 3570 2870 3638 qui,
2899 3580 2954 3621 ut
2984 3569 3320 3639 dixiiiiiis,13
3349 3568 3493 3623 Junii

1924 3639 2157 3704 ejusdem
2180 3641 2303 3691 anni
2334 3637 2581 3693 occubuit
2606 3637 2851 3699 mortem,
2879 3639 3062 3692 relicto
3085 3638 3194 3690 lilio
3211 3637 3493 3708 Luitpran-

1924 3708 2028 3771 do;
2066 3725 2222 3777 quem
2251 3708 2584 3777 Langobardi
2615 3717 2738 3760 ante
2764 3709 2930 3776 patris
2955 3709 3155 3762 obitum
3183 3708 3492 3762 levaverant

1925 3792 2126 3848 regem.
2151 3778 2319 3846 Hujus
2365 3779 2604 3832 stabilito
2651 3778 2934 3846 principio,
2965 3793 3086 3830 cum
3115 3778 3379 3832 Diaconus
3407 3795 3489 3832 re-

1925 3864 2085 3917 gnum
2113 3852 2161 3903 ei
2188 3849 2385 3917 tribuat
2409 3864 2597 3901 annor.
2616 3848 2704 3910 51,
2730 3863 2801 3917 ιιι.
2829 3848 2879 3911 7,
2905 3848 3224 3916 illigavimus
3259 3857 3491 3901 mortem

1923 3934 2046 3972 cum
2100 3920 2186 3972 die
2225 3920 2291 3971 15
2332 3916 2550 3972 Januar.
2604 3934 2690 3970 an.
2718 3916 2841 3979 714,
2894 3926 3079 3970 contra
3117 3917 3492 3979 Bacehiuinm,

1925 3989 2013 4058 qui
2039 4005 2178 4042 anno
2207 3987 2464 4056 superiori
2492 3996 2545 4058 et
2576 3999 2802 4041 mortem
2843 3987 3250 4058 Liulprandiict
3294 3986 3491 4058 liachis

1925 4056 2244 4128 principium
2294 4057 2594 4128 constituit,
2640 4057 2921 4111 historiam
2969 4056 3114 4108 Libri
3164 4057 3492 4111 Pontilicalis

1928 4127 2032 4182 non
2063 4141 2226 4192 recte,
2257 4138 2317 4182 ut
2353 4127 2479 4180 mihi
2513 4127 2739 4192 videtur,
2769 4127 3172 4196 interpretatus,
3201 4141 3365 4196 quem
3393 4142 3487 4196 ise-

1926 4200 2016 4268 qui
2047 4200 2295 4266 deinceps
2322 4213 2542 4251 nece~se
2570 4199 2709 4268 erit;
2765 4214 2886 4251 cum
2914 4194 3135 4268 —IItOl’lc_
3162 4196 3310 4268 enim
3343 4194 3492 4268 Lint-

1925 4266 2111 4340 prandi
2138 4270 2350 4338 explicit
2377 4267 2616 4340 llistoria
2647 4267 2795 4322 Pauli
2820 4269 2884 4322 de
2914 4268 3072 4340 rebus
3116 4266 3493 4335 Langobardo-

1926 4337 2062 4394 rum.
2098 4337 2343 4407 Spectata
2374 4339 2531 4407 igitur
2552 4353 2673 4391 cum
2700 4340 2886 4392 eodem
2913 4337 3077 4390 Paulo
3117 4351 3300 4407 regum
3337 4345 3487 4389 octo-

245 4424 368 4481 gum
403 4427 415 4460 :
450 4406 603 4481 Anno
627 4406 735 4463 Deo
763 4413 983 4480 propitio
1014 4406 1155 4481 regni
1181 4406 1286 4466 mei
1307 4413 1473 4481 primo
1504 4406 1671 4480 pridie
1684 4407 1812 4465 Kal.
1848 4415 1893 4474 D
1921 4411 2091 4464 decim
2117 4406 2481 4478 chronologia,
2513 4409 2802 4481 videmlum
2839 4419 3010 4481 restat
3034 4407 3168 4481 quid
3188 4406 3258 4481 de
3275 4421 3487 4481 succes-

245 4476 404 4531 Mart.
462 4479 646 4550 inﬂict.
675 4476 978 4550 xt,'neiupe
1011 4476 1152 4536 anno
1201 4476 1322 4535 715'.
1371 4476 1586 4536 Necnon
1625 4497 1812 4535 monu-

248 4557 480 4600 mentum
503 4548 860 4604 Parthenonis
885 4548 1192 4606 mouialium
1227 4552 1283 4608 S.
1323 4551 1502 4605 Maria:
1523 4560 1576 4605 et
1605 4551 1661 4606 S.
1698 4553 1812 4604 Au-

247 4617 429 4670 reliani
491 4619 647 4674 titulo
668 4634 696 4671 a
727 4619 989 4674 Senatore
1036 4623 1235 4676 conditi
1265 4639 1279 4679 :
1310 4621 1481 4674 Filius
1521 4621 1813 4675 honorandi

221 4688 515 4762 .Albini,_et
560 4687 930 4762 T/ieodoiindw
959 4702 1201 4762 regnante
1246 4692 1570 4762 Liulprando
1613 4707 1751 4762 anno
1771 4694 1812 4762 45

249 4759 383 4826 regni
411 4759 524 4825 ejus
552 4773 584 4810 v
613 4758 736 4812 Kal.
772 4758 1210 4815 Decrmbiindict.
1241 4758 1442 4823 xtufid
1464 4770 1548 4815 est
1573 4776 1662 4812 an.
1688 4760 1809 4824 7M,

247 4827 382 4895 quod
407 4827 570 4900 refert
602 4827 872 4900 lilahillon.
903 4831 1106 4898 (Itiner.
1140 4831 1289 4900 Ital.)
1347 4830 1533 4900 Obiter
1580 4830 1666 4884 hic
1695 4846 1809 4883 mo-

249 4912 343 4951 neo
371 4907 430 4950 ut
456 4897 761 4954 Mabillonio
787 4900 958 4953 eidem
1002 4915 1106 4953 non
1153 4897 1399 4954 audiatur
1440 4898 1690 4953 referenti
1743 4916 1811 4953 ex

251 4969 566 5021 mrmasterio
610 4968 1120 5037 Augustiuianorum
1153 4970 1422 5022 Ticincnsi
1468 4970 1524 5022 S.
1572 4969 1715 5022 Petri
1748 4971 1800 5022 in

248 5037 388 5107 (Icelo
424 5052 586 5092 aureo
613 5038 716 5107 hoc
745 5039 1120 5092 documentum
1151 5053 1164 5090 :
1195 5039 1322 5090 lln'c
1351 5039 1526 5091 omnia
1572 5055 1688 5107 qua:
1721 5057 1814 5090 su-

247 5124 333 5173 pra
357 5106 606 5167 dicimus,
638 5105 1000 5173 adjudicamus
1024 5125 1135 5161 ren.
1164 5109 1474 5160 monasterio
1506 5109 1564 5161 S.
1586 5105 1738 5160 Ῥεινὶ
1756 5111 1806 5160 in

248 5176 379 5228 Cwlo
410 5192 590 5245 aureo,
623 5177 674 5228 in
701 5194 800 5245 quo
910 5194 969 5228 ac
994 5177 1177 5230 Vener.
1208 5177 1551 5245 Augustinum
1583 5177 1810 5229 adduxi-

247 5262 374 5296 mus.
405 5244 596 5315 Datum
626 5262 678 5299 ιν
709 5244 873 5299 nonas
910 5247 1073 5313 April.
1107 5249 1247 5315 regni
1271 5244 1580 5313 Liulprundi
1617 5248 1802 5313 primo,

246 5316 350 5366 ind.
386 5330 436 5366 x.
470 5313 622 5378 Nam,
654 5326 1012 5383 praeterquam
1043 5313 1182 5383 quod
1209 5317 1408 5368 redolet
1455 5317 1806 5383 posteriorem

247 5393 592 5447 structuram,
632 5401 729 5440 nec
756 5385 1113 5452 Liutprandus
1142 5387 1209 5438 ad
1241 5402 1461 5453 regnum
1492 5387 1810 5438 ascenderat

249 5468 431 5522 mense
477 5454 649 5522 Aprili
698 5472 786 5508 an.
819 5455 942 5518 712,
993 5472 1164 5522 neque
1220 5455 1447 5508 ecclesia
1483 5456 1539 5507 S.
1572 5453 1714 5507 l’etri
1755 5455 1806 5507 in

246 5521 391 5576 Caelo
434 5521 597 5577 aureo
649 5523 865 5577 fundata
903 5535 1038 5583 erat,
1072 5521 1170 5577 nec
1197 5526 1407 5577 demum
1438 5525 1493 5575 S.
1528 5525 1805 5591 Augustini

248 5607 437 5659 corpus
465 5594 746 5647 advectum
779 5612 809 5648 e
838 5595 1078 5648 Sardinia
1116 5595 1237 5647 illuc.
1267 5594 1460 5646 fuerat.
1491 5593 1804 5658 Liutpr:‘indi

251 5662 405 5731 igitur
433 5664 749 5733 principium
781 5665 861 5718 vel
891 5682 1010 5718 cum
1044 5666 1126 5718 die
1158 5665 1268 5733 ipsa
1300 5663 1594 5733 Ansprandi
1646 5663 1808 5732 patris

1918 4496 2100 4534 surum
2127 4489 2282 4532 :etate
2312 4475 2484 4532 Valeat
2511 4479 2736 4533 stabiliri
2767 4478 3093 4533 Pontilicalis
3141 4475 3288 4531 Libri
3316 4482 3370 4528 et
3397 4475 3490 4528 do-

1917 4561 2290 4604 cumentorum
2321 4550 2588 4616 praesidio.

1987 4619 2074 4672 55.
2114 4619 2374 4673 Postremi
2449 4618 2918 4688 Langobardortuu
2998 4624 3483 4688 regeshquatuor,

1918 4688 2362 4751 lleildebraudus,
2387 4684 2600 4747 Rachis',
2632 4689 2942 4756 Aistulphus
2967 4699 3020 4740 ct
3061 4684 3386 4756 Desiderius,
3417 4684 3486 4737 50

1916 4759 2135 4814 omnino
2160 4774 2328 4812 anuos
2375 4770 2493 4826 post
2533 4758 2915 4827 Lintprandum
2965 4756 3204 4827 implent.
3255 4755 3486 4827 Ateium

1916 4844 2101 4884 eorum
2125 4829 2346 4883 historia
2370 4823 2942 4895 destituatui-przesidio
2965 4823 3110 4878 Pauli
3138 4823 3486 4887 Warnclridi,

1917 4899 2029 4968 qui,
2062 4915 2127 4952 ne
2157 4915 2265 4952 sua:
2296 4899 2468 4966 gentis
2519 4897 2784 4968 excidium
2835 4896 3127 4968 historicus
3144 4911 3330 4968 parum
3363 4908 3488 4960 pru-

1916 4965 2046 5022 dens
2097 4965 2395 5030 enarraret,
2447 4983 2565 5019 eum
2622 4966 2948 5035 Liulprando
3002 4966 3175 5029 desiit,
3218 4965 3486 5035 videretur

1915 5037 2299 5106 llerkemperto
2352 5033 2760 5098 adhzeremlum,
2811 5050 2877 5106 ne
2913 5043 3010 5106 tot
3049 5043 3264 5102 tamque
3316 5033 3482 5106 Variis

1917 5103 2270 5160 recentiorum
2302 5106 2639 5172 opinionibus
2694 5104 2946 5166 lacessiti,
2984 5113 3253 5157 certamen
3308 5103 3486 5172 potius

1914 5192 2071 5242 quam
2127 5192 2306 5243 regum
2337 5176 2805 5244 Limgobardorum
2839 5173 3241 5243 chronologiam
3277 5173 3484 5226 instau-

1914 5261 2032 5297 rare
2062 5245 2361 5297 diceremur
2389 5262 2400 5295 :
2433 5243 2670 5297 attamen
2718 5244 2839 5309 quia
2869 5243 3250 5312 chronologum
3293 5257 3485 5312 parum

1911 5322 2156 5367 exactum
2181 5314 2342 5367 fuisse
2372 5313 2808 5382 llerkcmpertum
2837 5312 3480 5382 documentaostendunt,

1915 5385 2018 5435 alio
2042 5398 2123 5434 me
2150 5395 2348 5435 vertam
2380 5381 2741 5436 necessccrit.
2765 5383 3098 5438 Constituam
3125 5383 3287 5449 igitur
3310 5381 3487 5449 primo

1913 5462 2120 5505 atatem
2151 5452 2524 5521 ileildcprandi
2567 5453 2940 5521 conregnantis
2981 5468 3099 5505 cum
3134 5451 3480 5521 Liutpramlo,

1913 5522 2104 5575 deinde
2137 5537 2313 5575 rerum
2338 5518 2503 5576 serie
2543 5518 2830 5591 proposita,
2890 5521 3276 5590 l‘leildtqu‘audo
3310 5518 3481 5591 ejecto

1914 5591 2120 5645 salircti
2179 5592 2374 5646 liachis
2433 5590 2770 5660 principiun‘i,
2822 5593 3041 5662 ejusque
3094 5590 3478 5662 alnlicationcm

1915 5679 2033 5716 cum
2067 5662 2249 5715 fratris
2276 5657 2536 5729 Aislulphi
2567 5657 2872 5731 primordiis
2923 5657 3282 5729 conjunctam,
3323 5657 3478 5727 hujus
