3982 6316
638 353 741 411 945

1344 354 1441 411 AD
1472 352 1914 412 ANASTASIUM
1951 329 2465 412 rnouaconsm
2498 355 2677 413 amr.
2718 355 3144 415 ROM.-VATIC.

3791 363 3882 419 ω

638 472 884 555 fidelibus
908 484 1244 564 quiscunque
1288 471 1374 564 ad.
1402 471 1780 564 sustinendam
1797 471 2209 564 vlitampoeces-
2233 472 2282 532 A
2310 487 2493 564 causan
2516 473 2605 543 qui
2658 467 2875 564 sibimet
2919 473 3311 564 objic‘ie'bpntur
3346 477 3451 561 (ζ).
3494 477 3654 535 Hunc
3682 483 3885 564 pariter

636 545 781 602 saria
824 541 1005 597 essent
1034 584 1050 607 ,
1100 542 1189 596 ubi
1231 543 1469 612 gentium
1521 557 1619 612 pro
1661 541 1927 597 catholica
1974 541 2078 598 ﬁde
2125 542 2208 596 in-

637 614 996 673 scctationum
1021 613 1378 667 incommodis
1400 620 1746 667 vexarentur.

700 684 1020 740 "Eleutherio
1047 682 1297 751 pontifice
1328 681 1392 736 D.
1422 682 1656 736 lrenams
1693 681 2068 751 Lugdunensis
2096 681 2209 750 epi-

638 770 834 826 scoptts
861 762 1092 826 testatur
1121 752 1197 821 (α)
1225 752 1379 826 quod
1416 753 1484 806 ad
1523 752 1717 826 incitas
1746 752 2017 826 redigendi
2045 768 2210 826 causa

636 828 689 881 in
720 823 1015 896 provinciis
1052 823 1426 896 haereticorum
1458 836 1522 876 ac
1546 823 2011 896 schismaticorum
2039 824 2207 896 auda-

622 891 805 961 ciam,
856 902 1027 962 atque
1070 893 1395 962 impediendi
1446 892 1737 961 quominus
1786 891 2211 962 depravaren'tur

636 981 815 1021 mores
841 1005 855 1027 ,
899 965 1033 1018 itum
1080 963 1181 1017 fuit
1223 963 1290 1017 ad
1337 963 1685 1032 apostolicam
1740 963 1920 1018 sedem
1957 972 2211 1031 tanquam

637 1035 894 1093 doctrinae
933 1033 1033 1088 sibi
1065 1034 1390 1089 concredita:
1419 1043 1782 1101 sequestrem,
1810 1033 1953 1087 unde
1980 1032 2212 1102 integer-

634 1108 769 1161 rima
811 1112 994 1159 manat
1027 1103 1094 1157 ad
1123 1112 1369 1172 posteros
1414 1118 1510 1173 per
1546 1118 1876 1158 summorum
1913 1105 2212 1159 successio-

635 1194 756 1231 nem
784 1174 1094 1244 pontificum
1114 1193 1127 1228 :
1146 1176 1395 1244 quodque
1415 1174 1683 1228 constanti
1702 1173 1937 1227 omnium
1960 1175 2212 1244 opinione

633 1243 923 1316 singularis
957 1260 1021 1299 ea
1051 1252 1105 1298 et
1134 1243 1383 1313 suprema
1425 1245 1598 1316 sedes,
1624 1245 1913 1298 constituta
1955 1243 2054 1297 fuit
2089 1254 2210 1299 tan-

632 1314 794 1386 quam
834 1324 1148 1384 perpetuum
1194 1330 1258 1369 ac
1284 1314 1753 1386 praeclarissimum
1764 1324 2207 1386 monimentum,

628 1383 782 1442 nullo
826 1383 1061 1454 unquam
1105 1393 1345 1453 tempore
1383 1383 1617 1438 futuram
1660 1385 1712 1438 in
1763 1383 2001 1438 Ecclesia
2051 1384 2211 1440 (idem

634 1456 793 1510 aliam
825 1465 1024 1524 praeter
1052 1469 1172 1508 eam
1198 1470 1357 1523 quam
1395 1455 1619 1523 apostoli
1651 1454 2005 1524 tradiderunt.

705 1523 1332 1594 Montanistm,quorum
1381 1526 1547 1593 pestis
1587 1523 1936 1594 grassabatur
1963 1524 2014 1577 in
2062 1523 2210 1589 Asia,

632 1600 737 1651 iter
784 1596 853 1650 ad
908 1596 1153 1650 eamdem
1198 1595 1379 1650 sedent
1436 1596 1760 1659 instituunt,
1819 1595 2213 1650 communionis

634 1666 926 1737 diplomata
974 1666 1354 1737 impetraturi,
1399 1674 1457 1717 ut
1485 1664 1747 1733 quibusve
1790 1663 1857 1717 ab
1905 1665 2209 1737 aggressio-

633 1733 792 1791 nibus
851 1751 970 1791 sese
1023 1736 1098 1789 ita
1132 1734 1522 1799 defenderent;
1576 1743 1630 1788 et
1681 1748 1871 1803 reapse
1916 1733 2211 1790 catholicos

2309 543 2618 623 pontificem
2638 551 2729 623 est
2763 545 2852 623 qui
2882 547 3076 600 asserit
3104 543 3362 623 Philippo
3380 543 3885 621 iniperatori'ptrui-

2311 613 2533 690 t_e_nt_iai_n
2582 613 2908 690 injunxisse,
2972 630 3131 684 quem
3187 613 3536 687 antiquorum
3588 635 3696 674 non
3726 613 3886 690 ’ρωιεὶ

2309 681 2633 737 Christianis
2654 691 2958 738 accenscnt.

2382 751 2509 808 Post
2538 752 2759 807 Fabiani
2811 753 3015 808 obitum
3050 757 3261 810 vacavit
3296 768 3483 814 sancta
3514 760 3678 815 sedes
3712 761 3891 815 sexde-

2311 822 2684 899 cim__menscs
2731 839 2866 899 cum
2884 824 3126 899 dimidio,
3157 826 3226 880 ob
3252 843 3519 883 summam
3554 829 3889 899 Imperatoris

2311 893 2461 971 _Decii
2483 894 2891 971 saevitiam,q_ui,
2906 893 3475 971 Cyprianotestejm),
3496 893 3713 968 imperii
3738 916 3887 955 aemu-

2309 962 2446 1027 lum,
2472 978 2632 1031 quam
2675 962 3000 1036 pontificem
3038 965 3090 1018 in
3154 966 3293 1023 Urbe
3325 962 3498 1025 Roma
3538 962 3721 1025 minus
3764 987 3888 1036 ιτα

2311 1042 2457 1088 esset
2504 1049 2696 1122 passus
2738 1033 2837 1104 (η).
2891 1033 3002 1122 line
3040 1036 3315 1122 viduitatis
3359 1056 3474 1095 sua:
3512 1049 3759 1122 tempore
3794 1033 3887 1094 Bo-

2313 1119 2469 1177 mana
2507 1104 2662 1158 sedes
2695 1105 3027 1177 eauprzebuit
3078 1107 3385 1177 vigilantiae,
3431 1104 3780 1166 auctoritatis
3818 1127 3889 1163 ar-

2316 1174 2599 1241 dentisque
2629 1173 2789 1246 studii
2831 1173 3157 1246 testimonia:
3181 1194 3301 1246 quae
3334 1173 3684 1235 communem
3714 1182 3887 1236 deceat

2312 1253 2614 1319 parentem,
2637 1243 3110 1319 Christianosgtam
3140 1243 3323 1303 Roma:
3343 1266 3504 1319 quam
3538 1250 3665 1305 aliis
3698 1253 3751 1305 in
3772 1251 3885 1306 Pro-

2313 1314 2505 1369 vinciis
2568 1314 2842 1388 degentes,
2888 1316 3105 1388 optimis
3143 1333 3335 1388 regens
3358 1314 3643 1375 'consiiiis.
3692 1321 3885 1375 Interea

2313 1399 2567 1453 sponsum
2597 1384 2883 1508 (Eppcriens
2919 1384 3064 1455 leges
3101 1384 3340 1443 condidit
3365 1390 3663 1457 salutares,
3689 1407 3811 1461 qua
3841 1392 3886 1445 iu

2314 1454 2579 1508 catholica
2653 1453 2843 1508 cclesia
2887 1454 3104 1508 fuerunt
3131 1460 3487 1508 Dromnlnatzp
3514 1460 3620 1508 (ai-

2314 1454 2579 1529 catholica
2611 1453 2843 1529 Ecclesia
2887 1453 3487 1529 fueruntpronmlgatm
3514 1460 3620 1529 (ο).

2384 1524 2864 1602 Verumenimvero
2911 1524 3143 1602 tametsi,
3171 1528 3252 1602 _nil
3293 1524 3626 1585 intentatum
3687 1533 3885 1602 tyranni

2315 1595 2633 1671 reliquerint
2660 1604 2718 1671 u_t_
2762 1596 2996 1664 supremi
3028 1596 3345 1671 electionem
3375 1602 3657 1671 pontiﬁcis
3679 1595 3888 1671 impedi-

2316 1663 2457 1740 rent,
2507 1663 2789 1740 Cornelius
2809 1663 2991 1740 tamen
3021 1668 3086 1720 ad
3113 1667 3265 1740 Petri
3304 1663 3650 1733 cathedram,
3689 1663 3883 1740 mp,

2316 1746 2373 1787 ut
2400 1734 2651 1805 Cypriani
2675 1735 2856 1789 verbis
2876 1745 3016 1805 utar,
3059 1738 3124 1791 ad
3155 1741 3442 1794 sacerdotii
3485 1743 3723 1795 sublime
3746 1734 3883 1794 fasti-

631 1807 950 1895 simulajntes
979 1805 1329 1895 obtinuerunt
1352 1804 1454 1895 .(b):
1503 1806 1574 1895 {At
1600 1804 2055 1895 demumhfraode
2086 1805 2212 1895 ΙξΙΙᾳ-
2246 1839 2282 1895 Β
2315 1804 2459 1895 gium
2505 1813 2851 1895 estmevectus
2897 1804 2995 1876 (p).
3029 1806 3624 1895 lu’buncpontilicem
3668 1812 3881 1895 schisma

624 1893 754 1931 rum
807 1877 1059 1939 detecta,
1108 1875 1345 1944 pontifex
1396 1882 1450 1929 et
1510 1875 1733 1928 traditas
1779 1875 2033 1944 epistolas
2084 1874 2211 1930 fecit

634 1948 839 2011 irritas,
873 1954 928 1999 et
957 1947 1242 2000 anathema
1275 1945 1495 1999 nefariis
1517 1945 1786 2013 capitibus
1817 1944 2024 1998 inflixit.
2060 1945 2209 2002 linuc

634 2018 810 2086 ipsum
857 2015 1173 2086 Pontificem
1227 2016 1439 2069 misisse
1478 2016 1694 2086 tradunt
1731 2016 1796 2067 ad
1840 2014 2057 2082 Majoris
2097 2016 2212 2070 Bri-

637 2085 836 2166 tauuim
885 2085 1081 2156 Regem
1125 2088 1259 2140 duos
1290 2085 1559 2166 Evangelii
1597 2100 1904 2166 pensiones,
1956 2086 2210 2166 aquibus

634 2159 777 2211 idem
833 2155 1125 2225 gentesque
1174 2172 1363 2212 omnes
1420 2155 1521 2211 sibi
1567 2155 1794 2210 subdita:
1843 2155 2208 2212 Christianam

632 2227 792 2281 fidem
834 2228 1186 2295 susceperint.

701 2297 946 2352 Pontifex
982 2298 1161 2352 Victor
1184 2313 1213 2351 a
1244 2297 1478 2353 fidelium
1508 2296 1885 2353 communione
1906 2295 2205 2353 Coriarium

632 2367 976 2422 Theodorum
1007 2369 1255 2431 removit,
1283 2382 1508 2436 ejusque
1550 2368 1851 2421 doctrinam
1883 2368 2209 2423 condemna-

629 2440 710 2492 vit
736 2437 826 2506 (ε).
864 2437 1060 2492 Eadem
1094 2440 1176 2492 nsi
1208 2440 1421 2492 fortuna
1451 2446 1608 2492 erant
1636 2437 1888 2493 Florinus
1908 2447 1964 2493 et
1990 2437 2208 2494 Blastns

631 2509 887 2562 Ecclesia:
933 2506 1190 2562 Romana:
1215 2509 1518 2578 presbyteri
1546 2524 1559 2561 :
1594 2522 1887 2578 eorumque
1912 2509 2115 2563 erroris
2144 2525 2209 2564 ac

629 2578 944 2633 schismatis
970 2577 1274 2641 occasione,
1305 2578 1742 2648 contendentium
1768 2577 2028 2648 celebrari
2055 2594 2209 2648 opor-

631 2658 747 2702 tere
770 2648 976 2703 Pascha
1005 2658 1194 2716 quarta
1219 2649 1427 2702 decima
1479 2648 1603 2701 luna
1630 2646 1807 2702 Martii
1838 2663 1960 2703 cum
1984 2646 2204 2715 Judieis,

629 2719 709 2789 (d)
738 2733 1061 2788 quacunque
1083 2718 1209 2771 illud
1238 2719 1322 2772 die
1339 2718 1621 2789 obtigisset
1650 2718 2025 2789 hebdomadis,
2045 2735 2207 2774 cons-

633 2787 780 2843 tituit
812 2787 999 2843 Victor
1020 2789 1245 2844 omnino
1295 2787 1568 2843 servatum
1596 2788 1659 2841 iri
1688 2787 1767 2841 Pii
1796 2787 2207 2858 praedecessoris

631 2861 912 2913 decretum
963 2861 1029 2912 de
1076 2859 1399 2913 celebrando
1468 2858 1729 2912 Pascbate
1780 2859 1866 2913 die
1928 2859 2205 2916 Dominica

630 2940 882 2996 quartam
932 2929 1193 2983 decimam
1244 2930 1389 2982 lunae
1436 2928 1681 2995 proxime
1724 2941 2091 2997 consequente
2151 2931 2204 2985 in

636 3001 894 3052 universo
915 2998 1347 3053 Christianorum
1374 2999 1525 3052 orbe.
1575 2998 1716 3051 Asiae
1745 3000 2004 3055 duntaxat
2034 3002 2205 3056 Mino-

635 3068 713 3120 ris
763 3069 1040 3137 episcopi,
1109 3070 1388 3123 studentes
1435 3068 1811 3137 consuetudini
1867 3071 1936 3124 ab
1978 3070 2206 3126 Aniceto

626 3135 882 3205 pontifice
914 3138 1171 3204 tolerate,
1225 3152 1375 3191 nova:
1404 3138 1528 3192 huic
1555 3136 1657 3206 legi
1686 3135 1920 3192 Victoris
1952 3150 2206 3195 recusant

630 3222 700 3260 ne
725 3209 1100 3274 obtemperent
1124 3208 1217 3278 (e).
1249 3207 1428 3274 Quare

627 3279 811 3347 statim
840 3276 1206 3347 percusserat,
1235 3278 1335 3331 nisi
1368 3278 1428 3331 D.
1456 3276 1691 3330 lrenreus
1712 3276 1873 3331 ictqu
1902 3281 2208 3335 avertiSsct.

627 3346 802 3419 Quam
834 3346 980 3402 recte
1020 3347 1381 3419 Asiaticorum
1408 3347 1750 3419 disciplinam
1798 3349 1973 3402 hacin
2002 3366 2060 3405 re
2089 3367 2213 3419 pro-

628 3416 870 3471 scribere
908 3417 1144 3486 pontifex
1193 3418 1465 3487 cogitarit,
1509 3416 1786 3487 Nicaenum
1816 3427 2002 3487 postea
2033 3416 2213 3475 conci-

628 3487 759 3540 lium
790 3489 1129 3556 apertissime
1159 3486 1548 3543 demonstravit
1583 3486 1672 3556 (Γ),
1700 3486 1900 3542 Eadem
1925 3491 2213 3548 occasione

632 3557 1070 3625 Iocupletissimis
1142 3566 1447 3612 sanctorum
1522 3556 1739 3610 Patrum
1804 3560 2213 3617 auctoritatibus

628 3628 935 3681 ostenditur
975 3628 1059 3753 (9L
1079 3637 1264 3684 contra
1297 3644 1458 3697 quam
1503 3627 1669 3696 aliqui
1701 3630 2058 3683 recentiorum
2090 3647 2215 3685 sen-

629 3698 790 3753 tiunt.
819 3698 962 3753 quod
992 3714 1021 3753 a
1084 3699 1394 3753 apostolicae
1417 3698 1561 3753 sedis
1602 3698 1980 3753 communione
2007 3702 2212 3753 secludi

629 3698 790 3759 tiunt,
819 3698 962 3768 quod
992 3698 1059 3753 ab
1084 3699 1394 3766 apostolicae
1417 3698 1561 3753 sedis
1602 3698 1980 3753 communione
2007 3702 2212 3757 secludi

628 3768 854 3835 perinde
893 3777 978 3824 est
1036 3777 1199 3838 atque
1242 3770 1311 3824 ab
1368 3768 1623 3823 Ecclesia:
1678 3769 1958 3825 catholicae
2005 3773 2212 3827 unitate

627 3853 885 3893 amoveri.

700 3908 1039 4030 Zephyriuus
1065 3911 1343 3965 damnavit
1367 3910 1604 3966 haereses
1626 3908 1937 3975 Marcionis,
1964 3910 2207 3976 Praxcze,

708 3979 771 4030 be
798 3980 851 4030 lii
892 3980 1232 4030 aliorumque
1259 3981 1658 4030 haereticorum.
1692 3981 1743 4030 in
1774 3995 1909 4030 unos
1939 3981 2207 4030 declama-

627 3978 866 4050 Sabgllii'
892 3980 1232 4050 aliorumque
1258 3981 1658 4043 hmrctieorum,
1692 3981 1743 4033 in
1774 3995 1909 4050 quos
1939 3981 2210 4037 declama-

624 4050 708 4102 vit
738 4047 1102 4122 Tertullianus
1133 4047 1244 4121 (In);
1279 4053 1366 4120 qui
1399 4067 1563 4122 prope
1583 4052 1723 4122 diem
1752 4047 1989 4105 Montani
2017 4054 2214 4107 delira-

624 4130 807 4172 menta
869 4119 1175 4189 professus,
1252 4119 1438 4176 eadem
1493 4119 1785 4191 implicitus
1846 4122 2210 4178 damnationis

619 4191 893 4245 sententia
925 4200 1027 4257 est,
1073 4208 1234 4259 quam
1268 4194 1320 4245 in
1354 4192 1731 4247 haeresiarchas
1766 4191 1907 4244 illius
1939 4200 2210 4247 vesaniam

623 4260 1315 4340 pontifeiepronuntiavit.
1350 4262 1506 4340 _Quin
1557 4263 1721 4340 et_iam
1762 4260 2124 4340 Tertullia_nns
2149 4262 2210 4333 (ἱ)

624 4330 768 4386 idem
809 4332 993 4400 rigida:
1053 4332 1278 4385 nimium
1349 4332 1669 4386 innocentiae
1717 4340 1954 4386 assertor
2003 4330 2209 4398 factus,

627 4416 750 4453 cum
778 4400 1015 4455 ell‘utiret
1040 4400 1421 4455 fornicationis
1468 4412 1521 4456 et
1563 4403 1813 4454 adulterii
1842 4403 2069 4456 crimina
2100 4418 2213 4456 ma-

619 4471 741 4536 jora
768 4486 888 4525 esse
911 4486 1070 4539 quam
1113 4472 1308 4538 quibus
1331 4471 1537 4525 absolvi
1586 4472 1654 4525 ab
1685 4471 1918 4525 Ecclesia
1969 4474 2212 4536 homines

626 4541 867 4609 possint,
922 4556 1094 4608 neque
1124 4542 1193 4595 ab
1240 4541 1495 4611 opinione
1540 4544 1843 4607 recederet,
1895 4540 1995 4596 fuit
2036 4544 2211 4599 denuo

624 4612 1037 4665 condemnatus.

695 4680 959 4752 Callixtus
997 4690 1229 4751 quatuor
1256 4683 1382 4735 anni
1431 4691 1730 4751 temporum
1769 4682 2032 4752 jejunium
2067 4684 2213 4739 insti-

626 4752 730 4806 tuit
752 4752 846 4822 (j).
870 4751 1146 4822 Fabianus
1174 4752 1334 4806 latam
1381 4755 1432 4806 in
1462 4754 1720 4807 Africano
1745 4753 1973 4807 concilio
1996 4765 2212 4809 senten—

620 4824 752 4895 tiam
779 4821 1043 4895 adversus
1080 4821 1356 4877 Privatqu
1382 4824 1695 4877 hmrcticnm
1732 4825 2081 4895 confirmavit
2111 4825 2206 4895 (k).

623 4892 703 4945 Ad
732 4893 911 4948 eumdt
930 4908 980 4947 In
1013 4894 1274 4963 Origenes
1297 4910 1447 4948 suam
1476 4894 1594 4948 lidci
1623 4892 2010 4962 professionem
2040 4892 2206 4957 miSit;

622 4964 752 5044 quin
788 4963 975 5044 etiam,
1004 4964 1242 5018 nonnulli
1274 4965 1589 5044 utitradunt
1614 4963 1877 5024 historici,
1908 4965 1973 5016 ad
1989 4975 2207 5044 aposto:

623 5031 783 5088 licam
827 5034 1008 5090 sedem
1060 5051 1119 5089 se
1166 5035 1426 5099 contulit,
1475 5048 1695 5090 errores
1735 5047 1921 5087 coram
1967 5031 2204 5090 diluendi

813 5163 1035 5219 SJren.
1079 5164 1114 5220 l.
1154 5181 1237 5227 lli,
1271 5181 1321 5219 c.
1354 5164 1408 5217 5.

717 5180 750 5216 α
813 5163 1035 5219 5.]Γθη.
1079 5164 1114 5220 l.
1154 5181 1237 5227 lli,
1271 5181 1321 5219 c.
1354 5164 1408 5217 5.

692 5162 774 5303 ibi
810 5234 958 5291 Tert.
991 5233 1081 5289 lib.
1115 5238 1238 5289 adv.
1275 5235 1432 5289 Prax.

622 5305 767 5430 Ch(c)
804 5304 923 5360 Lib.
955 5306 1151 5361 Pontif.
1187 5307 1343 5361 Beda:
1395 5308 1447 5360 in
1499 5323 1553 5360 vr
1582 5307 1766 5363 mundi
1792 5314 1935 5361 artat.
1970 5305 2123 5360 Adon
2154 5306 2208 5360 in

707 5390 823 5430 ron.
2022 5420 2029 5425 ν

707 5390 802 5431 1⁵011
811 5416 823 5427 .

695 5446 773 5516 (d)
812 5443 1141 5516 Theodoret.
1164 5447 1351 5502 haeret.
1375 5444 1507 5501 Fab.
1536 5447 1624 5503 lib.
1646 5463 1705 5500 ιι.

695 5515 765 5587 (e)
794 5515 992 5572 Pontif.
1030 5517 1083 5570 in
1128 5515 1357 5572 Victore.

696 5587 764 5658 (Γ)
798 5587 988 5658 Euseb.
1021 5587 1219 5658 vllist.
1249 5603 1298 5641 c.
1330 5587 1401 5641 ‘22
1427 5596 1481 5641 et
1510 5601 1625 5657 seq.

697 5663 771 5728 ('g)
806 5657 1000 5712 Ruﬁin.
1034 5657 1171 5713 llist.
1206 5658 1240 5711 Ι.
1271 5674 1333 5721 ιι,
1360 5674 1407 5713 c.
1440 5659 1494 5711 6.

696 5727 772 5796 (Ιι)
803 5728 981 5797 Optat.
1020 5727 1195 5784 Milev.
1223 5729 1313 5781 lib.
1349 5763 1386 5780 ..
1558 5780 1561 5783 .

694 5801 764 5866 Li)
795 5799 996 5853 Tertul.
1029 5799 1094 5854 de
1116 5797 1292 5866 Jejun.
1323 5799 1465 5854 etde
1493 5797 1683 5854 Pudic.

2240 4582 2292 4642 D
2317 4582 2526 4661 sedem,
2556 4582 2636 4662 s'ui
2683 4609 2803 4664 loco
2855 4616 3152 4678 provehere
3207 4612 3555 4667 moliebatur.

2313 1876 2567 1951 excitavit
2591 1873 2938 1951 Novatianus,
2956 1873 3060 1946 qui
3090 1877 3193 1932 fuit
3224 1873 3433 1951 primus
3459 1883 3740 1951 antipapa.
3764 1883 3883 1936 Cum

2312 1946 2626 2017 schismate,
2662 1946 2804 2015 quod
2854 1944 3167 2017 plerumque
3201 1944 3282 2014 iit,
3339 1944 3599 2006 haeresim
3632 1944 3735 2006 iste
3776 1966 3884 2007 eou-

2305 2014 2524 2090 junxit;_
2547 2014 2746 2090 docens
2772 2014 2914 2084 quod
2938 2014 3114 2087 lapsos
3148 2028 3268 2090 post
3297 2021 3634 2090 baptismum
3659 2019 3875 2076 Ecclesia

2311 2084 2667 2141 reconciJare
2720 2101 2828 2140 non
2880 2084 3078 2159 potest,
3121 2084 3297 2159 neque
3343 2084 3411 2145 a'd
3464 2093 3881 2147 communionem

2311 2171 2591 2231 sacrorum
2675 2158 3057 2231 mySIeriorum
3134 2161 3465 2222 admittere,
3553 2163 3883 2231 quantumvis

2310 2227 2527 2299 eosdem
2576 2225 2812 2281 maxime
2853 2228 3167 2299 pirniteret;
3201 2245 3327 2284 cum
3360 2232 3505 2287 Deus
3556 2225 3612 2286 id
3640 2232 3880 2299 judicium

2311 2297 2415 2368 sibi
2440 2296 2597 2368 unice
2634 2297 3011 2368 reservarerit,
3060 2314 3236 2368 neque
3264 2301 3366 2355 hac
3418 2302 3471 2355 in
3507 2318 3572 2356 re
3601 2296 3751 2357 suam
3775 2318 3881 2356 cum

2311 2366 2417 2439 alio
2446 2366 2553 2439 ullo
2583 2366 3481 2439 auctoritatemconnn'unicaverit.
3532 2372 3879 2439 Quamobrem

2310 2435 2593 2507 Cornelius
2651 2437 3000 2507 congregavit
3056 2440 3313 2495 adversus
3370 2457 3497 2495 eum
3546 2435 3877 2504 ieoncilium,

2308 2505 2529 2575 ejusque
2582 2506 2782 2581 hazresi
2820 2505 2884 2561 ac
2920 2508 3210 2563 schismate
3248 2510 3672 2575 condemnatis,
3726 2513 3877 2581 ipsum

2308 2591 2601 2645 secumque
2647 2576 2941 2632 sentientes
2983 2592 3172 2633 omnes
3220 2582 3289 2635 ab
3338 2582 3603 2636 Ecclesia:
3658 2576 3879 2636 cornum-

2308 2649 2470 2718 nione
2495 2645 2748 2718 sejunxit.
2778 2646 2852 2717 (q)
2883 2647 3048 2716 Cujus
3086 2649 3176 2704 lati
3193 2648 3386 2718 judicii
3437 2652 3762 2707 universalis
3789 2651 3875 2705 Ec-

2308 2717 2487 2772 clesia:
2508 2715 2767 2799 praesules
2790 2715 3103 2799 participes
3137 2715 3284 2785 facti,
3339 2723 3589 2776 unanimi
3631 2737 3877 2777 consensu

2307 2785 2584 2843 omnesid
2610 2787 2928 2855 probarunt.
3005 2785 3022 2788 “
3175 2836 3181 2841 .

2380 2856 2681 2932 Cyprianus
2715 2856 2946 2932 (r)__ver_o
2973 2873 3088 2932 pne
3109 2862 3319 2932 caeteris
3366 2862 3419 2915 iu
3470 2860 3877 2932 pseudopoutiﬁ-

2308 2927 2434 2982 cem
2498 2927 2694 2997 stylum
2760 2927 3074 2989 distrinxit,
3127 2927 3555 2988 luculentissii'ne
3610 2927 3877 2987 ostendens

2310 2998 2472 3070 quod,
2505 3013 2626 3053 cum
2654 3012 2820 3070 unam
2837 2997 3262 3070 JesusChristus
3299 3003 3601 3057 Ecclesiam
3627 3018 3875 3070 utrunque

2309 3068 2531 3122 omnino
2581 3067 3333 3143 episcopatum_instituerit,
3386 3074 3548 3143 cujus
3602 3067 3873 3143 funguntur

2313 3152 2536 3190 munere
2561 3136 2726 3212 variis
2750 3137 2803 3190 in
2836 3138 3129 3212 provinciis
3153 3141 3423 3211 dispertiti
3452 3136 3735 3212 prtcsulcs',
3758 3157 3876 3211 quae

1526 3203 1695 3260 ntifex
1712 3208 2071 3292 anathemate
2092 3210 2211 3266 illos
2238 3203 2281 3265 C
2314 3223 2432 3288 rum
2465 3221 2594 3259 cura
2629 3203 3468 3292 iisdemn'incumbittenuique:
3500 3203 3874 3292 electus

2314 3277 2667 3351 hiatiguratus
2697 3277 2762 3351 _is
2818 3277 2980 3332 fuerit
3020 3281 3106 3333 cui
3136 3281 3303 3351 Dens
3352 3277 3693 3338 universalis
3739 3277 3878 3351 hujus

2312 3346 2570 3423 Ecclesiae
2600 3347 2834 3423 regimen
2864 3350 3277 3423 commendavit,
3306 3363 3359 3423 et
3386 3368 3486 3421 per
3520 3369 3683 3423 quem
3720 3346 3877 3406 uanas

2311 3426 2368 3492 et
2395 3416 2705 3492 conjunctio
2748 3418 2986 3485 ejusdem
3015 3420 3197 3492 existit
3235 3416 3516 3487 Ecclesiae,
3539 3416 3870 3492 nequaquam

2312 3485 2430 3541 fieri
2460 3489 2527 3541 ab
2564 3486 2671 3541 alio
2704 3497 2936 3556 poterat,
2985 3491 3089 3543 nisi
3118 3492 3463 3546 schismatica
3497 3485 3876 3557 societag'qu:

2310 3558 2566 3631 quoniam
2596 3557 2670 3611 nil
2710 3567 2903 3631 prarter
2951 3558 3244 3631 humanum
3285 3575 3529 3631 saperet,
3568 3565 3756 3619 eadem
3783 3562 3874 3615 for-

2315 3638 2439 3681 tuna
2470 3628 2545 3702 uti
2569 3642 2672 3702 qua
2705 3627 2881 3683 solent
2907 3630 3222 3702 schismata
3249 3627 3550 3698 oporteret.
3580 3649 3701 3702 qua
3727 3636 3874 3685 maxi-

2313 3712 2429 3751 mas
2454 3699 2669 3773 quidem
2724 3708 2941 3773 repente
2973 3702 3157 3773 turbas
3204 3700 3425 3773 faciunt,
3472 3713 3533 3756 at
3585 3699 3875 3773 pmpedieui

2313 3779 2477 3822 ruunt
2506 3784 2569 3822 ac
2600 3767 2984 3823 dissolvuntur.
3031 3770 3160 3824 Post
3206 3772 3320 3827 haec
3363 3767 3703 3827 detinuisti-ai
3728 3773 3877 3827 neuti-

2314 3852 2435 3912 nem
2467 3853 2564 3912 per
2602 3836 2761 3912 fidem
2810 3846 2886 3912 et_
2911 3839 3227 3895 charitatem
3278 3857 3402 3895 eum
3440 3843 3691 3898 Eccelsia
3739 3858 3876 3912 posse

2313 3906 2586 3978 conjungi,
2623 3907 2718 3984 qui
2773 3907 3097 3984 aliculam
3149 3911 3403 3979 pontiﬁce
3448 3915 3525 3967 sit
3578 3906 3876 3984 disjunctns,

2313 3977 2635 4047 netnpe'qui
2691 3977 2929 4047 pontifici
2981 3977 3293 4036 earumdem
3358 3984 3624 4037 virtutum
3659 3977 3877 4037 'vinculo

2315 4046 2667 4102 iudiSsolubili
2696 4046 2762 4100 ac
2791 4051 3158 4116 perseveranti
3185 4066 3290 4105 nou
3318 4053 3589 4109 adhzeret.
3615 4055 3877 4109 Postremo

2314 4116 2609 4172 Romanam
2660 4116 2953 4172 Ecclesium
2995 4119 3236 4175 declarat
3276 4122 3586 4177 habendam
3614 4140 3735 4178 esse
3778 4135 3878 4176 tan—

2314 4188 2818 4259 quatnradicem‘et
2848 4198 3074 4243 matrem
3104 4193 3341 4245 omnium
3369 4192 3768 4259 Ecclesiarum,
3799 4208 3878 4247 ue-

2313 4272 2419 4326 qne
2449 4258 2514 4311 ab
2538 4258 2650 4326 ipsa
2683 4256 2792 4311 ullo
2821 4267 2980 4326 pacto
3008 4259 3407 4315 abscedendnm
3435 4278 3586 4317 eSse.

2386 4327 2586 4399 Sancto
2641 4328 2816 4383 eidem
2874 4329 3147 4399 episcopo,
3195 4341 3253 4385 ut
3295 4346 3480 4386 rerum
3536 4334 3877 4388 humanarum

2313 4396 2629 4473 vicissitudo
2659 4406 2765 4463 est,
2794 4396 2974 4473 causa
3010 4396 3222 4473 demum
3267 4416 3364 4470 pro
3414 4418 3475 4457 se
3505 4404 3626 4473 ipso
3674 4404 3878 4458 dicenda

2312 4465 2415 4521 fuit
2442 4476 2628 4523 contra
2654 4479 2817 4537 caput
2847 4468 2976 4524 illud
3021 4465 3423 4526 insanissimmn
3452 4465 3679 4527 nomine
3716 4473 3881 4527 Fortu-

2319 4547 2526 4601 natum,
2557 4553 2717 4607 quem
2746 4538 3075 4594 nefariorum
3099 4557 3290 4595 manus
3315 4544 3383 4597 ad
3412 4543 3616 4597 Cartha
3660 4544 3879 4598 incusem

2319 4608 2496 4661 sedem
2543 4608 2636 4680 sui
2683 4609 2803 4680 loco
2855 4616 3152 4678 provehere
3207 4612 3555 4667 moliebatur.
3614 4561 3793 4680 auare
3834 4614 3879 4665 in

3667 4630 3793 4668 nare
3834 4627 3880 4665 in

2313 4678 2733 4753 exposttilatoria
2787 4681 2854 4733 ad
2909 4680 3216 4753 Cornelium
3268 4683 3498 4753 epistola
3554 4685 3608 4738 id
3642 4678 3881 4753 apprime

2314 4749 2561 4816 queritur
2590 4749 2658 4819 (ε)
2689 4752 2828 4818 quod
2858 4751 3205 4805 schismatica
3250 4749 3338 4806 illa
3380 4768 3446 4807 ac
3471 4749 3709 4808 scelesta
3730 4749 3882 4808 socie-

2287 4826 2394 4889 ‘tas
2443 4819 2736 4889 impudenti
2767 4820 2903 4873 adeo
2927 4836 3022 4875 ore
3048 4821 3230 4885 fuerit,
3279 4833 3336 4876 ut
3378 4826 3447 4877 ad
3479 4826 3589 4878 divi
3644 4825 3782 4879 Petri
3807 4838 3881 4877 ca-

2313 4888 2595 4961 thedram,
2633 4890 2699 4942 ad
2746 4890 2985 4961 omnium
3032 4893 3328 4961 principem
3387 4894 3778 4957 Ecclesiarum,
3822 4892 3879 4945 ad

2309 4958 2630 5034 episcopalis
2672 4958 2896 5012 unitatis
2923 4958 3190 5034 originem
3210 4958 3579 5019 temeritatis
3602 4974 3767 5034 atque
3795 4964 3879 5034 iui-

2308 5030 2578 5096 pudentite
2618 5043 2730 5083 sua:
2782 5031 3030 5084 nuntium
3063 5033 3279 5089 mittere
3326 5049 3436 5089 non
3466 5030 3753 5103 dubitarit,
3779 5032 3883 5087 aui-

2383 5160 2462 5232 (j)
2499 5160 2617 5216 Lib.
2650 5160 2809 5216 Poni.

2408 5230 2457 5303 k)
2482 5234 2538 5287 S.
2571 5233 2733 5303 Cypri.
2760 5246 2848 5303 ep.
2880 5230 2970 5287 59.

2407 5302 2679 5381 l)_Eyse_b.
2708 5302 2846 5355 Hist.
2872 5304 3059 5381 v5.19.

2383 5372 2481 5446 (ni)
2512 5374 2570 5430 S.
2599 5372 2863 5446 Cypr.ep.
2888 5372 2978 5427 55.

2384 5445 2468 5516 (η)
2502 5447 2655 5516 Apud
2678 5445 2857 5516 euind.
2887 5458 2973 5512 ep.
3001 5445 3052 5499 8.

2384 5514 2457 5589 (ο)
2495 5514 2605 5589 “et
2629 5530 2710 5583 eP'
2738 5514 2828 5568 55°

2386 5587 2459 5658 (p)
2500 5587 2631 5641 Ibid.

2405 5656 2456 5728 q)
2496 5657 2691 5712 Euseb.
2723 5656 2859 5712 Hist.
2885 5672 2958 5717 Vl.
3000 5656 3090 5712 55.

2386 5728 2455 5871 (νς
2495 5729 2657 5801 Cypr.
2690 5729 2849 5797 epist.

2386 5803 2432 5869 (ε
2494 5800 2592 5866 ld.,
2621 5812 2706 5869 cp.
2741 5798 2830 5853 59.

2557 5839 2592 5866 .,
2622 5838 2706 5866 ηρ.
2741 5838 2830 5853 ν...
