3982 6316
29 342 182 395 993
1323 331 1595 394 ensum
1636 330 1862 387 CORM,‘
1884 335 1894 384 :
1916 332 2092 386 lANA.

38 456 202 516 eius
245 452 359 505 filio
399 452 593 519 scripta
645 450 783 519 (pag.
824 447 938 509 Ιῦἴὶ)
966 445 1276 519 ΔΙπιῑίοςιιιη
1333 457 1511 519 regem
1543 442 1665 519 Z_t_a-
1697 451 1741 508 Α
1847 445 2079 497 Vestiam
2135 448 2358 519 istarum
2389 446 2757 519 consideratio
2790 461 2884 499 nos
2914 446 3066 501 facile
3097 448 3331 519 adduce-

46 536 75 575 ι
97 512 295 583 hium,
343 512 625 575 Persarum
652 512 795 584 iugo
845 532 1073 569 excusso
1093 555 1105 577 ,
1148 512 1663 585 Constantinopolim
1772 525 1851 585 ret
1882 519 1946 566 ad
1974 514 2322 585 sacerdotalis
2349 516 2664 569 hierarchia-
2692 526 2884 568 nostra:
2914 518 3140 585 insignia
3174 518 3322 585 sigil-

48 582 393 661 profectum
420 600 475 643 et
515 582 679 661 sacro
708 582 853 661 futile
884 587 1165 661 lustratum
1197 598 1317 661 cuin
1348 582 1667 661 Christiana“:
1728 616 1733 623 ρ
1768 584 1917 661 latim
1948 584 2259 661 exponenda
2280 625 2292 644 ,
2342 595 2393 661 et
2434 602 2589 661 voces
2622 586 2916 661 plurimas,
2940 582 3059 661 qua}
3089 582 3333 661 barbara:

58 650 344 730 i'eligtoni
383 674 573 730 neuneu
621 656 855 730 dedisset
905 655 1157 730 donatum
1196 650 1370 730 fuisse
1414 669 1430 700 ι
1457 650 1668 730 ’(Ιὶράθ-
1768 650 2096 730 videntur-Vin
2122 656 2427 730 Anastasio,
2462 656 2553 708 sed
2584 650 2876 730 c'fomihus
2906 650 3153 707 indicatis
3183 656 3329 730 Glae-

56 718 240 781 unat'e
294 729 439 798 regio
472 741 619 779 more
647 724 917 798 Romano,
964 721 1243 790 chlamyde
1287 720 1402 798 alba
1457 718 1663 798 holose-

1778 723 2127 798 co-llumanis
2147 723 2398 798 (letluctze
2415 734 2558 785 sunt,
2572 725 3208 798 ‘exponemlasunempe
3225 723 3331 798 Pag-

58 804 230 858 tica,
266 789 380 875 υτον
402 795 931 875 purpureoclztvunr
969 806 1188 875 aurctun
1233 790 1434 869 regium
1466 789 1668 867 liahen-
1769 793 2023 875 ﬁngendas
2046 830 2061 855 ,
2094 792 2526 875 de‘Crgsorluvo.
2562 789 2845 860 Pcriclysin
2875 794 2937 845 de
2966 789 3336 875 Sittiana-ignita

65 880 169 929 Ie,
194 859 353 932 cujus
379 859 431 918 in
457 859 630 917 medio
654 863 881 932 sigillum
907 861 1005 913 fuit
1028 859 1296 932 ᾳτηδὰριον
1326 859 1667 932 imperatoris
1772 859 1956 932 Tyrio,
2006 871 2095 912 aut
2120 863 2207 932 _¢le
2257 859 2415 932 blatta
2466 859 2746 929 Byzuntea’
2781 865 2961 929 (num.
2990 862 3093 915 468
3113 902 3143 925 ,η
3173 861 3331 932 469).

48 926 294 989 διίδιὶιῖί
364 948 670 1001 expressam
703 926 969 985 'referens
1032 926 1337 1001 imaginem.
1408 926 1667 1001 Tunicam
1769 926 2081 1001 (έὲμςρειηινριΔ
2106 929 2443 1001 Cammadius
2474 926 2536 983 αξ
2578 926 2922 999 ωινῃδοὲιιηό
2956 932 3141 999 (num.
3174 930 3333 1000 416).

66 1021 314 1072 quoque
343 995 515 1055 albam
548 1002 924 1072 paragaudiam
960 1018 979 1050 ι
1005 995 1349 1068 uapor/«03w?
1390 998 1666 1072 ar‘rzdptov

1778 997 1945 1072 Pallia
1996 999 2236 1072 (tolerent
2281 1000 2468 1072 Μίκωνα
2524 1017 2639 1051 cum
2676 995 2877 1072 tubulis
2915 995 3043 1072 cura
3084 1002 3241 1072 tectis
3272 995 3335 1052 de

70 1068 259 1139 tinam
289 1072 481 1125 eruditi
514 1068 756 1123 notarum
799 1070 1032 1123 editores
1060 1072 1305 1134 probant,
1354 1068 1669 1139 ex_b‘in_ione
1772 1069 2062 1139 chlamyde,
2087 1069 2166 1121 vel
2196 1068 2257 1121 de
2284 1069 2415 1120 stola
2448 1068 2703 1139 imperiali
2736 1070 2916 1136 (tlttllt.
2946 1069 3044 1137 85)
3076 1078 3129 1121 et
3155 1070 3339 1137 hujus-

77 1134 586 1197 1‘hcssalonicensi.
638 1154 757 1192 esse
802 1142 962 1192 etiam
1006 1145 1213 1207 vestem
1260 1134 1668 1207 sacerdotalem,
1770 1138 1913 1191 modi
1946 1134 2155 1207 plures.
2203 1139 2244 1189 Α
2300 1134 2537 1191 vestibus
2587 1134 2777 1190 deinde
2827 1134 3242 1204 procederemus
3270 1139 3339 1191 ad

74 1224 149 1265 et
182 1228 255 1263 ex
287 1210 553 1263 Trebellio
577 1209 811 1261 Pollione
841 1209 892 1259 iu
916 1206 1160 1279 Claudio.
1199 1204 1523 1279 Parthicam,
1550 1218 1671 1271 quae

1778 1222 1896 1259 vasa
1928 1204 2066 1279 sacri
2112 1207 2431 1270 ministerii,
2476 1208 2615 1276 apud
2642 1207 2983 1279 Anastasium
3017 1207 3220 1279 pariter
3250 1221 3342 1279 oc-

3223 338 3325 392 995

80 1282 227 1333 Iuris
277 1280 455 1332 aureis
503 1276 959 1346 succingebatur).
1006 1294 1023 1325 ι
1062 1275 1314 1346 gestabat
1353 1274 1531 1346 aureis
1576 1287 1671 1339 pro

52 1365 252 1401 .murc
283 1350 428 1416 regio
455 1348 617 1399 clavis
645 1343 978 1416 adornatam,
1011 1354 1063 1398 et
1090 1343 1220 1411 ipsis
1245 1343 1405 1416 etiam
1439 1343 1673 1416 impera:

78 1420 234 1471 toris
262 1410 489 1486 efﬁgiem
518 1415 1005 1486 przcsel'erentihus.
1060 1433 1077 1463 ι
1113 1410 1318 1465 Aureus
1365 1410 1668 1486 hujusmodi

81 1490 283 1541 clavos
331 1483 425 1540 scit
474 1483 665 1538 liinbos
714 1485 906 1536 tunicis
953 1491 1162 1536 assutos
1195 1498 1290 1549 pro
1331 1483 1475 1549 regio
1524 1495 1674 1533 more

82 1557 367 1624 f‘pisCOplS
396 1556 741 1621 diaconisque
771 1563 821 1624 et
851 1553 1191 1624 subdiaconis
1222 1558 1339 1624 post
1376 1550 1672 1624 oblationes

84 1620 405 1693 principum
477 1624 545 1677 ab
612 1620 851 1677 Ecclesia
899 1622 1134 1688 adjectos
1196 1620 1398 1693 regium
1451 1620 1667 1693 _Christi

86 1690 335 1761 Signum,
367 1710 494 1747 crux
542 1693 774 1751 scilicet.
821 1708 851 1743 α
895 1708 997 1759 qua
1042 1691 1293 1758 regnavit,
1324 1690 1669 1761 condecorat,

1771 1276 2044 1337 curentia,
2076 1293 2222 1328 antas
2251 1274 2525 1343 argenteus
2550 1286 2594 1328 et
2626 1293 2832 1339 aurea‘,
2871 1274 3055 1344 gabam
3087 1274 3338 1328 electriuu

1774 1347 1951 1412 (num.
1978 1346 2077 1414 83)
2099 1386 2112 1407 ,
2148 1360 2389 1398 coronam
2419 1347 2619 1412 phurmt
2653 1356 2770 1397 ante
2800 1346 2965 1397 uitare
3001 1348 3183 1414 (imm.
3213 1344 3279 1396 64
3300 1348 3336 1405 ),

1772 1414 1990 1467 Crucem
2023 1413 2307 1481 Diacopton
2341 1416 2520 1482 (Imm.
2552 1414 2693 1481 366)
2742 1424 2796 1465 et
2822 1415 3034 1467 similia.
3079 1413 3183 1467 Sed
3211 1428 3341 1465 cou-

1776 1486 2030 1537 trahenda
2060 1494 2181 1536 sunt
2225 1484 2367 1543 vela,
2422 1483 2824 1551 neopnsculum
2876 1485 3127 1536 reddatur
3149 1484 3336 1535 obser-

1774 1555 2047 1606 vationum
2099 1554 2398 1620 inpendis,
2449 1563 2501 1605 et
2547 1569 2610 1604 ex
2662 1552 3048 1621 prolegomeuis
3083 1562 3343 1605 tractatus

1776 1624 2157 1692 procudantur.

1847 1695 2100 1744 Chartam
2131 1695 2309 1759 itaque
2340 1690 2643 1744 donationis
2672 1690 2940 1759 proferam
2970 1691 3167 1743 additis
3198 1690 3341 1743 inter

84 1756 217 1829 jure
250 1764 468 1837 praelata
503 1762 824 1837 imaginibus
856 1756 1384 1837 Augustoruiu,‘qn:c
1412 1758 1460 1810 in
1486 1756 1677 1837 Lazio-
1711 1780 1749 1837 B
1781 1778 1945 1837 uncos
1971 1756 2413 1837 castigatiunibus
2440 1777 2558 1829 (Illi!)
2588 1762 2639 1811 in
2673 1756 3013 1837 Bibliotheca
3038 1760 3338 1837 iiarberina

96 1827 219 1885 rum
251 1827 394 1901 regis
430 1827 892 1901 tunica'Justinus
928 1827 1123 1901 aliique
1169 1827 1436 1897 prim-ipes
1482 1844 1531 1879 III
1566 1829 1676 1879 suis

90 1900 343 1955 clnuariis
371 1904 435 1953 ad
468 1904 751 1953 funleratos
800 1900 978 1952 missis
1007 1901 1419 1966 impresserant;
1454 1912 1573 1949 cum
1622 1905 1677 1949 et

72 1972 197 2037 ipsi
260 1972 526 2040 Augusti,
579 1967 1421 2040 exemploﬂconstantini7edocti
1453 2005 1466 2028 ,
1523 1966 1678 2034 regia:

92 2041 251 2092 stola:
292 2036 403 2093 sua:
433 2038 783 2106 imposuerint
821 2038 1057 2091 divinum
1104 2036 1301 2090 Christi
1341 2050 1680 2106 monogram-

96 2126 183 2188 nia
222 2149 236 2188 ε
282 2104 573 2188 videndum
616 2109 666 2160 in
718 2107 970 2188 pectorali
1019 2114 1336 2188 ornamento
1378 2104 1570 2159 Justini
1613 2120 1678 2157 ac

92 2177 390 2230 Justiuiani
425 2175 835 2230 numismatibus
864 2175 1205 2244 insculptum.

100 2377 734 2407 ~_-—___

1782 1832 2031 1901 leguntur
2064 1832 2266 1901 ,parliut
2318 1832 2616 1899 impressa),
2667 1839 2720 1882 et
2752 1831 3114 1901 hasrrotundo‘
3148 1830 3343 1901 chara-

1781 1898 1927 1954 ctere
1973 1898 2334 1970 typographus
2376 1898 2672 1970 exprimet;
2736 1900 2927 1966 partim
2980 1898 3241 1970 aScriptae'
3269 1899 3337 1949 ab

1780 1969 2195 2036 eruditoaliquo
2221 1970 2337 2022 viro
2359 2009 2372 2028 ,
2423 1969 2666 2021 fortassis
2693 1970 2759 2019 ab
2792 1970 2904 2036 ipso
2934 1969 3186 2020 Suaresio
3205 2006 3219 2029 ,
3275 1976 3329 2036 et

1780 2040 1877 2093 has
1905 2035 2148 2107 obliquo.
2199 2055 2291 2093 seu
2323 2040 2553 2103 corsivo,
2599 2049 2657 2091 ut
2698 2037 2878 2091 ltalice
2926 2046 3152 2102 vocant,
3194 2035 3343 2089 reddi

1781 2112 2002 2164 curabo.

738 2370 3332 2401 MM

1172 2549 1565 2628 CHARTA
1620 2545 2306 2625 CORNU'I'IANA.

170 2900 465 2969 Exemplar
494 2898 812 2951 authenticze
838 2898 1058 2960 chartae,
1104 2895 1245 2949 unde
1274 2895 1524 2964 colligere
1553 2909 1670 2948 eam

102 2993 397 3062 potuimus,
428 2989 667 3043 ecclesiae
695 2987 1053 3053 Cornutianm,
1091 2986 1368 3049 videlicet,
1414 2996 1470 3038 ut
1497 2986 1676 3038 divino

1778 2894 1985 2961 apsida,
2012 2902 2065 2947 et
2091 2894 2155 2947 de
2182 2890 2476 2961 pan‘etibus
2500 2890 2628 2960 ipsis
2656 2902 2752 2959 per
2778 2903 2983 2959 sepem,
3011 2903 3130 2958 qua:
3161 2889 3347 2944 hortos

1783 2981 2197 3049 inquilinorun'i,
2250 2982 2339 3049 qui
2371 2981 2421 3033 in
2451 2979 2709 3033 Praetorio
2734 2987 3106 3044 commanent,
3143 2978 3353 3032 videtur

104 3084 407 3138 ministerio
433 3078 691 3146 subjecti,
738 3086 1125 3147 competentem
1158 3076 1363 3145 possint
1384 3085 1437 3129 et
1468 3076 1533 3129 de
1561 3075 1678 3128 loco
1706 3107 1749 3168 C
1782 3070 2028 3135 munire,
2076 3085 2193 3138 qua:
2237 3070 2380 3138 scpis
2408 3069 2682 3122 descendit
2726 3080 2822 3137 per
2872 3080 3051 3135 regam
3106 3077 3232 3119 ante
3279 3068 3347 3119 ad

102 3175 193 3227 cui
234 3173 475 3227 serviunt
519 3172 715 3224 habere
759 3170 1138 3224 substantiam.
1170 3168 1315 3221 lllico
1345 3180 1557 3235 quoque
1586 3166 1681 3218 dc-

104 3276 302 3317 eorum
348 3267 599 3329 putamus
651 3265 710 3310 ut
738 3257 1089 3311 luminaribus
1139 3255 1392 3324 templum
1441 3254 1677 3322 quotidie

106 3354 307 3407 divina:
333 3350 606 3420 religionis
638 3357 877 3413 ornetur,
908 3357 965 3402 et
994 3349 1366 3416 ingruentibus
1405 3361 1514 3414 pra:
1544 3355 1679 3398 tem-

108 3454 305 3510 parum
335 3438 658 3507 prolixitate,
684 3437 815 3490 artis
847 3436 1096 3505 (sartum)
1127 3446 1350 3497 tectum,
1379 3434 1678 3502 reparatio-

108 3534 281 3599 uique
326 3536 569 3597 sumptus
613 3527 716 3581 hoc
763 3536 947 3581 nostro
992 3542 1213 3580 munere
1239 3526 1464 3580 collatus
1492 3526 1680 3578 deesse

108 3640 218 3676 non
270 3624 452 3692 possit.
516 3622 720 3688 Quibus
778 3624 938 3677 rebus
998 3637 1261 3692 congruas
1326 3633 1679 3689 procuramus

106 3726 400 3779 expensas,
432 3721 489 3763 ut
516 3710 831 3779 obsequium
866 3720 1107 3764 nostrum
1145 3710 1311 3778 possit
1337 3709 1674 3778 propitiatio-

108 3818 235 3855 nem
264 3801 553 3854 divinitatis
590 3801 805 3855 mereri.
845 3799 958 3867 Qua
1002 3800 1431 3854 consideratione
1464 3813 1678 3868 permo-

107 3906 218 3955 tus,
272 3891 466 3960 largior
492 3901 674 3946 tenore
718 3893 996 3961 prznsentis
1026 3895 1231 3963 pagina:
1259 3891 1499 3946 ecclesia:
1542 3890 1679 3944 Cor-

106 3982 397 4035 inuitancnsi
427 3996 615 4036 massae
652 3980 789 4049 juris
820 3983 989 4036 nostri
1020 3998 1049 4034 a
1081 3998 1168 4035 me
1203 3982 1316 4051 ipso
1366 3981 1462 4035 Dei
1492 3981 1677 4035 favore

105 4082 158 4125 et
179 4071 458 4138 juvamine
487 4072 818 4135 constituta},
848 4081 1007 4141 atque
1030 4071 1263 4126 fundata:
1283 4112 1297 4137 ,
1328 4071 1379 4125 id
1430 4080 1514 4125 est
1552 4069 1674 4123 fun-

104 4162 240 4213 dum
269 4168 544 4227 paternum
564 4198 581 4223 ,
626 4158 899 4212 Maranum
919 4199 934 4224 ,
984 4158 1202 4213 fundum
1230 4168 1464 4229 montem
1499 4169 1680 4227 pater-

102 4264 269 4308 num,
305 4247 526 4301 fundum
554 4264 733 4302 casam
766 4248 978 4312 Martis,
1024 4248 1244 4301 fundum
1282 4256 1551 4318 vegelem,
1583 4247 1676 4316 qui

102 4347 188 4389 est
220 4352 345 4391 casa
372 4336 651 4404 Projectici
671 4378 685 4399 ,
735 4347 789 4391 et
820 4337 1039 4392 fundum
1069 4337 1389 4390 Batilianum
1418 4338 1675 4407 (excepta

102 4427 343 4497 sigillosa
372 4428 476 4482 filia
502 4429 808 4494 Anastasii,
838 4438 892 4484 et
918 4429 1043 4483 Pice
1072 4430 1091 4497 (
1109 4430 1211 4481 imo
1238 4430 1419 4497 picae)
1448 4428 1674 4484 Colono-
1702 4443 1753 4503 ι)

102 4532 257 4576 rum,
300 4532 458 4585 quam
502 4517 607 4585 juri
673 4527 856 4571 nostro
910 4517 1227 4571 retinuimus
1276 4525 1434 4584 atque
1477 4517 1676 4573 retine-

102 4604 267 4669 mus).
301 4602 579 4659 Provincia
610 4606 779 4659 Picini
813 4604 1049 4675 (Piceni)
1078 4605 1361 4659 Tiburtino
1393 4606 1669 4662 territorio

100 4694 448 4757 constitutos,
474 4711 621 4763 parm
648 4711 710 4749 ac
737 4697 953 4749 directa:
997 4694 1339 4750 liberalitatis
1367 4694 1521 4750 titulo
1544 4709 1671 4764 pos-

99 4785 356 4838 sidendos
384 4800 504 4839 cum
533 4787 781 4841 omnibus
808 4787 874 4840 ad
908 4802 965 4841 se
998 4787 1421 4856 pertinentibus,
1466 4798 1521 4844 et
1546 4804 1669 4844 cum

99 4875 249 4927 omni
289 4873 410 4940 jure
455 4876 715 4930 instructo
743 4885 907 4945 atque
939 4878 1296 4931 instrumento
1344 4893 1472 4939 suo,
1528 4878 1670 4934 sicut

101 4964 220 5031 ipse
251 4964 529 5031 possideo,
579 4980 700 5018 cum
727 4966 871 5020 omni
898 4966 1105 5021 scilicet
1130 4980 1296 5020 onere
1320 4966 1668 5034 professionis

98 5069 244 5118 suae,
293 5054 375 5108 vel
421 5056 778 5119 necessitate,
826 5072 986 5124 quam
1034 5065 1239 5110 certum
1285 5066 1367 5110 est
1412 5055 1667 5112 formesia

99 5142 429 5211 (formensia)
456 5143 654 5211 prsidia
683 5144 967 5199 sustinere.
1011 5144 1284 5197 Donamus
1304 5144 1467 5197 etiam
1491 5144 1665 5199 eidem

96 5230 343 5284 ecclesia:
372 5236 539 5284 solum
568 5232 622 5285 in
648 5246 755 5301 quo
779 5234 1070 5286 constituta
1096 5240 1207 5295 est,
1236 5246 1355 5285 cum
1379 5247 1504 5287 area
1532 5248 1627 5287 sua
1649 5272 1665 5299 ,

96 5327 152 5373 et
181 5335 208 5369 a
240 5318 480 5386 przedicti
511 5319 751 5372 Przetorii
778 5320 899 5390 jure
925 5334 1260 5389 separamus,
1291 5330 1344 5373 et
1370 5320 1437 5373 ad
1468 5321 1667 5375 facien-

95 5412 196 5463 dos
246 5411 428 5465 hortos
478 5411 561 5465 vel
614 5411 918 5466 habitacula
979 5411 1195 5467 clericis
1249 5412 1667 5481 custodibusque

97 5497 378 5565 largimur,
422 5498 473 5552 id
500 5509 583 5555 est
613 5516 643 5554 a
672 5516 801 5555 cava
829 5516 1007 5564 arcus,
1039 5502 1129 5571 qui
1158 5500 1385 5555 mittitur
1412 5504 1479 5556 ad
1518 5502 1664 5556 Prae-

96 5588 317 5650 torium,
340 5595 394 5641 et
410 5589 603 5643 deinde
624 5605 721 5658 per
744 5590 994 5659 parietes,
1018 5591 1109 5660 qui
1133 5599 1319 5645 contra
1347 5590 1662 5647 Praetorium

98 5676 386 5733 redeuntes
431 5693 609 5734 arcam
659 5680 897 5736 ecclesite
949 5681 1238 5746 claudunt,
1300 5698 1467 5750 usque
1517 5691 1663 5737 trans

1781 3163 1919 3215 viam
1950 3176 2170 3223 cavam,
2222 3162 2334 3213 sive
2368 3159 2433 3213 ad
2475 3158 2706 3223 Torum,
2756 3174 2875 3228 qua:
2906 3158 3041 3211 redit
3080 3173 3249 3227 usque
3278 3158 3343 3211 ad

1780 3267 1965 3305 arcum
1998 3266 2157 3319 supra
2187 3251 2477 3319 scriptum;
2531 3259 2590 3301 ut
2622 3248 2761 3302 inter
2794 3262 2975 3317 sepem
3002 3256 3055 3300 et
3097 3248 3233 3301 viam
3267 3264 3356 3301 ca-

1780 3359 1900 3397 vam
1929 3354 2047 3413 post
2075 3344 2295 3412 apsida,
2342 3340 2632 3410 supradicti
2682 3340 2862 3394 clerici
2912 3341 3097 3393 hortos
3138 3340 3350 3408 possint

1781 3433 1999 3487 habere.
2045 3431 2309 3485 Praeterea
2337 3431 2523 3484 eadem
2568 3429 2814 3500 largitate
2838 3428 3004 3482 offero
3030 3428 3248 3490 fundos,
3300 3428 3352 3481 id

1780 3532 1862 3578 est
1891 3522 2109 3575 fundum
2139 3521 2487 3575 Callicianum
2516 3560 2530 3585 ,
2558 3535 2738 3574 casam
2768 3535 2981 3585 novam,
3011 3535 3189 3573 casam
3219 3518 3350 3573 Pra-

1781 3613 1853 3676 ti,
1897 3625 2075 3665 casam
2106 3610 2359 3671 Marturi,
2388 3624 2568 3663 casam
2608 3608 2861 3678 Crispini,
2892 3608 3115 3662 fundum
3164 3608 3348 3663 Boari-

1779 3715 1922 3764 cum,
1950 3710 2003 3752 et
2027 3714 2203 3753 casam
2232 3712 2471 3765 pressam
2496 3699 2547 3751 in
2575 3699 2848 3765 provincia
2875 3697 3039 3752 Picini
3068 3699 3350 3752 Tiburtino

1780 3789 2051 3843 territorio
2076 3788 2414 3841 constitutos.
2449 3786 2676 3840 Retiueo
2706 3802 2860 3841 usum
2896 3788 3128 3840 fructum
3154 3788 3207 3840 in
3240 3787 3348 3841 vita

1780 3896 1921 3945 mea,
1979 3880 2152 3935 eidem
2186 3878 2437 3932 Ecclesia:
2467 3877 2745 3931 catholica:
2774 3878 3161 3947 proprietatem
3192 3876 3351 3943 hujus

1777 3972 2021 4040 epistolae
2053 3971 2337 4041 largitione
2377 3969 2766 4033 transcribens,
2818 3983 2881 4023 ea
2913 3970 3026 4037 lege
3072 3979 3123 4022 et
3168 3968 3353 4023 condi-

1780 4062 1924 4115 tione
1947 4102 1960 4125 ,
2012 4071 2072 4114 ut
2097 4076 2218 4113 cum
2250 4060 2413 4113 etiam
2439 4058 2643 4113 fructus
2671 4067 2793 4128 post
2819 4058 3022 4113 obitum
3050 4074 3227 4113 meum
3260 4073 3351 4113 ca-

1775 4165 1903 4219 pere
1932 4150 2182 4219 coaperit,
2237 4163 2301 4203 ac
2343 4148 2557 4203 sibimet
2583 4146 2886 4212 vindicare;
2938 4162 3042 4201 non
3070 4148 3239 4202 solum
3266 4162 3352 4202 so-

1777 4239 2005 4293 lemnem
2032 4240 2188 4294 modo
2213 4246 2467 4307 agnoscat
2489 4237 2747 4291 fiscalium
2776 4236 3127 4300 functionem,
3153 4253 3341 4291 verum

1776 4328 1935 4379 etiam
1968 4328 2405 4395 propagationem
2438 4326 2764 4390 formarum,
2815 4341 2933 4395 quae
2985 4326 3052 4379 ab
3093 4325 3345 4379 omnibus

1778 4418 2011 4473 dominis
2058 4418 2360 4488 hujusmodi
2405 4418 2728 4489 praediorum
2784 4417 3009 4487 dependi
3051 4418 3349 4473 coiisuevit.

1780 4509 2034 4577 lmpendo
2056 4518 2336 4580 argentum
2356 4524 2570 4579 quoque
2608 4510 2675 4564 ad
2715 4519 2964 4563 ornatum
2994 4508 3231 4575 ejusdem
3261 4523 3349 4563 ec-

1779 4598 1979 4662 clesiae,
2008 4598 2090 4652 vel
2115 4598 2487 4652 celebritatem
2515 4600 2867 4668 suprascripti
2893 4599 3135 4668 mysterii
3165 4612 3349 4652 sacro~

1776 4689 1983 4754 sancti,
2009 4688 2063 4742 in
2093 4689 2178 4743 his
2214 4689 2420 4743 scilicet
2444 4690 2749 4757 speciebus,
2792 4689 2842 4742 id
2865 4698 2949 4743 est
2979 4698 3227 4757 patenam
3260 4703 3351 4741 ar-

1776 4787 2067 4847 genteam,
2096 4777 2342 4832 'calicem
2388 4788 2701 4849 argenteum
2751 4778 3008 4846 majorem
3054 4793 3102 4841 ι,
3149 4777 3350 4831 calices

1779 4876 2061 4936 argenteos
2087 4868 2321 4923 minores
2350 4883 2419 4931 ιι,
2449 4882 2675 4921 urceum
2710 4876 3044 4935 argenteum,
3069 4867 3345 4922 hamulam

1773 4958 2119 5019 oblatoriam,
2152 4958 2361 5021 colum,
2413 4959 2891 5024 thimiamatorion,
2921 4959 3181 5027 pharum,
3213 4973 3345 5011 can~

1773 5046 1986 5102 tharum
2017 5057 2326 5117 argenteum
2372 5062 2494 5102 cum
2522 5048 2726 5102 catenis
2770 5056 2826 5101 et
2864 5047 3128 5116 delphinis
3174 5063 3341 5109 xvm,

1772 5154 2002 5194 coronas
2024 5148 2306 5207 argenteas
2334 5153 2385 5193 iv
2407 5177 2421 5202 ,
2467 5153 2588 5192 cum
2620 5136 2882 5193 catenulis
2912 5137 3023 5191 suis
3050 5145 3106 5190 et
3134 5135 3345 5206 delphi-

1772 5231 1858 5286 nis
1884 5245 1976 5284 viu
1998 5270 2014 5295 ,
2044 5230 2330 5285 cicindelas
2354 5239 2638 5301 argenteas
2681 5245 2714 5285 v
2760 5244 2881 5284 cum
2914 5228 3176 5284 catenulis
3204 5229 3337 5285 suis.

1775 5321 2057 5377 Stantarea
2111 5321 2429 5396 (emaa'zpm)
2468 5330 2751 5390 argentea,
2797 5329 2854 5375 et
2900 5320 2954 5377 in
3004 5317 3342 5376 confessione

1772 5419 1949 5465 ostrea
1978 5418 2231 5479 argentea
2264 5427 2321 5475 ιι,
2349 5426 2472 5465 cum
2496 5410 2633 5465 clavi
2660 5426 2756 5467 sua
2783 5426 2797 5462 :
2836 5424 2957 5479 qua:
2985 5422 3179 5469 omnes
3209 5421 3333 5476 spe-

1773 5500 1883 5554 cies
1907 5508 2214 5569 appensataa
2241 5499 2437 5555 habent
2467 5501 2533 5555 ad
2560 5510 2819 5556 stateram
2850 5499 3095 5554 urbicam
3135 5497 3339 5566 argenti

1772 5595 1951 5663 pondo
1981 5592 2368 5663 quinquaginta
2397 5604 2629 5666 quatuor
2654 5596 2857 5649 uncias.
2887 5593 3108 5663 Septem
3139 5592 3340 5661 pharos

1773 5698 1976 5737 :ercos:
2010 5682 2142 5735 duos
2169 5682 2428 5739 habentes
2466 5684 2748 5755 delphinos
2778 5694 3000 5739 octonos
3044 5692 3097 5738 et
3126 5682 3339 5736 hermo—
