3982 6316
620 352 727 415 ω,

1373 353 1462 408 AD
1500 330 1939 406 axasrasm'u
1977 339 2490 405 PROLEGOMENA'
2530 349 2706 405 EDIT.
2744 350 3158 407 non-varie.

3792 334 3877 405 seis

610 469 748 524 r'as:
780 464 1072 523 cantharos
1093 478 1264 520 aereos
1304 461 1538 530 majores
1568 476 1683 527 εει,
1718 461 1954 516 minores
1982 477 2055 515 ιιι
2075 501 2091 524 ,
2139 468 2193 513 et
2224 467 2267 520 Α
2299 476 2419 513 cum
2452 461 2614 531 (quod
2642 461 2803 528 absit)
2834 442 3141 517 obser'vatio
3165 462 3452 533 cultusque
3477 464 3750 520 ecclesia
3768 465 3877 519 (Iar-

629 556 740 612 lilia
765 569 904 611 aerea
933 570 1008 623 ιι,
1052 563 1107 609 et
1129 553 1390 609 stantaria
1419 551 1737 624 (στηδὰρια)
1763 565 1901 605 :nrea
1932 567 2052 629 xui,
2096 564 2194 604 nec
2240 566 2245 575 ·

615 660 724 701 non
770 652 828 699 et
871 642 925 698 in
972 641 1150 714 palliis
1196 640 1418 711 pallium
1469 639 1828 693 holosericum
1888 637 2192 707 agnaphum

620 734 965 793 auroclavum
995 749 1035 789 ι.
1085 733 1217 788 Item
1264 731 1484 802 pallium
1514 728 1871 784 holosericum
1923 729 2185 798 tetrapho-

619 841 743 881 rum
788 841 840 890 t,
910 822 1194 880 mafortem
1248 821 1693 886 tramosericnm,
1764 805 2191 875 rhodomelinum

620 915 939 991 aquilatum.
984 914 1118 970 Item
1167 910 1451 968 mafortem
1480 926 1511 966 e
1557 910 1968 980 teleoporphyro
1994 918 2196 964 tramo—

615 1009 847 1064 sericum
872 1022 1007 1077 opus
1032 1006 1329 1070 marinum;
1365 1004 1494 1059 item
1523 1003 1688 1056 alium
1738 1001 2000 1074 (pallium)
2034 1000 2206 1057 Ιιοιο-Δ

618 1100 854 1157 sericum
901 1099 1178 1154 inritatum
1226 1095 1623 1169 (luricatum);
1674 1095 1896 1165 pallium
1942 1093 2198 1149 Cassioti-

617 1206 779 1255 cum,
845 1189 975 1245 item
1018 1188 1239 1259 pallium
1282 1186 1481 1242 lineum
1531 1183 1947 1255 Aquitanicum,
1994 1191 2049 1238 et
2089 1182 2194 1267 alia

617 1279 778 1349 pallia
809 1279 951 1346 linea
977 1285 1227 1346 quatuor.

695 1366 764 1420 Et
792 1380 891 1436 pro
920 1380 1029 1421 ara:
1056 1380 1154 1420 ora
1172 1403 1188 1429 ,
1232 1363 1351 1419 vela
1377 1363 1728 1419 tramoserica
1757 1362 1877 1417 alba
1908 1360 2193 1416 auroclava

621 1472 682 1521 ιι,
708 1457 829 1512 vela
856 1456 1054 1512 blattea
1082 1456 1365 1512 auroclava
1389 1457 1752 1526 paragaudata
1786 1471 1845 1519 ιι,
1897 1455 2014 1509 vela
2046 1453 2195 1509 holo-

618 1548 794 1605 serica
824 1548 944 1604 alba
969 1547 1255 1602 auroclava
1300 1548 1640 1617 orthopluma
1666 1561 1704 1599 ιι
1726 1550 1759 1611 ,’
1792 1545 1909 1601 vela
1934 1551 2196 1599 tramose—

622 1639 735 1694 rica
764 1638 1224 1710 prasinOpurpura
1253 1654 1313 1703 ιι,
1364 1638 1481 1693 vela
1528 1637 1874 1693 tramoserica
1907 1636 2193 1691 lencorho-

621 1733 748 1787 dina
795 1747 872 1797 ιι,
922 1731 1040 1786 vela
1086 1729 1433 1786 tramoserica
1480 1729 1905 1800 leucoporphyra
1954 1744 2027 1791 ιι,
2076 1726 2194 1783 vela

2298 551 2631 605 nutianensis
2663 553 2909 607 videatur
2932 553 3201 619 occidere,
3234 563 3291 607 ut
3319 554 3494 623 legem
3525 564 3586 610 et
3621 556 3875 610 conditio-

2297 657 2417 696 nem
2447 658 2701 712 ponerem
2731 643 3007 699 donationi
3055 659 3222 708 meae,
3272 660 3342 699 ne
3376 622 3643 715 unquam
3678 648 3877 703 cnililrt
3952 622 3953 679 Ῑ

2296 731 2591 785 antistitum
2615 732 3053 801 presbyterorum
3081 733 3297 788 sibimet
3325 733 3780 795 succedentium,
3811 740 3878 788 rd

2294 820 2615 876 clericorum
2642 821 2935 891 quidquam
2963 836 3032 876 ex
3076 822 3162 877 his
3184 823 3427 892 pradiis,
3460 824 3550 878 vel
3576 825 3783 889 hortis,
3806 828 3876 879 vr!
3952 814 3953 879 Ῑ

2294 908 2576 977 speciebus
2606 911 2910 980 argenteis,
2943 925 3041 965 seu
3084 912 3326 967 vestibus
3371 926 3405 966 a
3434 927 3525 966 me
3555 928 3731 982 supra
3757 914 3874 968 desk

2294 997 2488 1068 gnatis,
2520 996 2757 1052 alienare
2800 998 2852 1052 in
2879 998 3038 1055 aliam
3065 999 3306 1068 quolibet
3353 1000 3517 1055 titulo
3548 1017 3795 1071 unquam
3822 1002 3872 1055 li-

2294 1095 2436 1153 ceat,
2485 1096 2579 1141 aut
2605 1098 2751 1142 certe
2778 1089 2879 1143 sub
2905 1090 3189 1144 occasione
3216 1091 3602 1146 cultusdivini
3654 1093 3725 1146 ad
3754 1093 3872 1153 alte

2296 1180 2409 1235 rius
2432 1178 2676 1235 ecclesia:
2703 1189 2952 1235 ornatum
2982 1182 3344 1253 qualicunque
3369 1197 3442 1237 ex
3468 1185 3577 1239 hac
3606 1186 3871 1242 occasione

2295 1267 2609 1324 transferre.
2643 1268 2796 1337 Quod
2820 1271 2982 1325 etiam
3014 1271 3065 1325 in
3104 1271 3188 1326 his
3215 1273 3502 1326 observari
3536 1274 3737 1328 eadem
3760 1291 3871 1328 con-

2296 1360 2499 1415 ditione
2525 1359 2670 1422 volo,
2719 1376 2841 1430 quae
2872 1360 3052 1415 futuro
3083 1370 3322 1432 tempore
3356 1363 3567 1417 fuerint
3619 1380 3869 1434 provoca-

2299 1458 2442 1513 tione
2469 1465 2665 1512 nostrzc
2688 1456 2989 1512 devotionis
3017 1457 3223 1525 adjecta
3242 1500 3255 1523 ,
3307 1460 3577 1528 quoniam
3624 1460 3871 1531 largitatis

2296 1546 2496 1603 nostra:
2520 1549 2800 1617 przesentis
2826 1559 3137 1619 perpetuam
3183 1550 3423 1619 praefata:
3447 1550 3713 1605 Ecclesia
3734 1554 3871 1621 cupis

2296 1640 2569 1707 pertinere
2594 1640 2971 1695 substantiam.
2999 1640 3153 1706 Quod
3181 1640 3225 1694 si
3250 1642 3557 1710 quidquam
3586 1642 3657 1695 de
3685 1643 3866 1695 aliena-

2299 1730 2445 1785 tione
2491 1745 2519 1783 a
2564 1745 2651 1784 me
2699 1730 2965 1799 prohibita
3014 1728 3178 1785 fuerit
3225 1729 3362 1785 forte
3411 1740 3720 1797 tentatum,
3764 1742 3867 1787 tunc

620 1820 919 1878 holuserica
944 1820 1327 1889 coccoprasina
1356 1835 1418 1873 ιι.
1449 1819 1578 1873 Item
1623 1818 1727 1873 alia
1751 1827 2005 1887 paratura
2043 1818 2194 1872 holo-
2222 1828 2267 1887 Β
2297 1834 2424 1888 ego,
2478 1818 2561 1873 vel
2591 1819 2764 1873 lueres
2792 1818 3139 1888 baercdesque
3163 1819 3281 1883 sui,
3319 1818 3407 1873 vel
3442 1835 3735 1874 successor
3760 1836 3863 1875 sur-

622 1910 797 1964 serica
843 1908 960 1963 vela
1006 1907 1209 1963 blattea
1257 1907 1542 1962 auroclava
1590 1908 1929 1977 orthopluma
1959 1923 2032 1972 ιι,
2080 1907 2200 1963 vela

624 1999 976 2057 tramoserica
1032 1997 1269 2069 aquilata
1325 2000 1703 2070 coccoprasina
1771 2015 1854 2065 ιι,
1921 2000 2037 2054 vela
2088 2008 2201 2053 tra-

623 2090 891 2146 moserica
935 2088 1259 2144 holohlattea
1306 2105 1379 2154 ιι,
1451 2088 1570 2145 vcla
1614 2089 1841 2143 loricata
1902 2090 2198 2161 (luricata)

629 2179 1103 2250 melinoporphyra
1131 2179 1387 2233 uncinata
1414 2179 1540 2244 duo,
1582 2180 1699 2234 vela
1722 2178 2022 2235 holoserica
2050 2181 2205 2235 holo—

622 2268 767 2324 blata
793 2284 855 2336 ιι,
880 2269 999 2324 vela
1020 2269 1294 2341 apoplacia
1321 2271 1621 2341 (apoblacia
1652 2271 1766 2325 sive
1791 2274 1859 2326 ad
1881 2271 2195 2342 ploblatea);

625 2360 1011 2429 coccoprasina
1067 2359 1363 2414 cancellata
1421 2359 1658 2415 rosulata
1703 2361 1838 2426 duo;
1906 2361 2034 2415 item
2080 2359 2199 2414 vela

624 2447 945 2518 aploblattea
991 2448 1373 2519 coccoprasina
1416 2450 1735 2503 cantharata
1785 2464 1839 2503 ν.
1908 2449 2043 2505 ltcm
2095 2450 2199 2504 alia

624 2547 906 2609 paratura,
953 2538 1072 2594 vela
1122 2539 1261 2595 linea
1308 2539 1597 2595 auroclava
1644 2539 1925 2594 clavatura
1971 2541 2200 2610 quadra,

624 2629 731 2683 duo
791 2626 910 2682 vela
977 2626 1121 2684 linea
1171 2628 1458 2683 auroclava
1506 2623 1868 2699 paragaudaia
1927 2629 2201 2684 clavatura

625 2715 855 2771 rotunda
880 2732 943 2783 ιι,
974 2716 1091 2772 vela
1120 2716 1260 2772 linea
1283 2718 1647 2786 paragaudata
1674 2716 1893 2772 Persica
1921 2717 2197 2772 clavatura

624 2808 987 2866 coccomelina
1013 2809 1231 2880 prasina
1259 2825 1320 2875 ιι,
1362 2808 1479 2864 vela
1508 2808 1649 2865 linea
1678 2811 2038 2880 paragaudata
2067 2809 2198 2865 Per-

625 2901 740 2956 sica
771 2900 1044 2956 clavatura
1070 2899 1452 2957 leucorhodina
1478 2916 1539 2967 ιι,
1563 2900 1683 2954 vela
1714 2899 1855 2954 linea
1878 2899 2199 2955 blatoserica

624 2991 988 3065 paragaudata
1017 3008 1082 3057 ιι,
1109 2991 1224 3048 vela
1253 2991 1392 3047 linea
1422 2990 1742 3047 blatoserica
1771 2990 2110 3059 orthopluma
2136 3006 2197 3044 ιι.

623 3080 757 3135 ltem
785 3079 900 3134 vela
927 3079 1069 3134 linea
1097 3094 1231 3148 pura
1257 3095 1368 3133 xiv.
1401 3079 1533 3133 Item
1565 3088 1692 3134 ante
1738 3079 1917 3148 regias
1942 3078 2198 3145 basilicae,

2285 1922 2609 1963 ~cessoresve
2638 1906 2775 1972 mei,
2821 1907 2903 1961 vel
2933 1909 3023 1977 qui
3047 1908 3154 1962 illis
3181 1908 3437 1977 deinceps
3483 1912 3860 1971 surrexerint,

2304 2000 2555 2053 universa
2585 2014 2708 2071 quae
2739 1998 2896 2069 hujus
2925 1998 3230 2052 donationis
3259 2006 3386 2053 sunt
3419 2007 3615 2054 tenore
3643 2014 3860 2069 compre-

2300 2088 2489 2152 hensa,
2516 2088 2583 2142 ad
2611 2103 2767 2143 suum
2790 2087 2879 2155 jus
2907 2088 3401 2157 proprietatemque
3426 2089 3731 2143 reducant:
3751 2105 3862 2157 quo-

2301 2178 2444 2232 niam
2473 2178 2615 2247 quod
2640 2192 2671 2231 a
2703 2177 2856 2232 nobis
2885 2177 3210 2247 cogitatione
3239 2178 3569 2232 venerandae

2300 2267 2563 2333 oblatum,
2614 2267 2908 2322 secundum
2937 2266 3111 2336 legem
3136 2275 3193 2320 et
3220 2266 3594 2321 conditionem
3620 2268 3861 2338 positam,

2301 2355 2462 2409 licere
2507 2370 2612 2409 non
2643 2356 2801 2409 debet
2828 2354 3130 2424 cuicunque
3157 2370 3404 2425 persona:
3433 2356 3522 2410 vel
3544 2356 3764 2410 alterius
3787 2374 3858 2411 ec-

2299 2444 2492 2509 clcsiae,
2525 2444 2608 2500 vel
2637 2445 2865 2515 praediis
2882 2436 3169 2514 cujuslibet
3205 2446 3487 2516 deputare.
3524 2445 3678 2501 lianc
3703 2457 3857 2502 autem

2297 2537 2617 2607 scripturam
2664 2536 2968 2592 donationis
3014 2532 3284 2591 Feliciano
3330 2538 3551 2591 notario
3596 2553 3717 2592 meo
3740 2539 3860 2593 scri-

2300 2626 2529 2680 bendam
2558 2626 2775 2691 dictavi,
2806 2627 2965 2696 eique
2995 2627 3211 2681 reiecta:
3240 2641 3271 2680 a
3318 2642 3406 2681 me
3440 2628 3565 2681 sine
3594 2627 3714 2683 dolo
3739 2628 3858 2682 malo

2301 2730 2460 2768 manu
2507 2716 2723 2785 pr0pria
2769 2717 3062 2785 subscripsi
3105 2724 3160 2771 et
3204 2716 3371 2785 gestis
3400 2716 3626 2785 allegari
3668 2720 3855 2787 μινυς-ιι

2300 2806 2570 2860 voluntate
2599 2805 2875 2868 mandavi,
2924 2793 3413 2874 stipulantibusque
3446 2806 3738 2860 venerabili
3760 2806 3856 2858 vim

2297 2899 2630 2969 presbytero,
2665 2899 2981 2953 diaconibus
3024 2898 3401 2967 universisque
3428 2898 3649 2952 clericis
3680 2914 3853 2952 memo-

2300 2997 2430 3042 ratn
2450 2989 2692 3043 ecclesiae
2717 2990 2782 3044 de
2802 2989 3050 3044 omnibus
3073 2989 3401 3058 supradictis
3437 2989 3717 3061 spopondi.
3746 2990 3854 3044 Sali-

2301 3081 2504 3150 scripta
2528 3097 2597 3135 xv
2627 3080 2744 3135 Kal.
2774 3080 3056 3145 Maiarum,
3079 3082 3276 3136 domno
3304 3080 3486 3137 Leone
3517 3082 3628 3135 PP.
3648 3083 3854 3152 Angusto

625 3167 746 3223 vela
774 3167 909 3221 linea
939 3165 1175 3238 plumata
1221 3165 1424 3236 majora
1471 3164 1596 3223 ﬁssa
1624 3180 1848 3221 numero
1893 3166 2016 3221 tria.
2067 3165 2198 3221 [tem
2229 3181 2272 3242 ρ
2304 3179 2454 3241 quit.
2488 3172 2757 3229 Pnonuso
2786 3173 2852 3229 V.
2877 3174 2939 3229 C.
2965 3190 3106 3229 coss.
3132 3174 3211 3229 Fl.
3243 3174 3410 3229 Valia.
3445 3175 3515 3242 ρ.
3547 3175 3852 3231 Τδειιὼτὶιις

633 3255 756 3313 vela
784 3255 927 3312 linea
972 3271 1106 3326 pura
1150 3256 1275 3311 tria.
1321 3256 1461 3311 Ante
1498 3257 1881 3312 consistorium
1926 3256 2102 3312 velum
2140 3258 2203 3311 li-

630 3361 792 3403 neum
823 3362 1017 3418 purum
1045 3364 1083 3401 ι.
1112 3346 1171 3402 1η
1200 3362 1405 3417 pronao
1430 3347 1605 3403 velum
1636 3348 1836 3403 lineum
1858 3365 2050 3421 purum
2081 3367 2114 3413 ι,
2145 3360 2196 3405 ct

629 3439 769 3496 intra
799 3437 1075 3493 basilicam
1103 3437 1425 3508 proporticia
1453 3436 1567 3509 (pro
1592 3439 1896 3510 porticibus)
1922 3439 2035 3495 vela
2063 3439 2201 3495 linea

631 3524 868 3583 rosulata
897 3541 949 3581 vt
970 3566 986 3591 ,
1037 3534 1092 3582 et
1137 3535 1264 3581 ante
1294 3527 1647 3583 secretarium
1680 3526 1765 3582 vel
1794 3528 2062 3583 curricula
2089 3529 2203 3584 vela

631 3615 775 3671 linea
811 3614 1045 3671 rosulata
1072 3615 1299 3686 pensilia
1327 3616 1579 3672 habentia
1606 3631 1767 3673 arcus
1793 3632 1851 3672 ιι.
1897 3618 2030 3674 Item
2059 3618 2205 3674 codi-

612 3722 747 3773 ces,
779 3707 1066 3778 Evangelia
1097 3722 1173 3774 iv,
1200 3706 1515 3777 Apostolum
1534 3747 1549 3774 ,
1581 3707 1921 3774 Psalterium,
1951 3718 2008 3764 et
2032 3709 2212 3766 Comi-

633 3807 763 3857 tem.
807 3797 954 3858 Illico
981 3808 1106 3856 ante
1146 3798 1326 3856 omnia
1351 3798 1601 3856 cautione
1626 3799 1958 3870 prospiciens
2001 3813 2070 3856 ne
2093 3815 2212 3856 me-

2304 3260 2367 3314 ν.
2401 3261 2460 3314 C.
2489 3271 2543 3316 et
2568 3261 2668 3315 lnl.
2699 3271 2749 3316 et
2783 3275 2964 3318 comes
2990 3272 3047 3317 et
3078 3265 3341 3333 magister
3375 3266 3663 3334 utriusque
3684 3264 3853 3319 milites

2302 3347 2429 3403 huic
2458 3350 2729 3405 donationi
2759 3367 2788 3404 a
2813 3367 2898 3406 me
2926 3351 3140 3407 dictata:
3167 3361 3223 3406 et
3250 3353 3382 3406 mihi
3412 3354 3632 3409 reiecta:
3657 3354 3851 3423 praedii»

2308 3453 2424 3491 rum
2457 3439 2697 3492 omnium
2746 3441 3235 3510 suprascriptorum
3281 3444 3493 3510 argenti
3538 3452 3595 3497 et
3619 3444 3849 3503 vestium,

2305 3538 2517 3585 servata
2543 3537 2598 3583 et
2618 3530 2669 3583 in
2698 3540 3009 3601 perpetuum
3040 3533 3305 3587 custodita
3334 3533 3454 3605 lege
3483 3545 3544 3589 et
3575 3535 3849 3589 conditione

2307 3635 2469 3691 quam
2496 3621 2671 3676 eidem
2695 3622 2973 3677 donationi
3003 3623 3253 3691 imposui,
3284 3624 3542 3679 consensi
3565 3633 3621 3678 et
3659 3624 3855 3678 subscri-

2311 3713 2427 3782 psi,
2477 3713 2625 3768 salvo
2652 3714 2862 3769 scilicet
2891 3712 3171 3770 usul‘ructu
3209 3715 3705 3784 suprascripton
3726 3728 3853 3782 agm-

2317 3816 2460 3871 rum,
2488 3816 2650 3873 quem
2673 3818 2833 3874 supra
2860 3803 3051 3859 eadem
3081 3802 3214 3858 mihi
3253 3804 3531 3876 scriptura
3554 3804 3769 3861 servavi.

2154 3926 2360 3988 NOTE
2371 3968 2388 3985 .

706 4064 858 4138 lianc
879 4065 1122 4138 chartam
1133 4081 1290 4138 Lqua:
1318 4067 1611 4138 primuma
1638 4063 1870 4135 Josepho
1890 4061 2065 4138 Maria
2083 4062 2212 4121 Sua-

635 4136 779 4206 resio
802 4150 871 4190 ex
900 4137 1118 4192 archiva
1145 4134 1429 4192 Tiburiino
1454 4136 1722 4206 publicata
1752 4134 1869 4206 est,
1921 4134 2009 4188 hic
2037 4136 2213 4189 denuo

637 4205 817 4260 visum
839 4216 923 4261 est
949 4206 1238 4269 recudere,
1285 4215 1341 4261 et
1388 4205 1465 4260 in
1486 4206 1665 4274 capite
1695 4205 1935 4259 omnium
1965 4214 2211 4258 veterum

637 4274 1125 4331 instrumenton
1148 4290 1450 4345 apponere,
1486 4285 1737 4345 tanquam
1779 4274 2209 4345 antiquissimum

638 4353 1079 4409 monumentum,
1122 4341 1264 4413 quod
1310 4343 1480 4425 Leone
1518 4343 1634 4397 PP.
1686 4341 1774 4414 (id
1802 4343 2208 4464 estperpetno)

639 4414 778 4464 Ann.
809 4421 1060 4464 quartum
1091 4423 1145 4464 et
1187 4413 1454 4464 l’robtano
1485 4412 1547 4464 V.
1572 4412 1634 4464 C.
1682 4426 1846 4464 coss..
1885 4428 1898 4464 ι
1965 4421 2048 4464 est
2071 4427 2208 4464 anno

639 4414 778 4481 Aug.
809 4421 1060 4480 quartum
1091 4412 1153 4469 et
1187 4413 1454 4468 l’robiano
1485 4412 1547 4466 V.
1572 4412 1634 4468 C.
1682 4412 1846 4475 eoss.,
1885 4412 1936 4464 id
1965 4421 2048 4481 est
2071 4427 2211 4466 anno

2312 4073 2583 4141 servante.
2635 4065 2777 4122 Illius
2821 4067 3044 4141 ﬁguram
3089 4081 3155 4141 ex
3200 4068 3367 4123 veteri
3418 4078 3677 4141 argenteo
3713 4066 3851 4122 sacris

2314 4137 2636 4207 imaginibus
2659 4152 2823 4205 opere
2865 4137 3163 4207 anaglypho
3204 4137 3548 4193 exstantibus
3597 4143 3845 4207 decorata.

2312 4205 2443 4261 dedi
2465 4209 2517 4259 in
2547 4208 2685 4278 uotis
2727 4208 2792 4261 ad
2844 4208 2903 4261 S.
2936 4205 3250 4278 prbonum,
3298 4224 3435 4278 quas
3466 4209 3641 4278 videt
3662 4206 3847 4278 videndi

2311 4291 2523 4344 quoque
2548 4276 2821 4330 Altaserra
2857 4286 2912 4330 et
2935 4275 3223 4331 llencinius
3265 4275 3330 4330 in‘
3345 4278 3488 4331 notis
3515 4278 3585 4330 ad
3615 4277 3670 4330 S.
3699 4277 3848 4345 Sylva;

2311 4342 2516 4414 stt-um,
2568 4361 2774 4400 necnon
2830 4346 3063 4414 Congius
3106 4348 3157 4400 in
3207 4346 3487 4400 Glossario
3535 4346 3671 4400 Med.
3700 4342 3845 4399 eilul.

2313 4413 2490 4467 Latin.
2525 4414 2815 4469 Panvinius
2844 4415 2895 4468 in
2922 4413 3146 4483 interpr.
3190 4430 3382 4468 vocum
3411 4416 3754 4469 obscurarum
3775 4430 3846 4465 er-

636 4472 844 4553 Qhristi'
862 4481 960 4553 471
993 4483 1400 4553 conditmnest,
1434 4490 1490 4536 ut
1517 4497 1581 4537 es
1610 4472 2207 4553 Cassiodoro,‘Marcel-
2240 4472 2288 4531 Ι)
2315 4483 2762 4545 clesiasticartnn,
2790 4484 2931 4537 edita
2967 4472 3078 4536 una'
3097 4498 3217 4536 cum
3247 4485 3489 4553 ejusdem
3513 4487 3850 4553 supplemento

637 4546 751 4605 lino
775 4551 986 4607 Comite
1013 4552 1242 4621 aliisque
1272 4551 1428 4607 fastis
1452 4559 1683 4621 constat.
1729 4549 1793 4604 In
1821 4549 2001 4621 multis
2029 4552 2212 4621 obser-

634 4624 762 4687 statu
778 4621 969 4691 dignis
992 4636 1095 4691 non
1129 4621 1318 4677 leviter
1346 4622 1623 4691 praeterire
1668 4620 1793 4674 licet
1822 4620 1870 4673 id
1891 4621 2037 4691 quod
2079 4620 2210 4689 legi-

635 4698 727 4743 tur
757 4689 823 4746 de
848 4687 1003 4745 Libro
1030 4688 1263 4755 Comite;
1286 4687 1378 4760 qui
1411 4690 1738 4761 llicronymo
1765 4687 2055 4761 as_c_ribitur
2083 4687 2208 4743 ante

638 4773 813 4831 annos
856 4761 1235 4831 octingentos;
1303 4756 1770 4831 certegauct'orem
1824 4756 2208 4831 Hieronymum

634 4830 898 4898 aequalem
916 4869 932 4896 ,
963 4826 1058 4885 aut
1084 4845 1372 4901 supparem
1400 4829 1595 4897 habet,
1626 4843 1692 4884 ex
1717 4828 1819 4882 hac
1845 4826 2052 4882 charta.
2097 4826 2209 4881 ΜΑ-

636 4911 777 4953 ιιιιι..

711 4966 895 5038 Visum
921 4978 1004 5023 est
1030 4968 1232 5038 aliquot
1254 4982 1411 5023 voces
1435 4982 1499 5023 ex
1531 4965 1727 5038 oblatis
1753 4965 1897 5020 vasis
1917 4965 2206 5038 _ac'_ves__ti-

638 5037 739 5107 bus
769 5037 988 5107 hujusce
1016 5033 1322 5093 donationis
1351 5036 1723 5107 interpretari,
1766 5049 1886 5107 quae
1916 5034 1966 5107 in
2010 5033 2225 5088 Biblio—‘

638 5104 884 5178 thecario
913 5107 1376 5178 frequentescum
1405 5104 1668 5178 legantur,
1712 5104 1868 5178 lcxici
1909 5104 2057 5158 vices
2080 5117 2209 5172 sup-

636 5175 790 5244 plere
820 5174 1061 5246 possun't‘
1088 5178 1156 5233 ad
1202 5177 1351 5235 Vitas
1377 5174 1787 5231 Anastasianas.
1830 5174 1886 5228 ln
1928 5182 2076 5228 textu
2116 5189 2208 5229 oc-

639 5245 866 5315 currunt
888 5245 1041 5314 juxta
1068 5255 1355 5315 sequentes
1380 5260 1654 5315 numeros.

713 5312 753 5367 I.
793 5309 1078 5368 Romulam
1107 5309 1435 5370 oblatoriam.
1456 5313 1687 5368 ﬂamula
1708 5313 1819 5367 sive
1841 5310 2017 5366 amula
2047 5309 2207 5366 dimi-

639 5383 885 5437 nutivum
906 5384 1061 5439 vocis
1093 5383 1267 5438 Hama
1295 5399 1391 5439 seu
1422 5399 1565 5448 ama,
1595 5383 1796 5437 indicat
1820 5381 2087 5449 sequioris
2113 5381 2212 5435 aevi

641 5451 995 5522 scriptoribus
1021 5453 1304 5517 urceolum,
1335 5453 1536 5509 nostris
1571 5467 1703 5508 vero
1726 5450 2009 5522 ritualibus
2055 5451 2109 5504 in
2148 5449 2213 5522 li-

641 5519 768 5577 bris
802 5521 1325 5592 adhibeturgszepius
1371 5525 1439 5578 ad
1478 5523 1626 5578 illum
1668 5520 2113 5592 exprimendum,
2158 5520 2209 5592 in

641 5605 915 5662 quoaquo
945 5593 1013 5646 ad
1036 5589 1363 5647 oblationem
1403 5592 1655 5647 sacriﬁcii
1699 5589 1822 5647 vino
1854 5589 2210 5662 admiscenda

640 5658 982 5731 ministratur
1009 5675 1106 5731 per
1126 5662 1543 5727 subdiaconum;
1578 5663 1703 5716 licet
1730 5659 1869 5715 sumi
1894 5658 2057 5731 etiam
2074 5673 2213 5731 pos-

640 5729 714 5786 sit
740 5745 837 5802 pro
867 5728 1095 5802 utroque
1122 5731 1341 5787 urceolo
1388 5732 1571 5785 viuum
1614 5741 1669 5786 et
1697 5744 1894 5803 aquam
1920 5728 2210 5785 oblationis

2313 4554 2378 4606 ad
2410 4553 2673 4607 Platinam
2718 4554 2783 4607 de
2816 4553 2951 4607 Vitis
2980 4551 3320 4616 Pontiﬁcum,
3366 4551 3632 4607 observat
3653 4551 3845 4605 anilla

2312 4630 2367 4676 et
2395 4638 2567 4675 amant
2590 4623 2779 4678 eadem
2805 4623 3202 4691 signiﬁcatione
3233 4623 3483 4677 adhiberi
3513 4624 3680 4676 etiam
3702 4636 3729 4673 ι
3755 4620 3846 4691 vui-

2347 4701 2436 4744 ato
2486 4691 2782 4760 interprete
2826 4688 3107 4760 sacrorum
3171 4691 3466 4746 Bibliorum
3519 4693 3575 4746 in
3630 4688 3845 4760 vertenda

2347 4707 2436 4744 ato
2486 4707 2780 4760 llllel‘pl'ele
2826 4707 3101 4745 sacrorum
3171 4707 3466 4746 munerum
3519 4709 3575 4746 ιιι
3630 4707 3841 4745 νει-ιειιιιει

2310 4707 2497 4834 graeca
2521 4775 2654 4834 voce
2681 4757 2873 4834 φυᾷλρις
2904 4762 3063 4834 tertio
3096 4759 3453 4834 Regumcap.
3480 4776 3558 4814 vn
3579 4802 3594 4825 ,
3620 4775 3752 4834 vers.
3769 4758 3841 4834 ῥυ.

2311 4831 2451 4895 Quin
2476 4830 2640 4884 etiam
2666 4826 2700 4884 a'
2726 4829 3016 4884 Columella
3046 4830 3097 4883 in
3128 4826 3271 4883 cultu
3303 4826 3585 4883 hortorum
3618 4826 3843 4881 hastatas:

2312 4899 2416 4971 legi
2444 4915 2542 4969 pro
2568 4914 2695 4955 vase
2719 4900 2786 4953 ad
2812 4915 2982 4968 aquas
3017 4899 3370 4954 continendas
3403 4900 3667 4954 adhibito.

2433 5011 2529 5061 Aut
2551 5009 2762 5061 habilem
2782 5010 2992 5072 lymphis
3013 5010 3248 5058 hamulum
3271 5009 3552 5071 Bacchique
3569 5008 3796 5071 lugenti.

2383 5104 2563 5172 Quare
2605 5119 2709 5160 non
2738 5113 2943 5157 tantum
2985 5103 3174 5156 mediae
3221 5110 3275 5156 et
3307 5101 3540 5165 inlitum,
3583 5103 3675 5156 sed
3715 5100 3842 5153 etiam

2314 5190 2591 5244 germana:
2609 5172 2915 5228 Latinitatis
2957 5172 3274 5227 vocabulum
3316 5172 3623 5227 habendum
3646 5180 3699 5225 et
3715 5183 3843 5236 aqua-

2316 5243 2455 5299 rium
2489 5259 2583 5297 vas
2612 5243 2869 5297 indicare.
3816 5292 3847 5306 Α.

2386 5314 2448 5367 ll.
2483 5312 2688 5367 Colum.
2741 5331 2759 5363 ι
2829 5309 2941 5366 lloc
2988 5320 3107 5364 erat
3145 5309 3422 5364 vasculum
3461 5312 3718 5380 quoddam
3758 5304 3842 5380 (ait

2320 5381 2614 5436 Panvinius
2641 5381 2752 5435 loco
2774 5380 3021 5450 laudato)
3064 5381 3430 5434 subtilissimis
3444 5374 3775 5450 foraminibus
3791 5374 3843 5425 ab

2322 5452 2431 5506 imo
2467 5451 2800 5522 perforatum
2818 5488 2844 5522 ,_
2860 5465 2969 5522 quo
3004 5445 3185 5522 vinum
3214 5465 3281 5522 es
3321 5451 3554 5522 hamulis
3577 5450 3631 5522 in
3656 5445 3842 5522 calicem

2320 5516 2727 5576 refuddebatur.
2767 5539 2785 5571 ι
2828 5516 3036 5574 ιᾶθίιόο
3066 5535 3132 5575 ex
3159 5519 3357 5589 lamina
3388 5520 3538 5573 tenui
3565 5516 3838 5589 duceballlr.

2319 5590 2763 5658 quemadmodum
2808 5588 2971 5643 etiam
3001 5605 3139 5643 nunc
3185 5590 3245 5658 in
3270 5586 3500 5642 ollicinis
3530 5586 3841 5658 aromalorifl-

2318 5649 2436 5737 rum
2468 5668 2522 5737 et
2547 5658 2832 5722 similibus,
2861 5666 2934 5737 ut.
2949 5672 3041 5726 per
3070 5658 3155 5711 illa
3175 5656 3437 5737 foramina
3492 5658 3676 5737 exigua

2319 5736 2438 5785 ctus
2468 5729 2643 5801 liquor
2667 5742 2882 5784 omnem
2904 5728 3193 5791 deponeret
3211 5727 3417 5793 faccem,
3449 5741 3516 5782 ne
3537 5726 3724 5783 scilicet
3744 5734 3836 5775 ιιι-ι·
