3982 6316
83 289 185 351 991

1302 292 1578 373 casura
1616 291 2074 359 CORNUTlANA.

82 415 247 470 terles
272 412 496 483 llquorls
522 412 577 469 in
605 411 775 483 calice
802 409 1058 470 afferendi
1094 409 1368 483 quidplam
1387 408 1637 483 faeculen-
1666 412 1710 469 Α
1741 409 1906 483 igitur
1940 405 2313 483 similitudine
2333 404 2597 483 elly_chr_r_la
2648 404 2701 463 lu
2740 406 2922 466 vitreis
2977 406 3311 480 lampadibus

78 479 558 559 tutn__contineret.
610 482 755 537 Ordo
786 483 1071 559 Romanus_
1099 479 1291 549 probat
1340 479 1639 559 autiquitus

82 552 407 617 adhibitum,
449 562 577 606 tunc
619 560 767 605 certe
806 546 1169 604 necessarium
1207 563 1306 617 pro
1344 546 1640 617 disciplina

77 616 505 676 communicandi
528 622 628 674 sub
641 629 871 689 utraque
884 619 1083 688 specie,
1106 616 1225 689 quae
1236 616 1505 685 copiosam
1529 630 1640 689 ma-

79 691 271 744 teriem
295 705 417 745 cum
445 689 743 757 requireret
764 685 830 741 ad
868 685 1311 757 consecrandum,
1340 685 1638 757 cavendum

76 769 191 814 erat
218 774 287 814 ne
312 759 363 813 in
396 754 541 812 tanta
572 756 835 811 affusione
867 757 1091 825 liquoris
1120 754 1427 825 illaberetur
1441 756 1512 825 _in
1540 770 1636 825 ca-

76 828 234 882 licem
266 826 536 898 quidpiam
558 836 897 898 extraneum.
925 822 1272 898 animalcula,
1305 832 1409 877 etc.
1439 822 1641 898 Eadem

76 898 138 950 de
162 892 329 952 causa
364 892 753 951 adhibebantur
799 894 994 949 calices
1020 892 1251 961 majores
1285 908 1349 947 ac
1371 958 1379 961 _
1404 892 1638 961 minores

77 966 163 1021 hic
199 967 365 1020 etiam
396 965 697 1019 memorati.
725 962 855 1019 Vide
881 958 1117 1032 liguram'
1142 958 1396 1032 colatorii
1420 975 1513 1014 seu
1536 959 1637 1016 coli

76 1036 125 1088 in
153 1036 297 1090 notis
326 1035 524 1090 nostris
549 1034 616 1087 ad
644 1033 701 1088 S.
735 1029 1031 1098 Urbanum,
1060 1048 1207 1087 num.
1237 1031 1270 1086 5
1289 1038 1344 1086 et
1370 1029 1425 1095 Al,
1449 1045 1515 1083 ex
1543 1046 1639 1086 an-

75 1104 226 1172 tiquo
255 1104 464 1172 eimelio
492 1116 821 1172 expressam.

138 1167 227 1228 lli.
257 1171 515 1238 Pharum,
544 1167 648 1226 etc.
686 1168 1007 1239 Lampadem
1033 1169 1117 1224 cui
1142 1184 1237 1241 per
1256 1167 1528 1241 catenulas
1552 1169 1635 1224 in-

72 1242 223 1297 ferne
242 1256 535 1311 suspensus
571 1248 689 1311 erat
712 1238 1001 1295 cantharus
1030 1238 1312 1311 argenteus
1354 1238 1528 1311 latior,
1569 1254 1637 1311 ne

71 1312 278 1367 scilicet
323 1308 389 1365 ex
435 1309 680 1378 lampade
735 1318 1001 1363 commota
1040 1309 1216 1363 oleum
1264 1308 1535 1378 excideret
1583 1309 1635 1364 in

72 1381 452 1449 pavimentum.
475 1377 693 1449 Catena:
706 1386 890 1449 autem
914 1379 1229 1449 cantharum
1258 1377 1424 1449 istum
1468 1378 1635 1449 adne-

74 1444 283 1503 ctentes
309 1447 537 1518 lampadi
562 1462 659 1516 per
687 1446 994 1515 delphinum
1022 1444 1417 1518 sigillaaffabre
1449 1446 1635 1518 elabo-

71 1528 183 1572 rata
206 1515 482 1588 eleganter
505 1515 936 1588 sustinebantur,
976 1515 1428 1588 quemadmodum
1465 1516 1630 1570 etiam

70 1584 331 1642 catenulzia
348 1601 669 1641 coronarum
688 1584 947 1653 lampadis
974 1586 1027 1637 in
1057 1600 1262 1639 morem
1278 1600 1633 1653 appensarum

68 1656 139 1710 ita
175 1656 527 1711 inllbulantur
554 1672 567 1708 :
597 1670 817 1709 coronas
845 1663 1114 1723 argenteas
1157 1668 1209 1706 tv
1235 1669 1351 1706 cum
1380 1654 1633 1723 catenatis

68 1726 173 1812 suis
192 1724 543 1812 ιιίᾴεΙρΙιὶηἱεΙ
562 1739 676 1812 vui.
705 1722 1333 1812 Coroniar‘umsuspeusio
1362 1722 1554 1812 visitur
1576 1724 1628 1812 iu
1661 1752 1706 1812 Β

68 1794 340 1864 diptychis
360 1791 732 1864 consularibus
745 1793 883 1861 apud
912 1791 1173 1864 Cangium
1202 1791 1414 1864 dissert.
1436 1792 1508 1864 _de
1529 1792 1625 1846 inf.

67 1860 161 1917 arvi
179 1860 632 1927 'numismatibus,
656 1869 711 1916 et
746 1860 870 1915 ante
893 1861 1145 1915 thronum
1172 1860 1406 1931 episcopi
1433 1860 1486 1915 iu
1515 1877 1630 1916 mu-

65 1933 175 1986 sivo
197 1932 504 1985 Ravennati
531 1931 775 1999 aliisque.

131 2000 220 2055 ιν.
272 1999 578 2081 Cicindelus
600 1997 891 2069 argenteas.
932 1997 1161 2081 Species.
1193 1998 1495 2081 lampadum
1548 2000 1629 2055 di-

64 2086 339 2125 versarum
360 2068 648 2124 Panvinius
668 2068 1010 2139 recognoscit
1028 2070 1081 2139 in
1111 2069 1257 2123 hisce
1281 2069 1480 2139 pharis,
1502 2085 1633 2124 can-

64 2140 249 2204 tbaris,
282 2139 588 2203 cerostotis,
624 2138 870 2203 coronis,
896 2148 1001 2192 etc.
1056 2138 1133 2193 lta
1173 2140 1315 2193 enim
1355 2139 1542 2192 scribit
1572 2140 1624 2194 in

63 2207 232 2264 lexico
282 2218 581 2263 memorato
632 2208 715 2262 sui
788 2208 1136 2262 additamenti
1194 2208 1260 2261 ad
1310 2207 1623 2263 Platinam:

66 2297 83 2329 ι
125 2276 308 2332 Pharo
348 2278 608 2331 Damasus
658 2285 715 2333 et
765 2276 1211 2331 Bibliothecarius
1265 2276 1625 2331 Romanorum

63 2348 493 2415 pontificum,et
540 2348 839 2417 prmsertim
886 2346 1229 2417 S.Silvestri
1263 2344 1413 2417 Vita,
1460 2346 1626 2414 phata

60 2414 332 2479 canthum,
365 2414 639 2480 cerostizta,
679 2433 919 2480 coronas,
941 2416 1208 2484 delphinos
1232 2455 1246 2478 ,
1287 2414 1520 2484 lychnos,
1571 2424 1625 2470 et

60 2485 308 2556 lgnochos
340 2500 447 2556 Apro
489 2485 924 2556 diversigeneris
942 2483 1274 2556 lampadibus
1300 2483 1359 2556 et
1390 2483 1623 2556 lucernis

59 2554 109 2606 in
133 2554 383 2608 ecclesiis
408 2554 1081 2623 ardentibusaccepernnt.
1113 2554 1180 2608 Et
1206 2554 1386 2607 multis
1414 2555 1623 2608 erudite

58 2623 265 2677 collatis
295 2627 362 2677 ad
394 2623 762 2678 illustrandam
793 2622 923 2678 voce
947 2624 1250 2693 pharorum,
1279 2622 1444 2677 addit.
1478 2642 1494 2673 ι
1517 2624 1624 2679 Cur

56 2703 231 2747 autem
271 2693 473 2760 pharus
515 2693 806 2749 cantharus
831 2695 1061 2757 dicatur,
1098 2694 1237 2746 haud
1284 2704 1433 2747 certo
1469 2694 1581 2749 scio
1603 2735 1618 2760 ,

56 2708 231 2747 autem
309 2708 473 2747 narus
515 2708 806 2749 cantuarus
831 2708 1061 2757 dicatur,
1098 2708 1237 2746 nanu
1284 2708 1433 2747 certo
1469 2708 1581 2749 SCIO
1603 2735 1618 2760 ,

56 2762 153 2816 nisi
181 2762 238 2816 in
260 2708 501 2833 formam
525 2765 668 2817 vasis
702 2764 881 2833 magni
909 2763 1085 2833 fact_ns
1108 2762 1270 2816 fuerit
1295 2763 1347 2815 in
1380 2774 1621 2833 extrema

55 2841 224 2902 parte.
259 2830 398 2902 Nam
427 2833 677 2902 poculum
700 2830 965 2902 fuit'quod
1005 2831 1217 2902 Baccho
1262 2832 1616 2897 tribuebatur,

54 2900 186 2971 sicut
216 2900 461 2971 scyphus
485 2901 697 2971 llercnli
736 2900 910 2956 dictus
935 2901 1274 2965 acantharo,
1323 2902 1465 2971 quod
1503 2911 1621 2971 erat

53 2969 251 3040 navigii
277 2969 465 3040 genusi
504 2969 706 3025 Plinius
728 2970 820 3025 lib.
848 2987 1039 3034 χχχιιι,
1065 2986 1185 3040 cap.
1212 2971 1301 3034 ll,
1328 2970 1492 3024 refert
1511 2969 1621 3024 Ma-

54 3039 224 3112 rium:
245 3047 374 3112 post
396 3039 692 3112 victoriam
737 3040 1061 3112 Qimbricam
1092 3039 1367 3095 cantharis
1402 3050 1619 3112 potasse

50 3106 229 3165 Liberi
245 3106 441 3164 I’atris
467 3110 734 3180 exemplo.
766 3110 1024 3180 Virgilius
1052 3127 1067 3165 :

276 3206 342 3259 Et
355 3209 517 3271 gravis
539 3212 704 3261 attrita
730 3209 978 3274 pendebat
998 3210 1257 3260 cantharus
1280 3223 1410 3260 ansa.

114 3306 398 3382 ωιιίαιιιιιιΔ
433 3309 601 3382 tradit
652 3313 941 3382 cantharos
993 3326 1114 3367 esse
1159 3325 1257 3381 per
1296 3326 1432 3382 quos
1469 3326 1623 3382 aqua:

46 3378 268 3451 saliunt.
300 3396 322 3429 ο
353 3378 479 3451 liae
501 3379 813 3436 Panvinius.
844 3380 1011 3436 Recte
1040 3399 1054 3435 :
1083 3378 1208 3436 nam
1252 3378 1449 3451 patulis
1479 3378 1623 3436 vasis

47 3450 339 3521 utrubique
370 3449 546 3521 liquor
565 3452 850 3521 excipitur.

110 3517 441 3591 Cantharos'
471 3517 634 3591 igitur
680 3517 900 3577 ansatos
958 3521 1283 3577 candelabro
1339 3521 1619 3591 impositos

43 3587 398 3661 constituisse
433 3587 864 3661 pharacanthara
898 3605 961 3645 ex
994 3592 1269 3661 veteribus
1306 3587 1621 3661 anaglyphis

43 3657 326 3725 arguimus
354 3658 551 3726 passim
579 3661 988 3715 occurrentibus
1016 3660 1069 3714 in
1116 3661 1364 3729 zophoris
1396 3657 1620 3729 teiiiplo-

43 3738 159 3778 rum
188 3726 274 3780 ad
294 3725 645 3782 illustrandas
668 3729 811 3784 mdes
832 3745 937 3784 non
964 3730 1136 3784 solum
1156 3732 1316 3785 ceris.
1339 3730 1432 3784 sed
1456 3729 1618 3782 etiam

39 3795 274 3874 odorata
322 3795 550 3851 mistura
611 3797 836 3874 aliarum
872 3800 1175 3874 specierum
1217 3800 1488 3854 ﬂammam
1514 3813 1617 3852 nu-

40 3866 355 3935 trientium,
380 3874 703 3935 aromatum,
732 3866 956 3923 balsami
987 3870 1192 3935 stactis,
1232 3878 1337 3924 etc.

106 3932 397 4009 Pinguiqri
412 3949 553 4009 _vero
574 3939 801 4009 materie
822 3938 1094 4009 etgingrati
1123 3932 1305 4009 odoris
1332 3951 1491 4009 succo
1521 3952 1609 4009 re-

39 3999 191 4074 fertis
215 3999 377 4074 hsis
398 4003 571 4074 rhodie
595 4006 793 4074 passim
819 3999 1202 4062 colluStrantur
1248 4008 1347 4061 via:
1379 4007 1431 4061 in
1463 4006 1616 4063 festis

37 4070 269 4147 publica
296 4072 528 4147 laetitia»,
559 4070 716 4146 vulgo
737 4076 905 4147 dictis
922 4076 1164 4146 padellat,
1195 4092 1314 4147 quze
1338 4076 1456 4132 loco
1480 4078 1613 4147 plta-

38 4143 353 4196 reuntltan’
384 4141 709 4199 adhibentur
730 4147 830 4201 sub
858 4141 967 4201 dio.

104 4209 423 4285 Ciciudelas
436 4213 600 4285 _quod
633 4215 827 4270 attinet
858 4215 947 4285 hic
997 4214 1306 4271 enuntiatas
1332 4256 1346 4282 ,
1376 4214 1613 4285 Cangius

33 4280 302 4355 ostendit,
340 4296 413 4355 _ex
436 4280 628 4349 Festo,
676 4283 955 4355 cicindetas
1002 4285 1256 4355 appellari
1288 4280 1611 4341 insecta'illa

35 4349 269 4425 parvula
296 4350 449 4425 u‘lata
468 4367 777 4425 muscarum
803 4354 993 4425 instar,
1025 4349 1145 4425 quae
1189 4364 1349 4425 noctu
1394 4369 1492 4425 per
1512 4370 1611 4409 aes-

33 4424 206 4477 tatem
228 4418 528 4495 colluccm.
570 4422 713 4483 dicta
759 4424 922 4485 etiam
947 4418 1252 4484 uociilucas.
1294 4423 1373 4479 Ex
1394 4418 1609 4480 illarum

1741 479 1858 531 oleo
1888 476 2183 529 innatantia
2213 474 2473 529 cicindela
2500 475 2643 529 dicta
2666 486 2813 541 sunt,
2839 492 2903 532 ac
2933 474 3127 534 nomen
3155 497 3304 536 eom-

1738 547 2083 600 municarunt
2120 544 2249 612 ipsis
2298 543 2635 612 lampadibus
2662 555 2718 599 et
2768 548 2985 602 vasculo
3036 551 3307 607 mctallico

1738 615 1934 684 quibus
1966 614 2082 668 ista:
2106 612 2378 684 lampades
2416 613 2600 666 vitreae
2631 614 2992 684 includuntur.

1808 682 2108 758 Stantarea.
2139 680 2423 758 Stantarea
2464 698 2493 737 a
2524 683 2716 736 stando
2754 685 3096 758 denominata
3139 686 3295 758 juxta

1737 753 1984 807 eumdem
2023 761 2149 806 sunt
2173 750 2495 805 candelabra
2526 767 2623 820 per
2650 767 2709 807 se
2738 756 2955 808 stantia.

1806 820 1875 897 1n_
1916 821 2237 897 confessione
2262 831 2452 897 ostrea.
2504 822 2665 875 llecte
2723 822 2862 897 idem
2910 833 3102 897 auctor
3146 835 3303 897 putat

1738 889 2112 964 corrigendum
2138 891 2531 964 essemendum
2553 894 2914 964 amanuensis,
2936 907 3001 946 ac
3024 889 3304 964 legendum

1737 958 1905 1023 ostia;
1951 960 2133 1013 valvas
2161 958 2366 1013 scilicet
2403 961 2470 1011 ad
2518 959 2933 1026 confessionem,
2982 958 3099 1017 sive
3139 966 3191 1020 in
3222 967 3304 1021 in-

1736 1043 1924 1148 glressu
1972 1027 2292 1100 presbyterii
2350 1030 2624 1098 appositas
2651 1068 2665 1094 ,
2717 1046 2839 1086 nam
2884 1034 3129 1101 sequitur
3180 1052 3299 1091 cum

1736 1113 1763 1148 ε
1786 1113 1868 1148 avt
1896 1113 2016 1148 sua.

1736 1113 1868 1150 etavt
1896 1113 2016 1151 sua.

1807 1166 1873 1219 Et
1926 1168 1982 1220 in
2014 1164 2206 1232 palliis.
2262 1166 2343 1220 Ab
2375 1168 2781 1224 enumeratione
2845 1184 3098 1227 vasorum
3155 1176 3300 1231 sacri

1735 1235 2031 1309 ministerii
2054 1236 2393 1309 progreditur
2408 1237 2478 1309 ad
2500 1240 2685 1293 vestes
2719 1248 2776 1309 et
2794 1240 3025 1309 primum
3055 1254 3299 1299 recenset

1734 1305 2119 1367 sacerdotales,
2147 1304 2311 1374 pallia
2345 1306 2548 1361 scilicet
2580 1316 2635 1362 et
2663 1304 2929 1374 mafortes.
2957 1310 3156 1366 Deinde
3183 1313 3293 1367 vela

1734 1390 1853 1442 qum
1878 1374 2489 1449 pruztendunturaltari,
2511 1384 2567 1430 et
2590 1377 2753 1446 regiis
2780 1377 3011 1432 basilica:
3056 1380 3260 1436 foribus
3282 1422 3303 1449 ,

1734 1454 1789 1496 et
1812 1443 2246 1511 consistorioret
2288 1443 2342 1497 in
2394 1458 2630 1511 pronao,
2656 1443 2721 1500 et
2764 1456 2890 1501 ante
2921 1443 3295 1505 secretarium.

1733 1511 1912 1568 Facile
1926 1521 2135 1567 constat
2166 1510 2359 1579 legenti
2390 1510 2599 1567 illarum
2624 1516 2851 1569 vestium
2880 1515 3209 1573 differentias
3235 1535 3301 1574 ac

1736 1582 1949 1653 nomina
1965 1582 2069 1651 peti
2096 1580 2175 1653 vel
2190 1596 2263 1643 ex
2282 1583 2505 1636 materia
2533 1584 2728 1653 serica,
2755 1583 2920 1650 linea,
2945 1601 3131 1653 aurea,
3157 1590 3299 1644 unde

1733 1650 2064 1716 intexuntur,
2095 1650 2179 1704 vel
2209 1666 2272 1704 ex
2307 1658 2532 1705 textura:
2573 1650 2764 1717 forma,
2789 1654 2902 1709 sive
2936 1650 3124 1709 addito
3146 1658 3305 1713 clavo

1734 1735 1825 1793 seu
1856 1720 2027 1793 limbo
2045 1734 2346 1793 purpureo,
2373 1735 2557 1793 aureo,
2589 1723 2702 1776 sive
2736 1738 2799 1776 ex
2851 1723 3019 1793 figura
3050 1724 3290 1791 ejusdem

1734 1788 1870 1861 clavi
1915 1791 2177 1861 quadrata
2226 1797 2320 1843 aut
2366 1791 2618 1853 rotunda,
2662 1793 2821 1847 modo
2876 1788 2939 1847 ἐκ
2991 1788 3297 1861 regionibus

1734 1859 1875 1933 unde
1897 1858 2259 1933 offerebantur
2289 1874 2303 1912 :
2357 1874 2528 1933 quare
2565 1862 2817 1933 dicuntur
2864 1863 3023 1933 pallia
3052 1858 3294 1933 'Aquata-

1732 1928 1874 1990 nica,
1912 1938 1967 1981 et
2015 1927 2333 1992 Cassiotica,
2360 1937 2416 1982 et
2448 1928 2561 1983 vela
2591 1927 2838 1996 Persica;
2867 1927 2986 1986 sive
3013 1945 3079 1985 ex
3104 1927 3296 1991 colori-

1729 1996 1829 2050 bus
1852 1999 2047 2066 quibus
2076 1998 2471 2059 imbuebantur,
2503 1998 2624 2052 albo
2644 2038 2659 2062 ,
2690 2014 2929 2064 rosaceo,
2960 2015 3056 2055 seu
3095 2003 3294 2057 rhodo-

1731 2066 1946 2141 utelino,
1974 2067 2466 2141 et_leuc_orhodino,
2493 2066 2693 2141 blatteo
2719 2082 2811 2122 seu
2838 2084 3109 2139 purpureo
3134 2072 3292 2141 (nam

1730 2136 1956 2209 qia-pm
2015 2134 2236 2209 Graecis
2261 2143 2345 2190 est
2411 2137 2658 2209 conchilii
2703 2134 2871 2206 genus
2900 2179 2914 2201 ,
2942 2134 2959 2139 “
2982 2134 3297 2197 notantibus

1727 2204 1930 2275 Caugio
1959 2214 2013 2258 et
2033 2204 2268 2271 Macro),
2317 2206 2532 2274 prasino
2561 2215 2615 2259 et
2642 2204 3043 2275 coccoprasino,
3098 2226 3293 2265 cocco-

1727 2274 1945 2348 tnelino,
1973 2274 2231 2348 aquilato,
2272 2275 2648 2348 ausimilibus.
2686 2274 2823 2348 Quid
2864 2277 2934 2329 sit
2963 2281 3286 2348 paragaudis

1727 2343 1834 2397 dixi
1897 2360 2057 2412 supra
2114 2343 2212 2396 col.
2282 2344 2385 2398 995
2460 2345 2743 2398 occasione
2809 2343 3071 2401 icunculaz
3098 2343 3296 2405 'aeneae

1726 2412 1925 2467 institis
1954 2428 2046 2467 seu
2088 2412 2269 2467 fasciis
2317 2414 2650 2477 prtecinetaa,
2700 2429 2819 2477 qum
2853 2418 3116 2471 nomisma
3147 2418 3291 2474 Con-

1725 2484 1942 2553 stantini
1970 2483 2182 2536 Maximi
2205 2483 2416 2552 pnefert
2445 2484 2646 2553 pectori
2676 2483 2918 2551 afllxum,
2941 2501 3060 2541 esse
3086 2488 3294 2543 scilicet

1725 2552 1944 2605 fasciam
1974 2553 2216 2606 latiorem
2243 2552 2574 2625 seuhclavum
2601 2568 2825 2625 aureum
2841 2570 2937 2623 pro
2959 2557 3108 2625 regio
3138 2571 3289 2613 more

1724 2632 1967 2691 aptatum
1998 2624 2211 2687 tunicze,
2242 2621 2403 2691 pallio
2438 2640 2536 2677 nec
2563 2639 2668 2677 non
2697 2623 2816 2678 aliis
2843 2621 3079 2680 vestibus
3105 2641 3169 2680 ac
3197 2642 3291 2681 ve-

1724 2689 1805 2762 l_i_s,
1833 2692 1971 2762 unde
2002 2689 2323 2762 paragaudis
2352 2708 2543 2746 nomen
2569 2692 2671 2745 illis
2693 2693 3018 2762 quandoque
3044 2696 3286 2751 obvenit.

1722 2760 1853 2833 ﬁco
1886 2760 2206 2833 dissentiunt
2252 2760 2640 2833 _Iexicographi.
2690 2760 2885 2816 Macer.
2932 2760 3319 2833 Paragaudis,

1721 2830 1887 2905 [ascia
1914 2830 2016 2882 sive
2037 2829 2261 2905 laticlari
2285 2829 2474 2898 species
2494 2829 2657 2905 serico
2680 2840 2724 2883 et
2750 2848 2878 2905 nuru
2899 2829 3137 2905 contexta
3154 2829 3291 2905 ,ιιαὰ

1721 2900 1937 2952 vestium
1975 2901 2323 2952 extremitates
2354 2902 2674 2953 ornabantur
2703 2913 2722 2951 :
2750 2916 2816 2954 ea:
2837 2901 2965 2955 Cod.
3197 2900 3207 2905 ⁷
3236 2940 3248 2950 .

1792 2967 2132 3043 Puragaudes
2155 2983 2450 3043 purpureas
2494 2968 2714 3023 violacei
2746 2971 2953 3043 coloris
2974 2971 3095 3028 albo
3127 2974 3289 3043 pallio

1722 3046 1775 3111 et
1796 3036 2183 3111 Διιιιιξιξίιιιιιὶεξιξ
2213 3038 2315 3091 rite
2356 3038 2638 3111 adjunctus
2680 3041 2914 3111 ostendit
2944 3036 3141 3111 imago'
3162 3042 3291 3098 Mel-

1644 3094 1691 3157 C
1722 3106 2006 3161 chisedech
2048 3107 2187 3175 regis
2232 3115 2287 3161 et
2326 3094 2622 3161 sacerdotis
2670 3123 2699 3160 a
2752 3109 2809 3162 ὃ.
2839 3094 2991 3165 Sixto
3020 3094 3286 3168 telr‘tioﬂin

1726 3177 1935 3252 unusin
1977 3176 2272 3252 Liberiante
2303 3176 2535 3252 basilicae
2571 3191 2822 3252 cupressu
2849 3219 2866 3252 ε
2908 3180 3077 3252 cujus
3105 3191 3286 3252 typum

1723 3245 1863 3317 infra
1886 3246 2074 3301 damus
2122 3247 2173 3299 in
2202 3248 2345 3300 notis
2372 3246 2437 3300 ad
2464 3247 2579 3316 ejus
2612 3247 2805 3317 Vitam.
2848 3248 2904 3302 ln
2933 3245 3175 3317 ej'usdet'n'
3197 3252 3290 3305 ba-

1722 3316 1889 3369 silicae
1922 3317 2323 3386 musivoarcus
2374 3316 2707 3386 triumphalis
2752 3331 2847 3386 per
2873 3316 3119 3372 eumdem
3157 3320 3284 3374 Six-

1723 3394 1835 3439 tum
1870 3386 2070 3454 pariter
2098 3384 2379 3438 efformato
2410 3384 2600 3439 scribto
2623 3384 2927 3441 .lndziaorum
2958 3396 3012 3442 et
3036 3392 3287 3443 sacerdo-

1724 3464 1824 3517 tes,
1855 3454 1945 3522 qui
1986 3454 2183 3524 llerodi
2236 3454 2583 3524 interroganti
2641 3455 2857 3510 deloco
2900 3457 2987 3511 ubi
3042 3458 3289 3513 Christus

1722 3532 2033 3577 nasceretur
2057 3523 2361 3592 Scripturas
2391 3523 2771 3591 prophetarum
2812 3528 3100 3580 ostendunt
3150 3527 3288 3583 indi-

1720 3602 1903 3646 cantes
1934 3593 2240 3646 Bcthlehem
2268 3630 2282 3654 ,
2311 3593 2466 3660 pallia
2500 3609 2629 3659 pura
2660 3593 2974 3662 pneferunt,
3004 3596 3164 3651 nullis
3191 3614 3286 3652 as-

1720 3663 1854 3736 sulis
1879 3662 2064 3736 clavis,
2094 3662 2187 3715 sed
2217 3668 2421 3714 tantum
2450 3661 2967 3736 pecuiri’atlibulata,
2995 3673 3054 3718 ut
3084 3667 3137 3719 in
3161 3668 3280 3736 ejus

1719 3732 1912 3855 musa:
1966 3732 2121 3785 icone
2176 3744 2300 3800 per.
2329 3744 2427 3784 nos
2476 3731 2671 3785 ibidem
2728 3731 2888 3785 allata
2933 3731 3282 3802 spectandum

1719 3816 1838 3855 exn
1914 3815 2055 3855 mus.

1717 3801 2055 3855 exhibemus.

1786 3869 1963 3925 Pauca
1986 3870 2098 3923 haec
2122 3867 2356 3923 indicata
2402 3868 2683 3926 occasione
2710 3869 2911 3925 chartae
2942 3869 3286 3929 Cornutiante

1717 3940 1849 3994 satis
1881 3938 2108 3995 fortasse
2132 3937 2331 3992 fuerint
2368 3938 2434 3991 ad
2483 3938 2753 3993 obsoletos
2779 3938 2896 3993 illas
2934 3955 3092 3996 voces
3122 3958 3278 3997 vaso-

1718 4026 1834 4063 rum
1867 4024 1931 4065 ac
1958 4010 2186 4063 vestium
2218 4008 2269 4062 in
2294 4008 2447 4063 hisce
2476 4007 2610 4062 Vitis
2638 4018 3053 4063 memoratorum
3082 4011 3282 4066 intelli~

1751 4078 1938 4143 endas,
1965 4088 2057 4132 aut
2086 4076 2273 4131 saltem
2308 4078 2376 4131 ad
2404 4078 2829 4145 cognoscendum
2860 4078 3062 4133 nullum
3092 4081 3283 4135 admo-

1751 4095 1938 4143 enuas,
1965 4095 2057 4132 aut
2086 4095 2273 4131 saltem
2308 4095 2376 4131 aa
2404 4095 2829 4145 cognoscendum
2860 4095 3062 4133 nultum
3092 4095 3281 4135 aomo-

1715 4095 1841 4204 gum
1866 4148 1918 4203 in
1947 4146 2359 4217 Bibliothecario
2382 4161 2731 4217 occursurum
2754 4162 2840 4217 ex
2857 4148 3158 4217 hujusmodi
3182 4165 3281 4205 vo-

1715 4218 1945 4281 cabulis,
1971 4216 2126 4289 cujus
2152 4216 2475 4289 significatio
2498 4217 2553 4289 i_n
2579 4216 2791 4289 Lexicis
2813 4215 3084 4289 Catigii.ac
3114 4216 3281 4276 Macri

1715 4301 1821 4342 non
1843 4285 2344 4353 reperiatur.Quare
2377 4301 2478 4341 nec
2497 4285 2886 4341 Panvinianum
2902 4285 3160 4344 récudere
3182 4304 3279 4345 ue-

1715 4372 1865 4416 cesse
1892 4356 2156 4428 ducimus,
2180 4359 2505 4451 nec'odiutius
2529 4356 2613 4415 bis
2638 4356 2937 4415 immorari.
2965 4356 3278 4417 Buscauu.
