3964 6320
259 298 286 350 1
297 298 405 352 055

1087 292 1407 349 HISTORIA
1443 293 1528 348 DE
1572 293 1747 348 Vl'l‘lS
1789 292 1949 349 ROM.
1994 290 2190 347 PONT.
2216 291 2364 346 —S.
2406 289 2696 346 PETRUS.

3375 295 3511 351 1054

254 411 481 472 liorum,
514 404 727 478 quoties
771 407 1030 478 diaconus
1068 407 1134 478 ab
1170 407 1421 478 episcopo
1450 416 1748 478 reseratum
1782 415 1838 460 et
1862 411 1910 470 Α
1941 407 2040 461 bus
2074 404 2162 478 illa
2198 405 2455 460 indicatio
2489 413 2718 478 aptetur.
2757 403 2974 478 Ad_ha_ec
3003 406 3126 476 quis
3148 421 3386 478 unquam
3413 425 3510 465 vo-

259 483 316 536 in
356 483 585 533 amboue
636 477 832 531 lectum
854 519 867 541 ,
907 476 1147 548 perferri
1169 476 1369 532 iterum
1397 477 1462 532 ad
1490 479 1834 548 episcopum“,

252 551 490 607 subinde
534 549 598 602 ad
633 550 909 602 archivum
949 547 1299 618 apostolicum
1337 563 1432 618 per
1472 547 1835 604 subdiaConos

255 623 482 694 regiona
492 621 598 694 rios
629 627 860 694 curaret.

330 688 512 748 Codex
543 689 847 743 Mazarinus
867 731 880 755 ,
917 697 975 743 ut
1001 705 1029 742 a
1059 688 1318 744 Fabrotto
1350 689 1628 753 discimus,
1669 688 1837 743 refert

250 761 656 817 ordinationem
695 759 814 814 Lini
842 769 898 815 et
923 759 1058 815 Cleti
1101 761 1166 813 ad
1199 760 1591 830 episcopatum,
1629 768 1684 812 ut
1713 775 1837 829 pos-

250 842 383 888 sent
409 833 458 886 in
489 830 664 886 cilicio
703 830 1020 884 sacerdotali
1058 829 1325 899 implendo
1356 829 1569 884 Petrum
1594 831 1784 900 juvare
1819 847 1831 882 :

249 903 478 981 quando
513 900 717 958 scilicet
742 901 1112 981 episcoporum
1141 900 1412 954 ordinatio
1457 901 1832 981 contingeret,

249 971 382 1045 quae
403 974 512 1039 jam
556 982 665 1027 tum
717 987 814 1042 per
842 980 951 1045 tres
989 971 1270 1045 episcOpos
1307 971 1739 1045 peragi_ctepit,_
1756 971 1834 1024 uti

248 1039 479 1100 constat
514 1057 580 1096 ex
627 1039 830 1098 canone
866 1042 1004 1095 inter
1022 1039 1352 1110 apostolicus
1388 1039 1630 1096 liUnde
1669 1041 1833 1094 etiam

248 1118 482 1170 subortu
501 1122 582 1167 est
604 1124 756 1177 vetus
784 1111 1114 1167 consuetudo
1132 1110 1381 1166 Ecclesiae
1411 1111 1663 1164 Romanae
1684 1111 1837 1164 adhi-

247 1187 419 1240 bendi
451 1185 728 1254 episcopos
772 1183 1172 1254 suburbicarios
1194 1181 1346 1254 ,Uqui
1379 1182 1671 1254 etiamnum
1701 1195 1835 1254 cou-

246 1251 644 1310 stituunt'sacri
666 1253 1018 1308 cardinalinm
1038 1252 1246 1320 collegii
1273 1260 1478 1321 partem
1500 1251 1831 1319 primariam.

249 1327 488 1380 Videtur
516 1333 694 1378 autem
736 1323 1098 1393 apostolorum
1131 1323 1388 1391 Princeps
1435 1324 1499 1375 ad
1547 1337 1834 1393 numerum

243 1413 350 1450 sex
393 1391 784 1465 episcoporum
812 1395 1025 1449 auxisse
1067 1393 1348 1465 episcopos
1377 1391 1829 1465 suburbicarios;

242 1484 380 1521 cum
408 1461 458 1520 in
489 1461 591 1519 ﬁne
615 1464 770 1534 hujus
799 1465 955 1533 primi
990 1461 1136 1518 num.
1184 1461 1343 1517 Liber
1373 1461 1702 1534 Pontiﬁcalis
1748 1477 1834 1515 re-

244 1539 400 1591 ferat
423 1532 698 1590 ordinatos
718 1552 745 1588 a
775 1532 833 1588 Β.
849 1534 1010 1589 Petro
1032 1534 1312 1605 episcopos
1338 1549 1430 1588 sex
1449 1575 1462 1598 ,
1492 1532 1835 1605 presbyteros

249 1608 347 1672 10,
379 1607 630 1678 diaconos
658 1608 691 1678 δ
730 1607 748 1678 (
775 1621 864 1678 seu
891 1603 1105 1678 potius
1132 1603 1315 1678 7,_;uti
1349 1603 1642 1678 correct_ius
1681 1603 1833 1678 cxiii:

239 1678 386 1732 bent
415 1677 627 1732 codices
656 1673 800 1732 Surii
821 1717 834 1740 ,
890 1673 1108 1730 Freheri
1139 1717 1154 1739 ,
1189 1674 1446 1729 Mazarini
1474 1716 1488 1739 ,
1536 1673 1833 1729 Florentini

167 1746 176 1757 ”
239 1750 396 1828 duo,
436 1757 488 1828 et
521 1747 761 1828 νίψαιῃί
866 1745 1248 1828 Q'rdinationes
1270 1746 1414 1799 enim
1446 1754 1739 1828 numerata:
1779 1745 1831 1828 in_

239 1818 396 1874 libro
444 1817 742 1872 Pontiﬁcali
787 1815 839 1870 in
882 1817 1017 1870 Vitis
1067 1816 1378 1885 pontificum
1428 1815 1734 1870 referuntur
1767 1816 1832 1869 ad

240 1889 551 1944 Ecclesium
614 1890 926 1942 Romanam.
975 1885 1106 1941 Nam
1140 1887 1274 1943 satis
1323 1896 1532 1941 constat
1557 1903 1622 1940 ex
1665 1887 1833 1940 docu-

239 1961 452 2014 mentis
488 1958 650 2013 totius
671 1958 1000 2022 Occidentis,
1032 1972 1127 2026 per
1159 1966 1390 2012 tractum
1424 1958 1750 2011 continentis
1779 1965 1835 2011 et

237 2030 548 2084 insularum
577 2071 591 2094 ,
639 2028 1024 2100 patriarchatui
1072 2029 1313 2100 Romano
1336 2027 1656 2100 subjectum,
1689 2027 1836 2081 ordi-

238 2110 410 2156 natos
464 2098 727 2155 fuisse'ac
768 2099 1114 2154 transmissos
1155 2114 1184 2152 a
1238 2099 1298 2152 B.
1352 2098 1512 2152 Petro
1551 2099 1833 2168 episcopos

236 2171 598 2242 quamplures
625 2189 638 2225 :
663 2187 800 2241 quos
848 2171 970 2226 vide
999 2170 1053 2224 in
1084 2169 1224 2224 notis
1273 2168 1544 2235 Ciaconii,
1575 2168 1830 2236 Samiam,

236 2252 304 2296 et
335 2241 581 2296 alierum.

323 2312 588 2366 Relerunt
625 2311 789 2382 etiam
843 2310 1059 2382 codices
1103 2309 1347 2382 Regius,
1399 2309 1702 2382 Mazariuus
1731 2351 1744 2375 ,
1779 2319 1834 2365 et

238 2383 511 2436 Tlmmuts
542 2381 929 2452 disputationes
958 2397 987 2434 a
1017 2379 1208 2436 Petro'
1230 2381 1441 2434 habitas
1486 2380 1556 2452 ad
1591 2379 1831 2435 Simonis

238 2453 387 2524 Magi
417 2451 637 2524 technas
666 2451 1052 2516 dissolvendas,
1086 2459 1140 2507 et
1176 2462 1404 2524 mortem
1446 2451 1701 2506 divintus
1725 2452 1834 2524 im-

237 2522 470 2578 missum
499 2523 679 2593 Mago,
711 2533 956 2579 avertere
991 2522 1205 2577 curanti
1239 2522 1540 2593 Romanum
1577 2522 1832 2592 populum

237 2596 318 2648 ab
346 2591 641 2665 apostolica
677 2595 924 2665 doctrina
953 2593 1315 2665 suscipienda.
1353 2591 1524 2665 Hujus
1551 2591 1626 2665 rei
1648 2591 1834 2647 memi-

234 2663 448 2737 ncrnnt
495 2663 840 2737 .lns'tjousjn
874 2664 1101 2737 Apolog.
1137 2663 1192 2728 2,
1232 2663 1783 2737 sect._54__;_lreu:cus
1815 2704 1830 2729 ,

245 2735 346 2789 lib.
375 2752 418 2798 ι,
451 2733 703 2803 ρεψ.’20;
733 2733 955 2799 Eusebi,
991 2733 1086 2789 lib.
1119 2750 1179 2798 ιι,
1209 2750 1329 2803 cap.
1353 2734 1442 2788 15.
1477 2734 1610 2788 Vide
1635 2735 1828 2789 llaron.

239 2805 313 2858 ad
356 2822 487 2858 ann.
513 2805 605 2869 44,
635 2821 690 2858 n.
734 2805 823 2869 15,
865 2813 919 2858 et
948 2804 1234 2860 Sommier.
1265 2804 1402 2859 Hist.
1428 2805 1745 2874 dogmatica:
1771 2803 1828 2858 S.

245 2875 402 2931 sedis
431 2875 567 2946 libro
597 2891 634 2941 ι,
665 2892 783 2946 pag.
816 2875 937 2929 105.

314 2947 376 3000 In
412 2945 598 3000 iisdem
624 2945 900 3002 codicibus
939 2954 1269 3000 memoratur
1293 2945 1586 3001 Clementis
1613 2945 1832 2999 ordina-

241 3019 322 3072 tio
373 3017 626 3086 peculiari
679 3017 906 3070 l'ormula
953 3016 1026 3070 ita
1078 3016 1369 3086 descripta.
1427 3035 1444 3066 ί
1483 3016 1674 3071 Petrus
1705 3031 1832 3070 vero

238 3089 492 3142 sentiens
516 3087 655 3141 diem
679 3087 868 3141 mortis
898 3086 999 3141 sibi
1023 3087 1303 3141 imminere
1321 3129 1335 3149 ,
1359 3086 1689 3142 Clementem
1716 3101 1744 3140 e

240 3104 492 3142 sentiens
516 3104 655 3141 mem
679 3104 868 3141 morus
898 3104 999 3141 sum
1023 3104 1303 3141 unmmere
1321 3129 1335 3149 ,
1359 3104 1689 3142 uenientem
1716 3104 1744 3140 e
1787 3104 1825 3139 ι-

240 3174 472 3228 sc0pum
511 3157 886 3228 consecravit,
935 3157 1090 3228 eique
1133 3158 1483 3221 cathedram,
1533 3157 1617 3210 vel
1646 3104 1829 3211 Eccie-
1856 3153 1900 3215 C

236 3227 386 3283 siam
412 3243 626 3282 onmem
657 3227 1045 3297 disponendam
1073 3229 1384 3293 commisit,
1412 3229 1599 3282 dicens
1632 3245 1644 3280 :
1674 3228 1828 3281 Sicut

241 3300 384 3353 mihi
416 3298 614 3368 ligandi
655 3305 710 3352 et
753 3297 988 3354 solvendi
1037 3299 1230 3352 tradita
1254 3307 1338 3353 est
1366 3315 1396 3352 a
1434 3298 1662 3352 Domino
1708 3312 1830 3352 meo

237 3369 375 3425 Jesu
403 3368 619 3424 Christo
665 3378 927 3438 potestas,
959 3369 1034 3423 ita
1062 3379 1116 3424 et
1162 3384 1262 3437 ego
1314 3369 1408 3424 tibi
1438 3369 1740 3432 committo,
1774 3377 1831 3421 ut

237 3441 471 3494 ordines
495 3439 849 3508 dispositorcs
865 3441 1196 3494 diversarum
1223 3454 1540 3510 causarum,
1567 3453 1669 3510 per
1695 3453 1832 3510 quos

239 3522 405 3565 actus
442 3510 840 3564 ecclesiasticus
871 3510 1149 3577 dirigetur,
1193 3529 1212 3562 ι
1249 3519 1356 3565 etc.
1398 3509 1519 3578 Qua
1546 3509 1612 3562 de
1650 3509 1829 3578 reop-

236 3582 529 3651 portnnior
557 3581 658 3635 erit
696 3579 906 3636 dicendi
935 3580 1085 3635 locus
1112 3581 1166 3635 in
1213 3581 1357 3635 n0tis
1383 3580 1451 3633 ad
1479 3577 1656 3632 Vitam
1702 3577 1827 3635 Cle-

237 3663 463 3705 mentis.

316 3722 480 3774 Linea
525 3721 610 3775 10.
639 3749 711 3763 --
739 3721 903 3776 Annis
966 3719 1054 3776 58.
1110 3721 1329 3776 Exacte.
1381 3719 1540 3774 Juxta
1588 3729 1829 3774 nostram

239 3792 652 3862 chronologiam
693 3807 833 3862 anno
864 3791 1100 3862 vulgaris
1153 3807 1274 3846 rene
1306 3791 1377 3846 28
1423 3807 1614 3861 passus
1643 3790 1830 3862 Domi:

238 3878 353 3918 nus
389 3861 460 3916 25
496 3861 691 3916 Martii.
743 3861 880 3916 Anni
913 3861 981 3916 57
1013 3877 1043 3916 a
1090 3862 1349 3918 Passione
1399 3862 1735 3932 complentur
1761 3861 1832 3915 25

237 3933 426 4004 Martii
449 3948 590 3987 anno
617 3933 758 4003 vulg.
780 3948 910 4004 aera:
951 3932 1038 3986 65.
1074 3932 1356 4004 Trimestri
1393 3933 1724 4004 spatioauni
1748 3932 1831 4004 Δ58

235 4003 460 4060 cvoluto
486 4045 500 4066 ,
541 4001 733 4072 nempe
769 4002 842 4056 28
867 4002 1010 4058 Junii
1056 4005 1181 4059 anni
1216 4003 1284 4059 65
1324 4001 1515 4060 Petrus
1536 4001 1590 4058 et
1631 4001 1832 4058 Paulus

239 4075 509 4144 martyrio
539 4081 888 4144 coronantur.

314 4143 475 4198 Linea
507 4145 597 4198 11.
625 4173 694 4184 —-
723 4143 970 4214 Sepultus
993 4155 1068 4199 est
1096 4145 1150 4200 in
1180 4147 1265 4200 nia
1304 4143 1519 4198 Aurelia
1556 4145 1612 4198 in
1640 4143 1829 4214 templo

235 4213 500 4285 Apollinis
512 4215 672 4282 juxta
693 4213 864 4285 locum
885 4216 972 4270 ubi
993 4217 1273 4285 cruciﬁxus
1293 4225 1390 4281 est,
1397 4214 1553 4285 juxta
1573 4213 1830 4284 palatium

304 4285 612 4340 eroniannm
663 4287 718 4338 in
773 4284 1043 4340 Vaticano.
1074 4284 1242 4340 Nemo
1278 4302 1342 4341 ex
1396 4285 1632 4352 antiquis
1679 4285 1831 4340 dubi-

242 4356 382 4412 tavit
407 4397 418 4418 ,
462 4355 603 4424 quod
627 4356 792 4410 sciam
819 4397 831 4417 ,
867 4357 1074 4428 deloco
1107 4357 1349 4428 martyrii
1377 4356 1437 4428 B.
1464 4355 1630 4428 Petri.
1675 4355 1830 4428 Cou-

237 4440 436 4480 seusus
481 4428 720 4480 omnium
762 4435 980 4480 natatum
1022 4427 1180 4480 docet
1214 4425 1333 4488 ,'in
1386 4427 1533 4480 circo
1569 4425 1827 4480 Vaticano

1939 477 2144 550 caverit
2165 484 2368 550 metam
2387 485 2478 550 aut
2497 476 2801 550 sepulcrum
2834 475 3136 550 Scipionis,
3167 475 3259 532 aut
3285 481 3515 550 pyrami-

1940 549 2059 604 dem
2096 546 2304 602 Cestii?
2335 545 2528 600 Rideat
2548 545 2743 618 merito
2772 545 2946 618 lector
2983 557 3088 602 tam
3118 545 3354 618 ineptam
3375 552 3516 605 desi-

1937 619 2241 690 gnationem
2260 658 2275 683 ,
2298 631 2469 690 quam
2484 631 2642 673 aures
2657 617 2910 672 vix.l‘erre
2931 627 3188 688 possunt,
3210 617 3515 690 eorumque

1938 688 2304 758 Stupiditatem
2335 727 2350 755 ,
2381 688 2472 756 qui
2501 696 2787 758 utramque
2815 697 3013 744 metam
3036 690 3168 744 circi
3192 705 3296 744 non
3323 688 3517 746 intelli-

1938 757 2066 842 gant
2083 774 2202 815 esse
2225 758 2592 842 duo‘cxtrema
2610 757 2855 842 ejusdem
2872 760 3051 842 Aspinae
3081 759 3211 815 circi
3235 761 3513 842 vatieani:

1940 828 2085 885 inter
2113 845 2233 899 qua:
2260 828 2452 884 Petrus
2474 831 2620 883 cruci
2648 828 2842 884 aliixus
2869 828 3130 899 tropaeum
3165 831 3340 886 erexit
3360 831 3520 886 Chri-

1937 901 2129 955 stianm
2155 899 2462 968 religionis,
2504 916 2533 954 a
2573 899 2905 957 Tcrtulliano
2953 901 3278 965 indicatum,
3311 913 3364 956 et
3405 903 3516 956 frc-

1939 980 2257 1043 quentatum
2281 984 2379 1039 per
2399 970 2783 1043 septemdecim
2809 970 3003 1025 smcula
3029 989 3055 1023 a
3088 971 3232 1043 Petri
3255 973 3518 1043 martyrio

1943 1042 2009 1095 ad
2035 1051 2287 1123 nostram
2328 1048 2542 1095 aetatem
2579 1040 2680 1110 piis
2722 1042 3244 1112 peregrinationibus
3275 1040 3516 1097 omnium

1937 1121 2235 1166 nationum.

2010 1181 2169 1235 Linea
2197 1181 2284 1235 15.
2317 1211 2389 1221 —
2422 1179 2524 1235 Hic
2546 1180 2665 1250 fecit
2697 1182 3053 1236 ordinationes
3080 1223 3093 1246 ,
3139 1193 3246 1238 etc.
3277 1183 3513 1239 Ordina-

1938 1253 2111 1306 tioues
2137 1253 2239 1323 hoc
2256 1253 2308 1305 in
2335 1251 2471 1323 li_bro
2494 1262 2808 1323 memoratae
2831 1253 3131 1322 pertinent,
3158 1253 3234 1306 uti
3259 1254 3514 1323 diximus,

1942 1324 2008 1376 ad
2040 1322 2334 1378 Ecclesiam
2360 1321 2682 1377 Romanam.
2701 1322 2808 1377 Cur
2829 1321 3008 1377 autem
3028 1325 3275 1378 ordinum
3302 1321 3518 1382 illorum

1937 1392 2174 1458 collatio,
2199 1393 2292 1464 qui
2320 1393 2571 1466 Ecclesim
2609 1393 2970 1466 hierarchiam
3012 1395 3368 1461 constituunt,
3399 1396 3516 1466 epi-

1937 1474 2216 1532 sc0patus,
2255 1464 2573 1534 presbyterii
2604 1465 3007 1520 et-diaconatus
3027 1505 3041 1529 ,
3074 1466 3347 1519 referatur
3375 1464 3520 1523 inter

1939 1536 2210 1605 praecipua
2238 1543 2387 1606 gesta
2414 1534 2728 1602 pontiﬁcum
2750 1577 2764 1601 ,
2794 1551 3009 1590 causam
3027 1535 3250 1606 colliges
3277 1553 3344 1590 ex
3365 1539 3516 1593 Actis

1937 1604 2322 1674 apostdlorum.
2354 1604 2724 1660 Observarunt
2754 1606 2854 1659 viri
2895 1605 3059 1671 docti,
3089 1604 3209 1661 cum
3239 1607 3516 1674 Ciaconio,

1936 1675 2081 1731 Petri
2117 1685 2266 1747 gesta
2301 1686 2425 1747 post
2460 1676 2844 1730 Ascensionem
2895 1675 3095 1747 Christi
3143 1677 3349 1732 Domini
3400 1679 3518 1747 ipso

1939 1746 2278 1818 novemdiali?
2291 1745 2467 1818 spatio
2493 1747 2809 1818 interposito
2824 1753 2950 1801 ante
2965 1746 3253 1802 adventum
3285 1745 3520 1818 Spiritus

1939 1818 2115 1887 sancti
2145 1817 2374 1887 cmpisse
2415 1817 2484 1887 ab,
2523 1816 2790 1886 implendo
2817 1833 3040 1872 numero
3093 1819 3232 1872 sacri
3275 1816 3516 1874 senatus.

1939 1886 2082 1942 Nihil
2112 1886 2253 1943 enim
2287 1886 2560 1956 antiquius
2597 1887 2784 1942 habuit
2808 1887 3007 1942 Christi
3041 1888 3274 1943 vicarius
3311 1889 3363 1942 in
3394 1906 3513 1944 sus-

1935 1958 2178 2028 cipienda
2214 1957 2684 2029 administratione
2720 1958 3170 2029 totius'Ecclesize
3194 2000 3208 2024 ,
3251 1976 3427 2029 quam
3459 1961 3513 2015 in

1936 2031 2196 2086 concione
2226 2028 2468 2083 omnidm
2501 2028 2738 2084 ﬁdelium
2762 2028 2965 2084 Christi
3007 2029 3215 2084 Domini
3241 2028 3393 2098 jussu
3424 2033 3515 2085 ad-

1936 2109 2124 2156 vocata
2153 2098 2350 2154 fratres
2377 2099 2612 2168 alloqui,
2653 2115 2716 2154 ac
2751 2100 3074 2164 decernere,
3106 2109 3163 2153 ut
3213 2103 3518 2156 communi-

1935 2172 2036 2227 bus
2066 2169 2336 2240 suﬂ‘ragiis
2357 2169 2457 2224 viri
2489 2178 2812 2238 praestantes
2850 2171 2954 2224 duo
2991 2185 3057 2224 ex
3094 2179 3236 2226 coetu
3277 2171 3516 2226 ﬁdelium

1933 2250 2381 2312 proponerentur,
2416 2241 2870 2312 etcommunibus
2898 2241 3151 2312 precibus
3189 2241 3518 2312 impetrare-

1936 2311 2049 2375 tur,
2070 2321 2128 2366 ut
2160 2327 2323 2382 unum
2369 2327 2432 2366 ex
2465 2311 2569 2365 illis
2601 2311 2782 2382 divina
2828 2311 3130 2382 designatio
3171 2311 3475 2382 sublegeret
3498 2353 3514 2378 ,

1935 2398 2094 2453 quem
2128 2383 2182 2436 in
2220 2380 2398 2453 locum
2419 2381 2711 2453 proditoris
2735 2380 2891 2453 dudm
2930 2380 3514 2453 apostoluminuinera—

1936 2450 2057 2508 rent
2086 2471 2098 2508 :
2128 2453 2270 2523 quod
2297 2453 2348 2523 in
2385 2450 2606 2506 Matthia
2630 2450 2926 2523 perfectum
2951 2450 3118 2508 fuisse
3156 2452 3354 2506 ibidem
3384 2453 3516 2523 legi-

1935 2541 2054 2580 mus
2095 2522 2212 2592 cap.
2237 2538 2275 2577 1.
2300 2522 2593 2578 Exordium
2619 2522 2782 2594 igitur
2817 2533 3090 2594 gestorum
3121 2522 3514 2593 pontiticalium

1933 2595 2114 2660 Petri,
2158 2594 2409 2649 Ecclesia:
2439 2594 2704 2648 universa:
2739 2595 2978 2663 regimen
3016 2594 3360 2664 suscipientis
3383 2594 3512 2650 llic-

1934 2664 2222 2737 rosolymis
2238 2705 2253 2729 ,
2285 2665 2450 2737 coepit
2478 2665 2799 2737 aboepiscopi
2817 2704 2832 2728 ,
2856 2665 2970 2737 sive
2999 2665 3226 2736 apostoli
3249 2665 3516 2720 electione

1933 2747 1988 2791 et
2033 2734 2457 2791 consecratione.
2491 2734 2687 2789 ibidem
2735 2736 3008 2791 noscimus
3032 2734 3204 2791 fusum
3251 2745 3515 2804 susceptae

1933 2807 2217 2878 potestatis
2250 2805 2536 2878 sacerdotii
2562 2805 2630 2860 ab
2658 2806 2916 2875 apostolis
2936 2807 3175 2875 quotidie
3213 2805 3518 2878 frequenta-

1933 2877 2088 2946 tum(
2121 2886 2280 2946 atque
2323 2877 2456 2947 adeo
2505 2891 2535 2930 a
2581 2891 2721 2930 novo
2762 2878 3109 2947 presb'ytero,
3143 2877 3424 2947 episcopo,
3463 2885 3518 2932 ct

1932 2947 2174 3019 apostolo
2197 2947 2420 3019 Matthia
2445 2946 2484 3017 ),
2525 2955 2637 3019 tuin
2670 2946 2724 3000 in
2755 2946 3469 3019 verboDeiinterpretamlo
3497 2988 3512 3012 ,

1935 3015 2045 3073 tum
2076 3021 2127 3072 in
2158 3015 2492 3073 orationibus
2534 3015 2853 3082 efferendis,
2901 3026 3012 3072 tum
3047 3017 3099 3071 in
3130 3015 3398 3072 sacriﬁcio
3429 3018 3514 3071 in-

1933 3099 2157 3145 cruento
2186 3088 2456 3149 iterando,
2504 3097 2557 3142 et
2581 3103 2719 3156 pane
2745 3088 3104 3143 eucharistico
3132 3087 3376 3142 lidelibus
3404 3089 3518 3141 dis-

1935 3161 2237 3225 tribuendo,
2268 3175 2332 3214 ex
2365 3174 2506 3214 vers.
2539 3157 2608 3211 42
2637 3167 2690 3212 et
2714 3157 2784 3211 46
2817 3158 3009 3227 capitis
3044 3159 3264 3214 secundi
3298 3175 3310 3210 ε
3339 3157 3512 3212 Erant

1935 3243 2106 3286 autent
2125 3239 2510 3301 perseverantes
2532 3230 2585 3301 in
2607 3229 2843 3301 doctrina
2873 3231 3226 3301 apostolorum
3249 3267 3264 3293 ,
3293 3237 3510 3301 et_cont-

1933 3297 2282 3356 ntunicatione
2301 3299 2570 3370 [ractionis
2592 3299 2741 3368 panis
2755 3309 2801 3352 et
2823 3297 3145 3353 orationibus
3162 3340 3176 3364 ,
3200 3309 3304 3353 etc.
3331 3297 3517 3370 Quoti-

1932 3374 2016 3426 die
2060 3387 2261 3442 quoque
2301 3368 2688 3442 perseverantes
2722 3369 3043 3442 unanimiter
3093 3371 3147 3422 in
3189 3368 3416 3442 templ‘o,
3463 3379 3513 3422 et

1933 3440 2228 3512 frangentes
2243 3443 2381 3512 eirea
2399 3441 2579 3512 domos
2600 3456 2807 3512 partem,
2838 3449 2943 3494 etc.
2971 3440 3326 3512 Presbyteros
3347 3440 3512 3512 etiam

1931 3510 2256 3567 constitutos
2299 3510 2687 3582 Hierosolymis
2716 3511 2782 3582 ab
2814 3511 3073 3580 apostolis
3120 3510 3377 3582 docemur
3408 3510 3513 3582 Ac-

1934 3595 2083 3636 tuum
2115 3597 2234 3650 cap.
2276 3596 2369 3645 xv,
2411 3580 2626 3649 quando
2658 3580 2990 3636 Antiochena
3046 3581 3282 3635 Ecclesia
3317 3581 3516 3650 legavit

1931 3652 2156 3708 Paulum
2178 3691 2194 3717 ,
2229 3660 2285 3704 et
2304 3651 2603 3704 Barnabam
2623 3691 2636 3713 ,
2663 3659 2716 3703 et
2747 3656 3006 3719 quosdam
3035 3652 3170 3706 alios
3199 3655 3266 3704 ad
3307 3662 3514 3719 aposto-

1933 3723 2010 3777 los
2036 3732 2082 3776 et
2110 3723 2430 3792 presbyteros
2456 3721 2522 3792 in
2543 3720 2870 3792 Hierusalem
2902 3737 3053 3785 super
3078 3723 3176 3774 hac
3205 3723 3507 3792 quastione,

1934 3790 2138 3849 scilicet
2171 3793 2237 3846 de
2274 3790 2686 3845 circumcisione
2711 3830 2726 3854 ,
2774 3791 3002 3861 aliisque
3053 3790 3308 3861 legalibus
3345 3807 3512 3846 carro-

1934 3864 2149 3919 moniis.
2184 3862 2312 3917 Post
2340 3861 2512 3915 cilicia
2545 3861 2901 3930 apostolatus,
2935 3864 3047 3915 sive
3086 3863 3428 3931 episcopatus
3457 3872 3514 3916 ct

1935 3934 2254 4006 presbyterii
2283 3973 2298 3998 ,
2339 3932 2532 3987 electio
2562 3941 2769 4006 septem
2793 3932 3185 4006 diaconorum,
3215 3947 3512 4006 eorumque

1933 4002 2199 4060 ordinatio
2246 4019 2342 4073 per
2381 4017 2663 4074 manuuth
2692 4003 3086 4074 impositioncm
3143 4005 3209 4057 ab
3251 4002 3508 4074 apostolis

1953 4085 2151 4130 ieracta
2182 4074 2200 4146 (
2218 4091 2341 4146 cap.
2379 4080 2470 4146 rt)
2495 4073 2783 4146 complevit
2827 4073 3184 4146 hierarchiam
3235 4073 3508 4146 DRSt‘ClIilS

1953 4094 2151 4130 ieraCta
2182 4094 2200 4146 ς
2226 4094 2341 4143 cap.
2379 4094 2424 4126 Vl
2456 4094 2783 4144 μευιιψιυγιι
2827 4094 3184 4128 lllCl'ﬂl'Clllillll
3236 4094 3507 4128 llﬂSt‘CllllS

1932 4094 2187 4226 Ecclesiae
2207 4143 2602 4226 Hierosolymis
2628 4159 2782 4226 anno
2796 4145 3032 4226 primoa
3055 4144 3254 4226 Christi
3296 4145 3507 4226 Domini

1935 4217 2227 4282 Passione;
2261 4230 2422 4286 quam
2450 4215 2678 4270 formam
2719 4215 2823 4286 sibi
2859 4215 3145 4286 traditam
3172 4225 3283 4268 tum
3318 4215 3506 4286 Antio-

1933 4290 2107 4344 chena
2154 4282 2358 4341 imitata
2406 4295 2521 4351 est,
2571 4286 2695 4339 dum
2746 4285 2799 4338 in
2831 4282 2911 4353 ,ea
2956 4284 3269 4340 cathedram
3318 4285 3509 4339 Petrus

1933 4359 2144 4423 erexit,
2177 4366 2286 4411 tum
2313 4357 2554 4411 Romana
2578 4356 2845 4424 suscepit,
2873 4364 2925 4411 ct
2955 4364 3265 4411 constanter
3287 4355 3505 4420 retinet,

1933 4445 1998 4484 ex
2039 4444 2145 4498 quo
2175 4429 2280 4482 huc
2309 4427 2584 4481 transtulit
2607 4425 2969 4497 apostolorum
2995 4425 3254 4498 Princeps
3285 4427 3508 4498 univer-

241 4511 370 4567 eum
403 4497 548 4550 cruci
574 4496 789 4549 allixum
831 4497 973 4551 inter
999 4505 1281 4564 utramque
1328 4505 1525 4550 metam
1583 4493 1826 4563 ejusdem
1854 4507 1905 4567 ι)
1931 4493 2097 4556 salem
2127 4498 2439 4554 cathedram
2468 4507 2522 4551 et
2561 4493 2870 4566 primatum.
2903 4499 2976 4552 De
3021 4493 3368 4550 Antiochense
3403 4497 3505 4550 Ec-

238 4566 375 4621 etrci
394 4581 555 4636 pr0pe
575 4582 731 4635 quem
753 4567 922 4620 locum
940 4567 1218 4620 Evaristus
1241 4568 1449 4620 titulum
1464 4568 1826 4635 superstruxit

240 4637 514 4706 sepulcro,
542 4637 926 4691 Constantinus
950 4638 1228 4692 basilicam
1259 4637 1592 4692 Vaticanum.
1612 4636 1826 4693 Primus

243 4708 492 4778 omnium
513 4747 528 4772 ,
557 4715 615 4760 ut
666 4707 921 4773 arbitror,
959 4707 1232 4776 Maphwus
1262 4707 1498 4778 Veggius
1546 4717 1825 4778 argutatus

238 4785 322 4850 est
331 4799 355 4850 _-,
385 4776 520 4850 inter
545 4787 816 4850 utramque
856 4788 1044 4832 metam
1064 4817 1078 4842 ,
1103 4781 1248 4848 quod
1297 4776 1366 4832 in'
1389 4776 1544 4850 Actis
1573 4776 1820 4850 martyrii

241 4845 461 4918 legitur,
499 4845 797 4918 itaiexpo'ni
819 4857 1069 4918 oportere
1094 4845 1193 4902 z'ut
1214 4857 1356 4904 meta
1379 4865 1486 4903 una
1512 4849 1676 4903 fuerit
1697 4845 1819 4903 obe-

239 4915 400 4971 liscus
421 4917 546 4971 circi
572 4915 870 4972 Neroniani
893 4920 960 4973 ad
993 4919 1201 4974 radices
1234 4919 1479 4974 Vaticani
1503 4919 1690 4984 collis,
1730 4928 1823 4974 aut

237 4987 554 5061 sepulcrum
572 4987 696 5061 moli
715 4989 940 5061 Adriani
964 4991 1303 5061 proximum,
1331 4991 1490 5044 modo
1512 4990 1815 5061 disjectum,

240 5057 386 5131 quod
417 5057 685 5131 Scipionis
712 5057 1073 5121 Africani.'vel
1099 5058 1333 5131 Romuli,
1363 5061 1556 5131 vulgus
1585 5057 1820 5131 appella-

241 5126 368 5201 bat;
398 5126 566 5184 altera
594 5144 723 5185 vero
751 5131 979 5201 pyramis
1027 5131 1246 5201 sepulcri
1287 5126 1549 5201 Cestiani,
1583 5126 1692 5185 tota
1717 5131 1820 5188 Ur-

243 5199 329 5273 bis
348 5201 615 5273 diametro
645 5199 830 5256 dissita
862 5216 893 5255 a
917 5201 1066 5273 circo
1082 5199 1369 5273 Vaticano.
1395 5200 1724 5273 (Torrigius,
1755 5203 1819 5256 de

242 5267 451 5341 Cryptis
492 5270 786 5336 Vaticanis,
822 5289 942 5341 pag.
970 5271 1090 5326 195.
1115 5272 1133 5340 )
1159 5270 1304 5326 Nova
1344 5267 1501 5342 plane
1536 5267 1819 5328 niethOdus

245 5352 326 5394 est
355 5342 456 5396 loci
496 5343 811 5411 designandi
839 5357 1001 5412 quam
1025 5357 1184 5397 nemo
1212 5358 1276 5396 ex
1305 5343 1686 5408 luctatoribus,
1721 5354 1815 5398 aut

244 5413 555 5467 architectis
584 5411 886 5482 usurparet.
934 5411 1100 5466 Nemo
1128 5415 1366 5482 prudens
1387 5423 1534 5467 certe
1559 5414 1765 5469 diceret
1793 5454 1808 5478 ,

245 5484 483 5553 reginam
544 5484 840 5537 Succorum
894 5483 1222 5536 Christinam
1291 5500 1601 5552 supremum
1663 5487 1807 5539 diem

215 5550 424 5606 Romae
463 5555 660 5606 obiisse
711 5555 763 5606 in
787 5555 990 5607 aedibus
1017 5555 1136 5608 sitis
1168 5556 1307 5608 inter
1335 5550 1626 5609 obeliscum
1663 5555 1809 5608 Vati-

241 5638 432 5703 eaoum
472 5634 522 5676 et
559 5626 889 5703 pyramidem
915 5623 975 5678 C.
1002 5624 1202 5689 Cestii,
1230 5634 1288 5703 ut
1318 5625 1458 5680 :edes
1499 5625 1806 5703 Riariorum

244 5694 544 5759 indicaret,
599 5694 740 5749 inter
781 5707 1070 5762 utrumque
1113 5695 1400 5749 terminum
1441 5695 1806 5762 constitutas;

244 5778 383 5831 cum,
419 5775 529 5819 tota
560 5764 700 5820 Urbe
721 5767 1102 5836 interjacente,
1143 5764 1299 5834 hujus
1325 5766 1620 5820 int'tumeris
1643 5767 1805 5836 parti-

720 5856 988 5915 Pnn0t..
1036 5856 1138 5913 CX
1157 5855 1330 5915 XVII

1929 4571 2108 4625 clesite
2149 4569 2453 4624 hierarchia
2505 4569 2675 4621 tribus
2722 4569 2867 4622 hisce
2907 4568 3159 4638 gradi-bus
3217 4569 3507 4638 constituta

1928 4651 2091 4696 testes
2120 4650 2246 4696 sunt
2279 4641 2471 4692 litterae
2502 4640 2643 4693 illius
2675 4636 2931 4693 Ecclesiai
2952 4638 3251 4691 antistitum
3283 4652 3312 4689 a
3340 4636 3504 4692 Petro

1924 4713 2330 4782 proximorum,
2368 4709 2881 4782 prwsertimlgnatii
2920 4707 3209 4782 martyris,
3255 4707 3346 4782 qui
3381 4723 3506 4782 pro-

1923 4777 2102 4838 itimus
2129 4784 2198 4837 ab
2221 4777 2426 4836 Evodio
2447 4777 2894 4834 successit‘Petro
2918 4818 2933 4842 ,
2964 4780 3178 4832 eosdem
3203 4777 3401 4847 gradus
3423 4779 3506 4832 di-

1921 4863 2065 4910 serte
2095 4861 2479 4908 memorantes.
2514 4853 2588 4904 De
2614 4851 2858 4904 Romana
2887 4864 3016 4902 vero
3048 4847 3190 4901 nulla
3221 4863 3328 4902 non
3370 4857 3504 4903 actas

1922 4924 2288 4980 testimonium
2320 4921 2526 4985 reddit,
2560 4929 2624 4991 et
2643 4919 2939 4991 praesertim
2987 4919 3075 4973 hic
3120 4917 3254 4972 liber
3283 4918 3504 4991 Pontili-

1922 4996 2085 5060 calis,
2119 4995 2172 5048 in
2205 4991 2432 5063 singulis
2450 4988 2794 5063 pontiﬁcibus
2825 5003 3130 5063 memorans
3158 4988 3504 5063 presbyteros

1921 5077 1976 5121 et
2015 5059 2268 5121 diaconos
2295 5059 2568 5116 Ecclesia:
2612 5060 2868 5116 Romanae
2912 5060 2980 5113 ab
3026 5060 3157 5130 ipsis
3211 5059 3398 5124 datos,
3447 5069 3495 5114 et

1923 5138 2206 5207 episcopos
2234 5133 2526 5207 aliquando
2558 5142 2764 5207 tantum
2789 5129 3219 5194 suburbicarios,
3238 5130 3484 5207 “quando-

1923 5199 2028 5275 que
2053 5199 2214 5260 etiam
2248 5204 2301 5256 in
2329 5199 2453 5275 aliis
2482 5202 2791 5275 civitatibus
2834 5217 2931 5270 per
2956 5199 3499 5275 tractunt__0cciden-

1927 5269 2046 5330 talis
2090 5274 2488 5345 patriarchatus
2530 5274 2804 5328 institutos
2835 5269 2850 5324 Ξ
2882 5286 3050 5340 quare
3099 5269 3262 5345 in_iis
3305 5283 3497 5345 recen-

1923 5339 2106 5402 sendis
2135 5346 2448 5416 plerumque
2491 5345 2706 5398 additur
2735 5339 2999 5416 episcopos
3029 5357 3121 5410 per
3147 5340 3349 5416 diversa
3379 5339 3496 5393 lora

1920 5412 2230 5471 numero'N.
2271 5412 2612 5469 Deﬁnumero
2662 5415 3098 5484 presbyterorum
3148 5422 3207 5484 ct
3245 5412 3498 5484 diacono-

1921 5503 2039 5540 rum
2091 5487 2343 5538 Romana:
2382 5483 2632 5538 Ecclesia}
2664 5480 2779 5538 'crit
2815 5480 2953 5538 infra
3003 5481 3212 5536 dicendi
3252 5480 3398 5534 locus
3443 5481 3495 5532 in

1921 5556 2041 5609 Vita
2070 5555 2127 5609 S.
2162 5556 2320 5609 Cleti.
2351 5554 2446 5610 llic
2473 5555 2702 5608 observo
2743 5555 3024 5623 episcopos
3069 5551 3340 5623 adjutores
3385 5558 3497 5603 tres

1917 5643 1944 5680 a
1975 5627 2135 5681 Petro
2174 5627 2448 5679 institutos
2501 5628 2643 5679 circa
2678 5621 2875 5680 Urbem
2907 5621 2941 5688 ,”
2976 5623 3197 5682 Linum,
3238 5621 3444 5674 Clctum
3477 5660 3491 5684 ,

1915 5696 2278 5761 Clementem,
2315 5705 2373 5749 ut
2401 5712 2587 5750 eorum
2643 5696 2848 5750 scilicet
2896 5693 3197 5749 ministerio
3226 5693 3408 5760 peragi
3440 5691 3492 5744 in

1916 5766 2062 5827 Hebe
2089 5776 2273 5839 posset
2304 5768 2677 5838 episc0pornm
2708 5766 3044 5822 consecratio
3064 5804 3079 5830 ,
3103 5777 3223 5833 qua:
3241 5777 3305 5816 ex
3336 5761 3484 5814 insti-

2980 5855 3057 5915 33
