3964 6320
54 396 194 454 1057

867 396 1185 455 HISTORIA
1222 396 1312 452 DE
1351 397 1525 454 VITIS
1564 395 1707 454 ΙίοΜ
1766 396 1968 454 ΡΟΝΤ.
2006 421 2075 438 -ν
2112 398 2171 453 S.
2213 396 2438 452 LINUS.

3191 396 3328 453 1058

47 528 147 583 per
175 525 340 585 quam
366 510 585 581 angelos
610 510 832 577 faceret,
884 523 938 568 et
987 514 1364 584 arcltangelos,
1416 514 1525 569 imo
1580 522 1636 570 et
1662 519 1712 577 Α
1738 514 2064 585 percipiendi
2105 514 2515 569 demonstrans:
2551 512 2867 585 tumvolata
2902 511 3218 567 feminarum
3251 516 3327 569 fa'

45 582 368 653 angelorum
411 592 594 637 errata
637 585 952 639 emendaret
988 602 1001 639 :
1053 587 1128 639 uti
1171 582 1236 641 es
1286 586 1490 641 Irenaeo
1530 586 1637 641 late

46 654 301 722 exposuit
322 654 588 710 Baronius
618 656 686 710 ad
707 670 907 710 annum
943 656 1034 722 35,
1065 672 1294 712 numero
1337 656 1408 712 ‘20
1459 667 1514 713 et
1560 672 1644 713 se-

51 725 360 796 quentibus.
1200 740 1205 743 ·

119 796 260 851 Huic
305 796 474 868 igitur
521 806 768 853 nascenti
821 797 1173 868 impudentia:
1222 799 1505 855 muliebris
1551 816 1644 856 su-

44 839 768 942 perbim,ahltaereticoruttt
820 839 1190 942 protagonista
1249 870 1472 926 Simone
1525 839 1636 939 jam

48 947 159 992 tum
187 939 442 1013 excitata:
469 938 533 1013 ad
557 938 878 1013 docendum,
904 938 1376 1013 etcurrigendum,
1396 952 1451 996 et
1479 938 1639 1013 paulo

43 1020 232 1081 posta
268 1009 528 1083 proximis
582 1010 833 1083 sectariis
889 1012 1044 1066 elata:
1095 1009 1161 1067 ad
1212 1009 1634 1083 prtesidcn'dum,

46 1082 455 1147 haptizandum,
502 1091 557 1135 et
580 1080 920 1137 offerendum
975 1098 1124 1137 more
1170 1080 1521 1148 sacerdotali,
1572 1100 1637 1139 eo

46 1152 283 1224 validius
304 1152 572 1207 obsistere
620 1153 921 1224 debuerunt
967 1155 1220 1223 apostoli,
1269 1171 1378 1224 quo
1425 1153 1636 1209 facilius

46 1223 280 1290 gliscere
307 1224 359 1294 in
391 1232 637 1293 posteros
658 1223 886 1278 subinde
915 1233 1143 1294 poterat,
1169 1223 1431 1280 memoria
1480 1239 1636 1294 repe-

49 1295 265 1365 tituros,
311 1293 714 1348 Samaritannm
768 1293 928 1348 illum
966 1295 1269 1361 Simonem,
1325 1293 1630 1365 hujusmOdi

45 1364 396 1432 (iugulatum,
443 1374 498 1420 et
551 1365 891 1435 itnpietatum
931 1368 1286 1421 architectum
1314 1408 1327 1432 ,
1375 1364 1634 1435 apostolis

48 1437 288 1490 abinitio
307 1435 615 1508 adbtesisse,
648 1452 678 1490 a
705 1438 901 1504 quibus
932 1437 1299 1508 postuIaVerat
1321 1445 1380 1491 ut
1417 1437 1634 1491 cuicun-

46 1524 144 1574 que
168 1523 367 1561 manus
394 1507 699 1576 imponeret
724 1508 988 1577 Spiritum
1015 1516 1262 1563 sanctum
1288 1507 1581 1577 largiretur
1613 1526 1626 1562 :

46 1578 433 1650 reprehensum
456 1594 587 1633 vero
618 1594 646 1631 a
673 1577 853 1642 Petro,
878 1590 934 1635 et
959 1579 1025 1635 ad
1046 1580 1417 1650 ptenitentiam
1440 1579 1632 1633 cohor—

48 1659 217 1702 totum
267 1649 519 1718 precibus
569 1650 877 1719 apostolicis
922 1664 982 1705 se
1029 1649 1439 1705 eotntnendassc
1487 1649 1626 1720 (Act.

46 1721 178 1788 nn).
229 1720 493 1775 Intererat
528 1720 649 1774 ﬁdei
685 1722 1004 1790 mqualium,
1043 1737 1106 1776 ac
1151 1730 1525 1790 posterorum,
1576 1730 1633 1775 ut

48 1792 369 1860 intelligeret
424 1790 655 1846 feminas
690 1794 970 1848 universas
1014 1793 1085 1847 ita
1114 1807 1233 1848 esse
1260 1807 1289 1845 a
1328 1792 1631 1845 sacerdotio

46 1863 315 1941 echuSuS,
348 1872 408 1941 ut_
435 1862 561 1916 nulli
593 1864 1277 1941 earum_permitteretur:
1308 1863 1358 1917 in
1394 1861 1629 1941 Ecclesia
1664 1882 1709 1941 Β

48 1932 211 2003 loqui,
248 1948 349 2005 nec
375 1934 591 1997 docere,
622 1948 723 1990 nec
766 1932 994 2005 tingere,
1044 1950 1144 1989 nec
1172 1932 1386 2005 diferre.
1421 1950 1519 1989 nec
1548 1932 1633 1987 ul-

47 2006 146 2059 lius
177 2004 355 2057 virilis
391 2005 655 2069 muneris,
686 2004 881 2062 nedum
919 2004 1268 2061 sacerdotalis
1311 2005 1469 2061 ollicii
1515 2018 1634 2059 sor-

49 2086 147 2130 tem
197 2075 303 2130 sibi
353 2076 667 2130 vindicare:
700 2096 718 2129 ι
758 2078 1209 2132 quemadmodum
1251 2077 1504 2131 distincte
1552 2090 1635 2129 rc-

48 2148 252 2201 censuit
280 2146 577 2219 Septimius
608 2146 831 2202 Tertull.
861 2148 927 2201 de
962 2148 1203 2202 velandis
1235 2146 1401 2219 Virg.,
1434 2163 1552 2216 cap.
1578 2147 1629 2201 9.
1660 2206 1665 2209 _

48 2219 121 2271 Ad
148 2218 401 2272 tuendam
424 2217 557 2286 legis
590 2219 743 2273 istius
765 2220 1139 2273 auctoritatem
1168 2228 1278 2273 ttnn
1304 2217 1356 2273 in
1382 2218 1636 2288 frequen-

52 2290 277 2363 tioribus
326 2289 593 2363 ecclesiis,
635 2300 751 2363 tum
776 2291 827 2344 in
860 2290 1091 2359 parciori
1136 2305 1365 2343 numero
1397 2289 1634 2343 ﬁdelium

50 2360 283 2429 praeditis
317 2360 589 2426 coetibus,
612 2360 970 2415 adhibendam
1003 2376 1123 2415 esse
1149 2368 1476 2415 censuerunt
1509 2374 1637 2425 apo-

51 2433 163 2484 stoli
206 2432 675 2501 compendiosum,
707 2441 978 2501 paratam,
1013 2440 1069 2486 et
1110 2432 1349 2485 omnium
1395 2430 1632 2501 aspectui

54 2503 352 2569 expositam
418 2502 843 2557 admonitionem
892 2503 944 2556 in
998 2502 1191 2571 capitis
1241 2503 1632 2572 integumento,

85 2574 183 2627 uod
208 2574 352 2628 foret
372 2575 536 2627 etiam
559 2572 867 2644 praesidium
890 2574 1165 2628 modestiae
1205 2582 1260 2627 et
1283 2573 1633 2644 castimonia‘.

98 2645 498 2700 imonebantur
524 2643 668 2699 enim
699 2645 912 2700 femina:
942 2658 1038 2715 per
1068 2644 1312 2698 velamen
1346 2643 1507 2714 capiti
1538 2643 1640 2698 im-

52 2718 323 2785 positum,
366 2717 469 2770 sub
503 2715 677 2771 aliena
724 2725 992 2785 potestate
1037 2731 1097 2771 se
1142 2717 1465 2771 constitutas
1496 2730 1636 2784 prae-

51 2789 269 2868 (Insunt
297 2786 503 2868 aditum
553 2796 813 2868 perpetuo
863 2787 1142 2842 habituras
1188 2788 1255 2841 ad
1287 2786 1512 2868 gloriam
1546 2800 1635 2840 sa-
1682 2794 1685 2797 '

53 2859 309 2923 cerdotii,
353 2858 509 2928 cujus
545 2857 667 2925 jura
705 2858 838 2913 viris
887 2867 1216 2928 prmservata
1263 2872 1386 2911 cum
1433 2857 1638 2928 honore

57 2930 308 3000 imaginis
349 2927 460 2984 suae
504 2929 766 2984 Dominus
791 2927 1092 2984 voluisset.
1119 2928 1175 2983 Id
1210 2937 1397 3000 aperto
1429 2927 1639 2997 signiﬁo
1672 2928 1673 2931 “

53 2998 187 3055 cavit
214 3000 422 3071 Paulus
453 3000 505 3054 in
538 3001 764 3055 exordio
818 3000 1021 3057 decreti
1048 3000 1225 3071 prima
1267 3000 1331 3053 ad
1360 2998 1489 3071 Cor.
1517 3013 1638 3071 cap.

54 3073 149 3126 ll:
186 3070 325 3141 Volo
367 3081 541 3125 autent
585 3088 676 3126 vos
701 3072 851 3135 scire,
898 3069 1107 3141 inquit,
1156 3071 1294 3141 quod
1335 3070 1503 3124 omnis
1545 3069 1640 3123 viri

53 3151 197 3210 caput
223 3140 473 3212 Christus
507 3152 623 3197 est:
656 3151 810 3212 caput
850 3140 1023 3196 autem
1055 3140 1290 3196 mulieris
1324 3142 1443 3196 vir:
1483 3146 1640 3210 caput

52 3230 161 3266 raro
197 3210 403 3267 Christi
437 3212 594 3267 Dens.
641 3210 825 3267 omnis
861 3213 943 3267 vir
981 3229 1157 3277 orans,
1190 3222 1284 3267 aut
1326 3212 1640 3280 prapltetans

52 3284 212 3338 velato
274 3284 465 3353 capite,
506 3285 747 3352 detnrpat
801 3295 955 3353 caput
1015 3300 1191 3337 suum.
1237 3283 1419 3338 Omnis
1469 3290 1644 3335 autem

55 3356 239 3408 mulier
290 3370 475 3419 orans,
521 3364 610 3408 aut
646 3354 960 3423 prOphetans
995 3370 1098 3408 non
1140 3355 1305 3409 velato
1333 3355 1521 3423 capite,
1552 3353 1649 3423 de-

56 3435 223 3489 turpat
280 3435 438 3494 caput
490 3422 664 3478 suum.
712 3425 778 3479 Et
826 3441 1037 3480 rursum
1086 3426 1340 3480 versic.7
1384 3422 1509 3478 ait:
1557 3422 1647 3478 Vir

55 3497 255 3564 quidem
285 3512 388 3567 non
416 3496 561 3549 debet
593 3494 762 3549 velare
783 3508 935 3566 caput
964 3512 1114 3549 suum
1134 3513 1151 3550 :
1174 3498 1423 3567 quoniam
1448 3496 1641 3567 imago,

56 3580 97 3619 et
125 3567 300 3637 gloria
338 3564 437 3619 Dei
474 3576 573 3628 est,
610 3566 789 3619 mulier
832 3564 1005 3619 autem
1035 3564 1201 3637 gloria
1240 3568 1336 3620 viri
1376 3576 1478 3637 est:
1522 3565 1647 3619 Non

59 3634 187 3690 enim
216 3640 301 3692 vir
329 3652 394 3689 ex
436 3638 653 3691 muliere
683 3646 780 3700 est,
815 3637 905 3690 sed
940 3634 1128 3690 mulier
1156 3654 1221 3691 ea:
1270 3638 1398 3690 viro.
1432 3634 1640 3689 Etenim

60 3724 153 3761 non
202 3718 283 3762 est
344 3716 549 3761 creatus
596 3709 673 3760 vir
717 3718 927 3776 propter
976 3707 1279 3771 mulierem,
1322 3707 1410 3759 sed
1459 3706 1647 3759 mulier

57 3790 261 3848 prapter
308 3778 496 3831 virum.
536 3776 666 3831 Ideo
706 3778 851 3831 debet
890 3777 1082 3831 mulier
1121 3788 1427 3847 potestatem
1457 3776 1645 3829 habere

58 3866 208 3917 supra
242 3860 404 3916 caput
436 3859 643 3918 propter
671 3848 902 3917 angelos.
945 3848 1123 3919 Quare
1155 3850 1439 3919 mysticam
1464 3859 1647 3919 aucto-

61 3921 275 3973 ritatem
314 3919 484 3988 signi,
513 3921 866 3973 contestantis
908 3920 958 3972 in
1004 3918 1176 3973 velato
1208 3918 1385 3988 capite
1421 3918 1646 3971 femina-

62 4006 207 4054 rum,
251 4000 311 4044 et
356 3990 407 4041 in
450 3997 636 4059 aperto
667 3991 904 4043 virorum
955 3988 1059 4043 illis
1090 3999 1370 4059 negatam,
1405 3989 1489 4042 his
1519 4004 1646 4041 con-

62 4076 265 4114 cessant
318 4069 640 4130 petestatem
700 4060 1021 4127 praeferendi
1073 4060 1124 4114 in
1172 4060 1472 4115 sacerdotio
1518 4059 1647 4130 ima-

61 4132 233 4202 ginem
290 4128 349 4186 e't
382 4132 606 4202 gloriam
667 4131 901 4196 Christi,
960 4140 1104 4185 recte
1143 4147 1202 4185 se
1248 4129 1515 4202 alﬁrmaut
1555 4128 1647 4202 de:

62 4200 404 4271 prehendere
437 4203 491 4257 in
537 4202 756 4272 decreto
808 4211 863 4256 et
901 4201 1080 4272 verbis
1125 4200 1364 4272 Apostoli
1420 4200 1644 4272 tamilli

63 4273 248 4329 Patres
290 4273 385 4343 qui
436 4288 530 4342 per
569 4271 790 4344 angelos
834 4271 1139 4344 intelligunt
1172 4270 1375 4326 ‘hcatos
1423 4270 1646 4344 Spiritus

61 4341 675 4399 ﬁdelium'ora’tionibus
705 4342 1075 4413 praasitlentes,
1119 4358 1279 4411 quam
1321 4341 1504 4413 catteri
1550 4342 1642 4411 qui

63 4416 366 4487 angelicum
394 4411 750 4469 ministerium
779 4424 1087 4469 nostrorum
1109 4413 1450 4467 sacerdotum
1485 4411 1647 4467 inter-

66 4496 368 4555 pretantur.

132 4556 268 4612 Nam
313 4564 541 4626 uterque
570 4556 706 4610 ritus
737 4555 997 4613 velandae,
1022 4554 1253 4619 femineo,
1282 4564 1337 4609 et
1377 4554 1477 4608 viri
1518 4562 1645 4626 ante

66 4602 1256 4715 ῡεῖιῌξέίξίέιίἇῖξεὲιῌίῖἑ,ίίἷίὲἐὶόᾏιὶἧῖὂὶῐί
1286 4602 1646 4707 Emissis:
1671 4612 1724 4670 D
1764 4602 1769 4607 ’
1820 4648 1986 4705 Linea
2010 4650 2057 4704 ι,
2090 4680 2160 4690 _
2186 4648 2367 4714 unus,
2401 4652 2609 4705 ηαεεοηε
2634 4649 2824 4715 nam,

68 4708 161 4763 tat,
190 4698 446 4767 dirigitur
468 4699 553 4751 ad
576 4697 820 4751 eamdem
865 4696 1257 4752 confessionem
1304 4696 1499 4765 capitis
1527 4698 1645 4750 uni-

69 4768 202 4824 versi
234 4768 525 4823 sacerdotii
556 4768 609 4822 in
637 4768 853 4824 Christo
881 4783 976 4822 sua
1021 4780 1073 4823 te
1098 4777 1289 4822 natura
1316 4767 1474 4837 positi
1498 4767 1643 4838 (cum

69 4843 217 4893 radix
266 4840 340 4893 sit
384 4839 739 4893 sanctitatis).
777 4846 834 4893 et
874 4855 905 4893 a
936 4784 1152 4893 Christo
1181 4838 1643 4893 emanantisznon

69 4843 217 4894 radix
266 4840 340 4895 sit
384 4839 739 4910 sanctitatis),
777 4846 834 4893 et
874 4855 905 4893 a
936 4838 1152 4895 Christo
1181 4838 1644 4910 emanantismon

65 4911 283 4979 quidem
326 4911 380 4964 in
427 4910 664 4992 angelos,
708 4925 845 4979 quos
887 4925 992 4992 non
1041 4909 1409 4992 apprehendit_
1448 4909 1516 4992 ad
1542 4910 1647 4992 in-

69 4991 355 5036 cruentum
384 4979 709 5037 sacriﬁcium
748 4995 904 5035 suum
940 4979 1274 5046 iterandum,
1316 4979 1411 5035 sed
1444 4989 1650 5035 tantum

70 5056 132 5107 ad
176 5053 479 5107 ministeria
524 5066 743 5124 precum
786 5050 1211 5124 olferendarnm;
1248 5066 1424 5122 neque
1471 5052 1525 5106 in
1570 5050 1653 5124 fe-

72 5125 266 5188 minas,
312 5139 447 5192 quas
494 5122 604 5176 tum
646 5137 676 5175 a
718 5123 971 5177 sacriﬁcii
1000 5123 1388 5189 immolatione,
1436 5132 1546 5176 tum
1589 5122 1656 5177 ab

70 5194 361 5249 oblationis
403 5193 702 5249 ministerio
748 5193 802 5246 in
835 5193 991 5247 altari
1037 5195 1345 5263 praestando
1393 5193 1652 5257 removit,

72 5267 160 5319 sed
205 5265 369 5319 unice
414 5264 480 5319 ad
513 5264 939 5330 viros,'donatos
973 5262 1225 5333 imagine,
1258 5273 1314 5318 et
1348 5262 1518 5334 gloria
1560 5279 1654 5317 ca-

74 5337 196 5406 pitis
258 5336 547 5407 sacerdotii
600 5345 655 5407 et
710 5334 977 5407 pontiﬁcis
1021 5336 1208 5388 :eterni
1264 5334 1466 5390 Christi
1515 5336 1657 5389 inter

74 5409 323 5462 homines
345 5406 697 5477 praeferenda,
714 5406 844 5460 cum
872 5416 1136 5476 potestate
1159 5406 1371 5460 caeteris
1394 5407 1654 5474 denegata

76 5478 440 5544 ministrandi,
482 5477 765 5543 olferendi,
798 5478 1169 5541 consecrandi,
1206 5486 1262 5531 ct
1291 5477 1649 5532 sacriﬁcandi.

77 5549 399 5619 Dignitatem
433 5557 611 5617 itaque
654 5547 819 5601 divini
850 5549 1039 5616 capitis
1066 5549 1267 5602 Christi
1288 5549 1555 5618 praedicat
1584 5564 1652 5602 et

74 5618 188 5672 aivo
223 5619 590 5688 apostolorum
635 5618 849 5672 inducta
899 5629 1010 5672 tum
1053 5620 1104 5672 in
1135 5619 1357 5688 virisoad
1402 5620 1654 5673 sacerdo-

78 5691 209 5761 tium
247 5686 402 5744 fectis
432 5699 673 5754 tonsura,
701 5698 752 5744 et
785 5704 986 5761 corona
1020 5688 1237 5761 Christi,
1272 5686 1415 5761 Petri
1450 5689 1656 5761 legibus

74 5760 194 5829 iure
220 5760 501 5826 attributa,
545 5769 606 5815 ut
631 5761 767 5814 infra
796 5758 1096 5814 videbimus
1124 5760 1177 5814 in
1212 5759 1453 5823 Aniceto,
1485 5758 1540 5813 (εἰ
1571 5774 1655 5814 sa-

78 5831 383 5884 ierilotium
445 5832 550 5886 illis
615 5830 1069 5886 communicatum
1139 5830 1488 5900 signiﬁcans;
1540 5837 1655 5900 tum

79 5911 331 5967 apertum
378 5902 602 5959 aliorum
645 5903 883 5958 virorum
918 5909 1109 5971 caput,
1156 5899 1466 5956 facultatem
1517 5899 1659 5955 illius

1748 584 1896 649 eies,
1945 593 1999 640 et
2047 594 2234 655 caput,
2281 585 2643 640 exclusionem
2700 584 2769 639 ab
2820 585 3009 655 eadem
3062 594 3328 653 potestate

1744 657 2090 727 percipienda
2116 654 2455 727 contestans.
2488 655 2617 727 Quae
2646 671 2750 712 non
2787 654 2921 710 levia
2952 670 3073 711 cum
3103 655 3209 727 sint
3240 656 3329 711 do-

1744 725 1994 783 cumenta
2040 736 2236 782 nostra:
2283 725 2662 791 confessionis,
2711 727 3063 781 mediatorem
3108 726 3326 783 unicum

1744 798 1909 853 Deum
1960 799 2100 853 inter
2139 808 2195 854 et
2243 799 2491 853 homines
2530 794 2804 852 Christum
2845 797 3166 868 prolitentis,
3216 800 3329 853 sive

1740 884 1863 925 cum
1904 868 2069 924 semel
2118 869 2363 923 introivit
2393 869 2444 921 in
2490 879 2698 935 sancta,
2743 869 2855 922 sive
2886 883 3008 923 cum
3048 869 3327 937 apostolis,

1739 949 1796 996 et
1819 940 2191 996 sacerdotibus
2235 940 2365 1003 suis,
2395 948 2453 993 ut
2479 949 2745 1008 potestate
2784 939 2986 994 eisdem
3022 939 3239 1004 tradita,
3274 949 3330 995 et

1743 1020 1938 1081 negata
1967 1012 2181 1066 caeteris
2208 1020 2521 1076 uterentur;
2561 1027 2665 1064 non
2694 1011 2831 1065 levis
2855 1011 3018 1081 etiam
3047 1014 3326 1081 momenti.

1738 1079 2134 1164 sedulitagnum
2181 1082 2628 1164 operarpret'i‘um
2669 1081 2769 1135 fuit
2812 1089 2922 1164 tum
2974 1080 3024 1133 in
3073 1079 3328 1164 Epistolis

1737 1152 1909 1219 Pauli,
1945 1149 2056 1207 tum
2102 1152 2155 1207 in
2184 1149 2416 1207 decretis
2444 1168 2472 1206 a
2504 1152 2662 1207 Petro
2698 1168 2793 1223 per
2822 1150 3014 1223 Linum
3045 1149 3226 1223 editis,
3263 1169 3327 1209 ea

1738 1225 2076 1293 consignari,
2131 1239 2250 1292 qua:
2309 1224 2374 1278 de
2433 1221 2714 1278 velandis'
2754 1221 3068 1277 mulieribus
3122 1222 3175 1277 in
3239 1225 3327 1279 itt-

1736 1310 1922 1364 gressu
1996 1293 2239 1350 ecclesiae
2315 1294 2606 1366 scriptores
2676 1294 2924 1350 Vitarum
2992 1306 3327 1351 commemo-

1739 1374 1879 1419 rant.

1808 1434 2122 1506 Duxi-haee
2156 1434 2487 1491 enucleatius
2537 1436 2853 1506 explicanda
2892 1434 3179 1491 occasione
3235 1435 3327 1493 de-

1736 1505 2198 1578 eretirapostoliei
2239 1507 2304 1578 de
2349 1507 2575 1561 velando
2614 1507 2938 1562 feminarum
2968 1507 3146 1576 capite
3186 1507 3328 1561 inter

1734 1577 1996 1632 orandum
2053 1577 2106 1631 in
2167 1577 2396 1633 ecclesia
2453 1578 2541 1647 (de
2581 1595 2687 1647 quo
2721 1578 2955 1633 dubitari
2987 1592 3328 1647 nequaquam

1739 1657 1939 1719 potest,
1974 1649 2103 1720 quio
2133 1650 2201 1720 ab
2233 1648 2491 1720 apestolis
2537 1651 2606 1702 sit
2634 1649 2923 1720 prolatum,
2967 1664 3090 1704 cum
3120 1648 3329 1718 legatur

1736 1718 1789 1775 in
1810 1720 2048 1791 Epistola
2077 1718 2274 1789 Pauli),
2298 1736 2402 1775 non
2434 1721 2593 1774 modo
2616 1718 2673 1773 ut
2699 1721 2902 1775 decreti
2934 1720 3040 1773 vim
3083 1736 3330 1775 causam~

1738 1808 1840 1862 que
1875 1791 2234 1862 illustrarem,
2272 1791 2366 1845 sed
2422 1792 2584 1845 etiam
2636 1799 2693 1845 tit
2746 1794 2914 1859 possit
2946 1793 3331 1862 unusquisque

1739 1856 1863 1917 inde
1892 1856 2165 1933 colligere,
2192 1863 2327 1933 ritus
2358 1862 2615 1933 mysticos
2655 1861 2722 1915 ab
2747 1856 3008 1931 apostolis
3053 1856 3331 1919 inétituios

1736 1933 1904 1988 fuisse
1924 1931 2068 2003 quia
2088 1931 2332 1987 ﬁdelibus
2358 1931 2711 1988 servarentur
2733 1934 2784 1987 in
2809 1933 3036 2002 publicis
3055 1934 3330 2002 precibus,

1736 2014 1792 2060 et
1830 2005 2215 2069 conventibus;
2252 2020 2426 2073 neque
2462 2006 2545 2058 bis
2589 2006 2864 2075 mysteriis
2890 2005 3134 2059 caruisse
3163 2005 3328 2058 etiam

1737 2075 2062 2137 velamenta,
2118 2083 2434 2130 eorumdem
2482 2076 2849 2145 apostolorum
2900 2076 3155 2130 mandato
3207 2075 3329 2144 qui-

1720 2147 1962 2220 busdam
1993 2145 2180 2211 vetita,
2223 2146 2543 2220 quibusdam
2600 2148 2895 2220 assignato.
2930 2147 2985 2202 Si
3038 2147 3182 2220 enim
3215 2147 3331 2200 haec

1739 2218 2027 2271 admittant
2050 2232 2271 2272 necesse
2294 2228 2375 2270 est
2409 2217 2572 2270 etiam
2604 2218 2675 2270 illi
2712 2217 2972 2284 haeretici,
3003 2217 3093 2286 qui
3122 2218 3330 2286 Episto-

1738 2287 1816 2342 las
1843 2287 1990 2341 Pauli
2015 2287 2291 2341 nobiscum
2316 2297 2602 2341 numerant
2627 2290 2769 2343 inter
2792 2289 3104 2358 Scripturas
3133 2287 3328 2342 divini-

1704 2394 1709 2399 -
1741 2368 1827 2432 tus
1854 2360 2145 2432 inrspiralas
2167 2400 2182 2423 ,
2220 2360 2561 2432 consequitur
2621 2368 2678 2413 ut
2714 2376 2911 2432 negare
2934 2360 3173 2432 minimo
3204 2374 3329 2432 pos-

1739 2430 1847 2485 sint
1876 2431 2072 2501 rituum
2098 2445 2376 2484 sacrorum
2393 2430 2654 2498 originem
2680 2428 2809 2486 inde
2823 2430 3119 2500 profectam
3142 2428 3327 2501 fuisse,

1740 2501 1883 2555 unde
1923 2498 2161 2554 Ecclesia
2204 2502 2414 2570 accepit
2467 2502 2798 2570 Scripturas.
2824 2498 3024 2569 ‘Quare
3055 2498 3331 2555 conﬁden-

1741 2573 1846 2626 tius
1882 2587 2042 2641 quam
2080 2586 2177 2640 par
2207 2571 2277 2626 sit
2318 2572 2522 2640 plaudit
2560 2573 2658 2627 sibi
2710 2573 2997 2629 Duduellns
3028 2573 3079 2625 in
3115 2571 3327 2625 addita-

1740 2652 1925 2698 mento
1955 2644 2021 2696 ad
2049 2657 2168 2713 cap.
2196 2644 2229 2696 6
2258 2641 2535 2698 Pearsonii
2576 2644 2794 2699 dissert.
2832 2646 2888 2699 ll
2929 2644 2995 2697 de
3019 2643 3176 2697 annis
3214 2642 3327 2711 pri-

1740 2728 1952 2769 morum
2017 2712 2201 2768 Rom-.13
2261 2715 2635 2784 episcoporum
2693 2730 2920 2770 numero
2987 2712 3329 2769 16"demons

1741 2793 1969 2840 stratum
2009 2801 2038 2852 a
2072 2800 2131 2838 se
2171 2784 2336 2839 fuisse
2363 2795 2579 2855 putans,
2609 2787 2750 2856 quod
2787 2806 2805 2839 ι
2847 2786 3003 2841 Nulla
3036 2785 3329 2842 Clementis

1744 2856 2093 2928 temporibus
2126 2856 2394 2928 virginum
2450 2872 2545 2925 per
2595 2857 2774 2911 velum
2828 2858 2897 2913 ab
2946 2859 3199 2928 episc_0po
3249 2859 3332 2928 in-

1743 2922 2039 3001 duend'utnA
2070 2927 2237 3001 fuerit
2284 2922 2542 3001 solemnis
2596 2922 3175 3001 consecratiofNu'lla:
3213 2926 3327 2998 pri-

1742 2999 1877 3072 tuis
1912 2997 2315 3072 Cliris‘tiauismi
2378 2997 2730 3072 temporibus,
2790 2997 3327 3072 quaevirginitatem

1742 3068 1946 3123 fuerint
2002 3068 2086 3124 vel
2146 3066 2423 3137 professae.
2505 3069 2674 3124 Nulla:
2744 3066 2845 3127 sub
2918 3066 3198 3127 Clemente
3241 3069 3329 3123 'ad

1705 3136 2159 3212 "professionem
2188 3136 2304 3207 ejus
2332 3144 2333 3147 “
2360 3139 2630 3212 publicant
2687 3143 2952 3203 admissm,
3003 3151 3108 3198 etc.
3161 3138 3332 3195 Nullae

1671 3248 1718 3312 C

1748 3210 1979 3281 denique
2006 3221 2189 3280 postea
2241 3227 2361 3265 cum
2405 3210 2519 3279 jam
2552 3210 2696 3266 aliud
2743 3228 2779 3275 ac
2823 3214 2997 3269 viduis
3048 3212 3330 3282 Collegium

1750 3284 1877 3339 solae
1924 3283 2337 3348 constituerent,
2386 3298 2480 3337 seu
2525 3281 2647 3337 velo
2698 3281 3042 3353 imponendo,
3083 3281 3329 3338 senarii-

1747 3370 1854 3426 quo
1902 3354 2009 3408 alio
2064 3352 2287 3426 solemni
2341 3353 2447 3426 ritu
2479 3353 2546 3407 ab
2576 3352 2827 3426 episcopo
2880 3356 3231 3426 consecratio,
3261 3368 3330 3408 ne

1748 3423 1962 3496 quidem
2014 3425 2197 3494 sesqui
2236 3424 2432 3496 saeculo
2481 3441 2510 3479 a
2568 3423 2864 3481 Clementis
2918 3427 3067 3481 obitu
3123 3425 3328 3495 elapso,

1747 3494 1869 3552 cum
1918 3496 2180 3568 scriberet
2245 3494 2568 3568 Cyprianus.
2632 3515 2675 3568 »γ
2729 3496 2869 3568 Quid
2925 3498 2991 3552 de
3060 3494 3329 3568 virginum

1747 3577 1886 3623 Statu
1907 3566 2257 3638 professione,
2283 3576 2337 3619 et
2366 3565 2770 3638 rituvelaminis
2797 3568 3120 3638 suscipiendi
3144 3565 3333 3638 primis

1749 3641 1897 3694 hisce
1930 3637 2186 3691 Ecclesize
2232 3637 2566 3704 temporibus
2616 3637 2957 3692 sentiendum
3011 3640 3104 3705 sit,
3143 3637 3332 3694 eontra

1748 3709 2107 3764 sectariorum
2136 3707 2435 3762 obstinatas
2465 3707 2676 3762 inﬁcias
2696 3718 2997 3777 Opportune
3032 3710 3335 3766 videbimus

1747 3781 1799 3833 in
1834 3780 2045 3834 Soterc.
2092 3777 2245 3832 Nunc
2268 3777 2400 3831 satis
2434 3792 2555 3832 esse
2584 3780 2836 3834 auximus
2863 3782 3178 3845 observare,
3207 3796 3328 3835 mu"

1747 3850 1968 3904 lierihus
1988 3850 2252 3903 universis
2273 3863 2303 3901 a
2334 3848 2492 3902 Petro
2537 3860 2591 3904 et
2614 3849 2777 3903 Paulo
2806 3854 3114 3906 mandatunt
3145 3850 3333 3918 fuisse,

1747 3931 1805 3975 ut
1824 3923 2004 3990 capite
2021 3921 2197 3974 velato
2219 3918 2505 3974 ecclesiam
2536 3920 2976 3988 ingrederentur,
2998 3933 3054 3976 et
3074 3922 3291 3979 Orarent
3317 3939 3330 3976 :

1746 4001 1800 4047 et
1842 3992 1894 4045 in
1934 4006 1998 4045 ea
2030 4007 2088 4046 re
2119 4006 2224 4044 non
2261 3990 2420 4044 modo
2447 4001 2790 4060 prospectum
2823 3993 2991 4048 fuisse
3032 3994 3338 4051 honestatis

1747 4062 2022 4132 praesidio,
2057 4072 2111 4117 et
2142 4060 2513 4117 sanctimonia:
2544 4063 2843 4119 Christiani
2884 4075 3058 4120 ccetus
3115 4067 3170 4119 in
3206 4082 3336 4120 con-

1746 4143 1909 4189 ventu
1964 4149 2127 4189 sexus
2184 4132 2466 4202 utriusque
2546 4132 2783 4188 ﬁdelium
2818 4177 2832 4201 ,
2919 4150 3105 4191 verum
3169 4136 3338 4192 etiam

1746 4204 2030 4274 quaesitam
2094 4204 2265 4258 fuisse
2322 4204 2607 4274 mysticam
2668 4205 2983 4261 relationem
3042 4207 3205 4271 ﬁdei,
3272 4221 3337 4263 ac

1747 4278 1857 4345 spei
1914 4284 2119 4331 nostra:
2170 4276 2236 4329 ad
2288 4274 2491 4330 Christi
2542 4277 2906 4333 sacerdotium
2960 4278 3336 4345 indicandum,

1747 4347 1997 4417 illiusque
2026 4348 2154 4418 jura
2194 4348 2484 4402 asserenda
2542 4347 2677 4404 viris
2734 4350 3109 4408 tantummodo
3154 4364 3337 4405 reser-

1748 4427 1894 4472 vata.

2380 4511 2672 4569 CIACONII

2850 4651 3071 4721 regionis
3112 4650 3142 4704 Ί
3158 4667 3333 4705 usrm'.

1751 4720 1931 4774 Patria
1960 4721 2364 4786 Volalcrranus,
2391 4732 2544 4790 patre
2577 4722 2879 4775 llerculano
2898 4720 2915 4785 ,’
2940 4723 3148 4790 primus
3181 4724 3338 4777 beato

1751 4791 1914 4847 Petro
1942 4793 1996 4847 in
2026 4792 2269 4847 Romano
2302 4792 2616 4861 pontiﬁcatu
2654 4793 2932 4847 successit.
2967 4791 3116 4847 IIunc
3149 4793 3207 4845 Β.
3240 4792 3338 4847 l’e-

1757 4872 1893 4925 trus,
1922 4864 2050 4917 dum
2079 4864 2398 4917 universalis
2422 4863 2673 4917 Ecclesia:
2696 4863 3076 4925 sollicitudine,
3109 4862 3177 4916 ab
3199 4862 3341 4918 Urbe

1758 4934 1811 4988 in
1844 4935 2085 4990 diversas
2124 4934 2417 4989 Christiani
2467 4934 2616 4989 orbis
2655 4934 2960 5003 provincias
3000 4944 3339 5000 evocaretur,

1757 5006 2029 5061 ordinavit
2066 5004 2434 5074 coadjutorem
2476 5006 2788 5075 episcopum
2839 5020 2943 5058 una
2983 5021 3105 5060 cum
3138 5004 3289 5060 Cleto
3324 5022 3338 5058 :

1761 5077 1852 5146 qui
1903 5077 2062 5132 simul
2116 5076 2233 5131 loco
2265 5076 2433 5145 ipsius
2462 5074 2606 5130 Petri
2660 5077 2919 5140 absentis,
2948 5074 3346 5146 ecclesiasticas

1759 5145 2081 5211 functiones,
2131 5155 2186 5202 et
2224 5147 2408 5201 munia
2451 5147 2772 5217 episcopalia
2816 5146 3052 5211 obirent,
3097 5155 3153 5200 et
3175 5145 3347 5205 Lirim:

1762 5220 1978 5289 quidem
2008 5219 2148 5272 intra
2197 5217 2418 5283 Urbem,
2448 5217 2631 5273 Cletus
2676 5229 2855 5273 autem
2891 5227 3044 5272 extra
3074 5218 3345 5289 inﬁsubur-

1761 5288 1863 5360 hiis
1895 5291 2153 5343 vicariam
2201 5290 2418 5344 interitu
2460 5299 2714 5360 gererent
2746 5297 3087 5360 potestatem.
3119 5288 3185 5343 Et
3217 5288 3346 5345 licet

1759 5359 1955 5431 Petrus
2004 5361 2332 5415 Clementem
2397 5359 2768 5414 suecessorem
2819 5359 2918 5414 sibi
2976 5359 3345 5431 designasset,

1759 5430 2008 5501 Clemens
2033 5442 2215 5485 tamen
2260 5431 2519 5485 modestia
2556 5446 2687 5485 usus
2714 5431 2825 5501 juri
2864 5445 2962 5485 suo
3013 5429 3178 5487 cessit
3225 5447 3243 5487 :
3286 5436 3348 5490 et

1759 5499 1926 5558 Linus
1955 5502 2196 5572 pontifex
2225 5503 2500 5557 ltomanus
2526 5499 2732 5558 electus
2760 5500 2881 5556 l'uit.
3228 5531 3235 5537 -
3338 5534 3344 5545 ι

2445 5621 2646 5678 PAGII.

1828 5752 1997 5807 Linea
2028 5750 2081 5805 I.
2108 5780 2180 5792 —
2237 5749 2383 5806 Sedit
2412 5764 2597 5811 annos,
2653 5755 2756 5803 etc.
2791 5745 2848 5801 S.
2902 5746 3048 5801 Petri
3086 5746 3346 5817 vicarius,

1760 5841 1853 5880 seu
1892 5822 2174 5891 coadjutor
2209 5829 2559 5877 consecratus
2581 5827 2683 5879 est,
2709 5817 2866 5891 eique
2899 5818 3052 5888 juxta
3083 5815 3348 5877 Hietonw

1761 5911 1906 5951 mum
1941 5894 1991 5948 in
2021 5890 2336 5963 pontiﬁcatu
2367 5908 2508 5947 anno
2538 5891 2606 5947 (iii
2629 5890 2913 5945 successit.
