3868 5306
475 263 543 280 ν-

47 283 208 340 Κνῖδ

891 277 1212 338 lllS'l'GRlA
1255 282 1341 336 DE
1381 279 1556 335 i'l't'ls
1596 276 1760 335 non;
1805 276 2000 336 rost‘.
2031 309 2102 321 —
2133 278 2194 337 s.
2231 276 2519 344 CLETUS.
2833 274 2859 310 -‘

3203 291 3224 346 l
3236 291 3337 346 οτι

46 395 398 459 Alexander,
423 405 474 450 et
497 394 801 464 complures
827 396 914 448 alii
947 396 1320 466 deligabantur
1357 395 1562 466 vicarii,
1593 405 1643 448 et
1673 397 1724 456 Α
1754 394 1817 448 tri
1885 405 1939 448 ct
2002 393 2152 453 Pauli
2182 438 2196 459 ,
2247 399 2412 453 etiam
2462 401 2514 454 ili
2566 399 2924 455 Lallrcntialla
2983 405 3334 457 constitutalll

45 467 442 536 coadjntores,
477 467 568 533 qui
598 467 934 536 postlllollllni
968 465 1341 520 successerunt
1371 468 1420 518 in
1453 465 1645 518 [lonia-

45 555 132 589 ιιι»
177 534 521 606 pontificatu,
552 534 706 602 cujus
750 537 1066 606 tyroeiniunl
1098 537 1356 606 praeclaro
1380 537 1430 588 in
1466 536 1648 589 minis-

45 605 210 660 terio
251 615 628 662 exercuerant.
657 605 925 660 Credibile
953 617 1036 659 est
1072 606 1168 659 llos
1203 605 1475 672 adjutores
1522 621 1652 672 apo-

47 678 304 732 stolatus
333 685 617 730 constante
655 676 1027 745 persecutione
1073 691 1175 728 non
1205 691 1418 742 semper
1437 676 1648 729 adbibi-

51 760 152 801 tos
191 765 256 801 ex
287 748 558 816 episcopis
587 745 825 812 ejusdem
859 746 1092 798 civitatis
1121 785 1135 804 ,
1172 747 1262 799 sed
1308 747 1651 812 providi-nter

49 829 381 886 assunlptos
406 817 648 870 lnodoab
672 817 790 875 hac,
823 817 976 868 modo
1003 817 1070 868 ab
1102 816 1186 868 illa
1216 832 1282 869 ex
1307 816 1652 870 viciniorilzus

55 905 157 940 lilii
189 885 274 943 in.
297 897 350 940 et
376 889 628 949 alterum,
661 903 887 954 quorum
918 887 1200 953 pnesentia
1233 887 1456 939 moralis
1486 885 1652 939 inter-

55 959 252 1026 rumpi
277 968 575 1026 pateretur,
603 966 660 1010 ut
711 959 851 1024 apud
894 957 1208 1024 pontificem.
1242 956 1534 1010 maximum
1559 957 1652 1026 de-

55 1025 445 1092 gereilt'nullo
479 1043 590 1082 sua:
625 1026 805 1095 plebis
849 1026 1176 1080 detrimento
1205 1067 1220 1090 ,
1255 1035 1356 1079 aut
1377 1025 1648 1094 periculo,

52 1102 196 1151 dum
223 1098 308 1150 vis
343 1097 734 1165 persecutionis
758 1097 1034 1149 remissius
1062 1106 1244 1164 ageret
1271 1097 1409 1165 apud
1440 1097 1653 1150 Ostien-

55 1184 187 1220 sem
218 1169 508 1228 coloniam,
555 1177 646 1220 aut
670 1167 1027 1220 A'bancllseni
1075 1167 1370 1227 civitatem,
1408 1177 1498 1220 aut
1529 1166 1653 1236 Syl-

59 1255 192 1292 vam
227 1238 563 1299 Candidam,
594 1253 686 1290 seu
722 1237 1065 1290 Prienestinis
1105 1237 1154 1288 in
1187 1237 1418 1305 oppidis,
1452 1238 1566 1290 sive
1601 1237 1653 1290 ili

59 1311 318 1362 Sabinis.
349 1308 793 1363 Persecutoriblls
847 1306 1060 1360 tandem
1089 1307 1336 1368 sublatis,
1372 1308 1655 1376 cognosci-

60 1396 193 1434 mus
221 1387 409 1433 certos
448 1378 730 1447 episcopos
774 1393 838 1431 ex
883 1376 1272 1430 suburbicariis
1311 1377 1548 1431 delectos
1586 1379 1653 1432 ad

59 1449 380 1504 ministeria
405 1447 794 1515 frequentanda
821 1447 960 1515 apud
1000 1462 1266 1512 summum
1301 1448 1609 1514 pontificem
1636 1466 1650 1500 :

57 1536 250 1586 eoque
279 1518 498 1573 nomine
520 1517 731 1570 Mal-ens
753 1533 780 1569 a
810 1518 1074 1570 Silvestre
1101 1517 1393 1585 proximus,
1415 1526 1470 1570 et
1497 1534 1525 1570 a
1549 1518 1654 1572 fine

60 1590 543 1658 persecutionum,
575 1589 647 1640 ita
679 1587 886 1658 delegii
904 1587 1540 1658 Ostiensemantistiti-ni
1587 1589 1653 1642 ad

56 1656 323 1713 obeunda
353 1667 502 1712 certa
535 1674 756 1714 munera
785 1659 836 1710 ill
859 1656 1119 1709 Ronlanze
1146 1657 1289 1710 sedis
1312 1658 1650 1726 obsequium,

60 1741 124 1782 ut
154 1729 307 1796 pallii
339 1744 552 1796 quoque
579 1728 819 1794 gestandi
847 1727 967 1790 jure
1005 1742 1126 1779 eum
1157 1728 1454 1784 donaverit.
1489 1738 1654 1780 etau-

61 1801 217 1853 xerit
249 1799 531 1868 privilegio
565 1798 790 1850 llolnani
841 1796 1112 1868 pontificis
1135 1867 1139 1868 ν
1165 1799 1543 1862 coasecrandi,
1599 1809 1656 1852 et

60 1870 508 1923 consecrationis
563 1868 630 1922 :lb
669 1868 913 1921 Romano
971 1867 1224 1933 pontifice
1277 1868 1652 1936 percipiendae.

64 1939 229 1992 Tnnc
262 1954 394 1992 vero
415 1954 538 1992 cum
558 1953 659 2006 pax
681 1937 932 1992 Ecclesilc
963 1937 1298 2006 permitteret
1323 1936 1488 1991 libere
1510 1955 1656 1993 com-

64 2023 267 2063 meare
307 2005 580 2076 proximos
613 2008 739 2062 lirbi
788 2009 1089 2076 episcopos,
1121 2005 1456 2075 frequentius
1500 2020 1655 2077 pote-

66 2089 204 2132 rant
240 2077 428 2132 Rolnze
447 2079 648 2132 versari
683 2077 825 2131 citra
857 2078 1019 2130 ullam
1044 2077 1212 2145 plebis
1242 2091 1352 2130 sua:
1388 2077 1657 2144 jacturam

61 2156 352 2217 quotquot
375 2164 441 2203 ex
477 2149 560 2202 bis
587 2151 861 2202 Romanus
891 2147 1176 2216 episcopus
1203 2147 1461 2201 adhibere
1498 2150 1660 2204 vellet

66 2218 430 2285 coadjutores
457 2219 795 2290 gravioribus
826 2218 881 2271 in
925 2217 1107 2270 causis
1149 2232 1247 2290 suo
1274 2233 1395 2270 cum
1435 2224 1656 2289 presby-

66 2290 221 2343 terio
250 2287 550 2343 tractandis
574 2330 589 2350 ,
619 2305 684 2342 ne
725 2289 850 2340 dum
877 2287 1264 2340 consecrandis
1313 2287 1656 2355 praisnliblis,

67 2359 274 2413 aliisve
297 2361 618 2428 pontificalis
657 2357 945 2428 ministerii
984 2356 1297 2410 muneribus
1321 2359 1656 2412 exercendis.

69 2428 259 2482 Tanta
291 2426 504 2483 demum
538 2427 767 2484 facilitas
792 2427 843 2480 in
876 2426 1021 2482 Urbe
1058 2428 1407 2496 permanendi
1437 2430 1662 2494 quibus-

68 2503 206 2553 dam
241 2499 365 2560 fuit,
409 2509 464 2552 ιιι
494 2497 660 2553 ferme
679 2497 904 2564 :eqnalis
933 2498 1084 2566 cepia
1121 2497 1388 2550 assidendi
1419 2497 1662 2552 llolnano

69 2569 328 2637 pontifici
355 2570 621 2638 episcopis
668 2568 771 2622 illis
813 2568 1065 2638 daretur,
1095 2582 1156 2619 ac
1184 2568 1520 2638 presbyterio
1574 2585 1666 2622 llr-

71 2636 250 2692 halm.
283 2636 462 2704 Qua-re
513 2636 565 2692 in
612 2655 776 2692 unum
825 2637 1108 2706 collegium
1139 2636 1446 2690 coalescere
1500 2641 1664 2707 cmpit

68 2719 264 2764 cintus
311 2709 610 2775 huiusmodi
661 2710 1034 2776 episcoporum
1085 2717 1139 2760 et
1179 2707 1659 2776 presbyterorum:

72 2782 158 2832 ita
202 2787 265 2832 ut
301 2780 366 2832 ad
392 2779 700 2846 quotidiana
729 2793 946 2831 munera
979 2778 1376 2831 liebdonladal‘ii
1419 2780 1662 2832 obeunda

73 2867 193 2902 non
225 2863 388 2903 secus
432 2849 602 2902 allecti
641 2849 748 2901 sint
791 2847 1026 2916 episcopi
1085 2847 1136 2900 ili
1179 2847 1397 2916 basilica
1445 2847 1663 2902 Lall-ra-

73 2919 278 2973 nellsis
327 2919 638 2987 patriarcllii
665 2960 679 2980 ,
721 2915 860 2986 apud
915 2932 1074 2984 quam
1105 2915 1343 2984 pontifex
1399 2919 1666 2973 maximus

76 2988 391 3052 residebat,
413 3004 474 3041 ac.
490 2989 540 3042 in
559 2989 767 3043 caeteris
782 2987 1292 3058 basilicisdestinati
1315 2988 1420 3058 sint
1445 2992 1666 3058 presby-

77 3059 190 3112 teri
217 3059 546 3122 cardinales,
573 3069 632 3114 ut
674 3059 866 3113 eodem
900 3057 1318 3112 hebdomadario
1345 3057 1545 3112 circulo
1571 3057 1660 3113 sa-

76 3145 177 3183 cra
211 3138 552 3198 peragerent.

156 3199 217 3252 lli
307 3197 534 3251 concilio
585 3197 1173 3266 Constantinopolitano
1238 3197 1336 3252 sub
1409 3197 1659 3264 Damaso,

80 3269 270 3322 tribus
291 3268 528 3336 antiquis
563 3269 908 3336 patriarchis,
957 3267 1218 3330 Romano,
1250 3267 1615 3336 Alexandrino
1646 3311 1660 3334 ,

77 3335 440 3393 Antiocheno’
460 3335 671 3391 additus
696 3337 870 3391 fuerat
908 3348 1151 3404 quartus,
1195 3338 1417 3390 honoris
1460 3335 1662 3406 prlero-

75 3409 271 3476 gativa
306 3407 379 3462 ita
410 3409 710 3466 decoratus,
744 3418 799 3460 ιιι
822 3409 1098 3476 proximus
1121 3423 1148 3460 a
1177 3406 1418 3460 llomano
1441 3409 1664 3463 babere-

80 3489 180 3531 tnr
213 3492 230 3530 :
262 3478 351 3532 cui
378 3493 598 3531 numero
625 3477 785 3545 paulo
809 3487 930 3546 post
959 3477 1452 3546 llicrosolymitanze
1480 3478 1665 3533 Eccle—

77 3549 184 3600 size
226 3548 522 3600 antistitem
565 3547 954 3600 admovendum
1004 3562 1122 3601 esse
1179 3546 1389 3599 censuit
1427 3550 1664 3616 synodus

78 3616 567 3678 Chalcedonensis,
599 3626 656 3670 lit
686 3618 932 3686 quintum
960 3616 1134 3670 locum
1161 3616 1664 3686 interpatriarcbas

76 3690 198 3754 jalll
231 3697 342 3739 tum
372 3687 680 3740 obtinuerit.
708 3685 967 3740 Totidem
1015 3701 1142 3740 vero
1181 3685 1415 3739 basilica:
1461 3701 1526 3739 ex
1556 3687 1664 3740 llo-

83 3757 273 3810 inanis
285 3757 500 3810 eosdem
531 3758 922 3824 patriarcbatus
947 3757 1258 3822 exprimere
1285 3756 1663 3820 censebantur,

83 3842 156 3880 ac
185 3827 498 3895 presertim,
529 3837 639 3880 tres
664 3827 784 3880 illos
808 3826 1138 3891 antiquiores
1163 3841 1191 3878 a
1223 3825 1379 3878 Petro
1405 3827 1667 3878 constitu-

85 3906 199 3950 tos.
232 3895 428 3949 Tribus
469 3895 629 3966 igitur
671 3897 721 3950 ili
753 3897 986 3951 basilicis
1014 3895 1112 3966 cie
1147 3895 1418 3966 Dominica
1447 3896 1664 3966 totidem

83 3968 379 4035 episcopos
404 3965 611 4020 sacrum
638 3966 829 4020 offerre
867 3965 1208 4020 consuevisse
1236 3980 1334 4019 llos
1348 3965 1501 4018 docet
1526 3965 1634 4018 Pan
1651 3995 1668 4005 -

89 4036 279 4089 vinius
310 4035 377 4090 de
397 4046 598 4104 septem
627 4035 784 4090 Urbis
804 4036 1047 4090 ecclesiis
1061 4050 1182 4104 cap.
1211 4049 1424 4104 t,quam
1443 4051 1668 4089 consue-

89 4106 342 4159 tudinem
375 4104 569 4159 satculo
607 4117 802 4174 quarto
829 4106 1131 4159 inchoatam
1158 4107 1402 4173 proxime
1429 4121 1456 4156 a
1482 4104 1670 4157 funda.-

91 4179 248 4229 tione
261 4175 575 4229 earumdem
605 4177 947 4229 basilicarum
972 4174 1158 4228 suadet
1175 4174 1482 4242 psalniodia:
1507 4176 1664 4238 ritus,

89 4262 158 4300 ac
183 4245 496 4299 distributio
518 4247 859 4312 pereanideni
890 4255 1101 4298 aetatem
1125 4259 1153 4296 a
1174 4246 1400 4297 Damaso
1424 4246 1667 4297 ordinata

90 4333 161 4385 ex
203 4315 478 4385 sententia
520 4314 832 4385 Hieronymi
876 4331 970 4381 per
1001 4313 1258 4385 circulum
1302 4314 1664 4385 hebdomadam

92 4384 284 4451 Neque
318 4383 391 4437 ita
425 4383 590 4437 inulto
619 4381 739 4450 post
782 4385 846 4436 ad
876 4385 924 4436 lo
961 4399 1048 4436 lilii
1073 4381 1494 4450 patriarcbal'mn
1521 4400 1670 4437 erec-

94 4465 180 4543 to.
208 4469 320 4534 .per
361 4452 1022 4534 .Constantillopolitalioni
1096 4452 1380 4543 poni-ilium
1428 4453 1666 4543 ρῙἏεαειιι
1703 4488 1745 4543 υ

94 4523 253 4577 urbis
290 4523 580 4592 episcopi),
615 4535 669 4577 et
715 4522 1061 4592 quatelnario
1102 4522 1450 4592 basilicarum
1486 4523 1668 4575 Romae

89 4592 398 4662 constituto
420 4591 513 4660 per
542 4591 1004 4662 amplificationem
1043 4591 1338 4662 Liberiallle
1372 4607 1402 4644 a
1431 4591 1584 4645 Sixto
1609 4592 1669 4646 Ill

95 4661 510 4732 magnificenter
567 4661 840 4732 peractam
885 4662 997 4727 ;25
1049 4661 1319 4732 titulorum
1373 4662 1669 4731 presbyteri

91 4730 406 4788 cardinales
471 4730 582 4800 pen
630 4731 868 4800 singulas
937 4730 1285 4784 hebdomadas
1328 4732 1490 4786 ferias
1539 4730 1668 4799 qua-

99 4801 384 4856 drifariam
412 4801 566 4856 divisi
593 4801 778 4855 diebus
808 4802 1029 4868 singulis
1060 4801 1111 4854 ili
1144 4816 1464 4868 unaquaque
1483 4816 1669 4854 earum

98 4887 261 4927 sacra
293 4886 546 4940 peragere
575 4871 877 4939 singillatim
901 4880 1146 4939 poterant
1173 4888 1186 4923 :
1215 4884 1459 4936 :equante
1487 4886 1674 4924 nume-

103 4961 166 5002 rp
196 4941 357 4994 trium
411 4942 782 5009 episcoporum
841 4941 1082 4994 Romano
1132 4940 1496 4993 assistentium
1547 4956 1668 4993 cum

99 5011 178 5065 25
237 5011 557 5078 presbyteris
640 5009 1004 5064 earllinalibns
1041 5024 1304 5065 summam
1360 5009 1673 5078 quadrupli-

102 5084 184 5137 eis
218 5081 541 5147 septenarii,
571 5079 791 5132 totidem
829 5079 1030 5134 vicibus
1075 5079 1413 5133 basilicarum
1441 5089 1670 5148 quatuor

107 5153 162 5204 ili
228 5149 571 5203 hebdomadze
620 5148 819 5201 circulo
868 5150 1295 5212 respondentem.
1334 5149 1535 5212 Quinto
1577 5149 1668 5201 dc-

1755 466 1920 542 fuisse
1937 468 2315 524 hebdomadam
2332 471 2618 526 ministerii
2636 473 3092 542 presbyterornlll,
3120 484 3172 526 ut
3195 490 3336 542 prcs-

1755 537 1916 611 gyleri
1955 550 2221 593 manerent
2249 542 2319 593 ibi
2343 552 2552 610 propter
2579 537 2874 611 prénilenics
2916 552 2963 594 ct
3000 537 3331 607 baptisrililm.

1755 605 1890 679 Tum
1921 624 2048 661 vero
2070 625 2289 664 necesse
2308 605 2411 664 fuit
2435 605 2660 665 summa:
2675 612 2857 679 viginti
2882 623 3005 665 octo
3032 605 3225 665 \‘iCilllll
3251 630 3335 665 sa-

1751 677 2104 750 cerdotalilun
2135 680 2330 734 addere
2354 690 2557 750 septem
2589 677 2774 744 novas,
2810 692 2872 734 ut-
2893 695 3073 736 essent
3103 684 3192 736 55.
3217 683 3333 746 Qua

1756 747 1964 820 ratione
1989 750 2050 820 id
2104 747 2427 820 perfectum'
2463 752 2651 810 fuerit.
2702 755 3079 820 cognoscimus
3126 769 3188 805 ex
3233 753 3333 804 lioe

1755 817 1942 871 eodem
1989 818 2126 871 libro
2166 819 2460 881 l’ontiflrati
2498 841 2508 874 :
2555 837 2657 874 nell
2693 817 2993 875 ρειῖειηῑιιιιι
3035 824 3102 876 de
3136 837 3331 881 causa,

1761 890 1906 953 quod
1935 890 2152 942 codices
2189 891 2394 958 aliquot
2433 893 2572 945 hunc
2613 907 2894 945 numerum
2959 893 3336 946 ordinatorum

1756 958 1825 1011 '55
1858 960 2032 1013 serius
2063 961 2385 1027 completum
2413 959 2714 1014 attribuant
2745 963 2904 1015 Cleto
2921 978 2982 1015 ex
3025 962 3168 1016 Petri
3203 979 3333 1015 sen-

1763 1030 1954 1091 tentia,
1993 1031 2391 1099 confundentes
2439 1030 2911 1099 amplificationem
2951 1033 3159 1099 collegii
3207 1046 3331 1085 cura

1757 1099 1931 1171 prima
1971 1098 2380 1171 designatione;
2429 1098 2719 1154 sedetialll
2766 1119 2831 1155 ex
2877 1119 3011 1155 liora
3045 1098 3331 1171 partitione

1757 1169 2171 1241 hebdomadaria
2213 1170 2589 1240 episcoporum
2638 1182 2843 1239 septem
2893 1183 2946 1225 et
2996 1169 3331 1241 presbytero-

1755 1256 1876 1292 'l‘lllll
1924 1239 2109 1310 viginti
2156 1249 2279 1292 octo
2330 1239 2468 1293 idem
2531 1241 2812 1310 collegium
2849 1239 3329 1304 constituentinni,

1755 1326 1918 1376 quam
1957 1308 2119 1362 refert
2142 1310 2274 1362 liber
2300 1308 2697 1364 Pontificalisili
2732 1314 2846 1365 Vita
2873 1312 3130 1380 Stephani
3160 1313 3331 1375 Quar-

1761 1381 1794 1431 ti
1825 1380 2482 1451 :ilbi_narratattributas
2513 1380 2677 1434 fuisse
2714 1383 2991 1451 episcopos
3028 1391 3232 1450 septem
3266 1395 3329 1451 ex

1760 1449 2004 1502 finitimis
2028 1458 2085 1502 et
2112 1450 2499 1504 subllrbicariis
2554 1449 2784 1505 basilica:
2827 1449 3203 1514 Lateranelisi,
3265 1450 3331 1502 ad

1759 1519 2068 1587 singillatim
2096 1519 2581 1573 administrandum
2609 1523 2661 1574 iii
2686 1522 2774 1575 illa
2806 1523 2954 1576 intra-
2981 1521 3332 1575 liebdomalla'e

1758 1589 2016 1660 circulum
2064 1588 2298 1660 officilllll
2331 1591 2727 1644 liebdomazlarii
2783 1608 2878 1660 per
2922 1594 3038 1646 dies
3068 1590 3329 1659 singulos.

1756 1659 1910 1725 Quod
1937 1658 2388 1732 egocrediderinl
2423 1661 2493 1713 ita
2520 1676 2639 1732 esse
2663 1657 3088 1732 intelligendum,
3115 1657 3332 1718 llt'vicl-s

1759 1728 2119 1783 sacerdotales
2143 1730 2212 1784 ’55
2249 1746 2367 1798 qua:
2403 1747 2496 1797 per
2546 1728 2931 1785 hebdomadam
2983 1733 3035 1785 in
3095 1733 3331 1796 quinque

1761 1799 2021 1873 Ilonnlnis
2050 1800 2306 1873 basilicis
2333 1801 2654 1873 inulto-ante
2709 1802 3103 1873 peragebantur
3131 1802 3332 1873 partim

1758 1872 1825 1923 ab
1850 1870 2116 1937 episcopis
2145 1872 2189 1923 -7
2220 1870 2465 1922 finitimis
2511 1871 2561 1922 in
2609 1870 2888 1940 collegium
2917 1871 3140 1924 Romani
3181 1886 3330 1940 pres-

1759 1941 1950 2011 byterii
1997 1941 2238 2001 allectis,
2263 1941 2455 2008 partim
2483 1958 2509 1992 :l
2560 1942 2630 1994 ες
2679 1939 3010 2011 presbyteris
3047 1939 3332 2011 cat‘dillali-

1761 2010 1858 2064 bus
1883 2011 2100 2063 totidem
2132 2011 2409 2065 titulorum
2439 2011 2615 2065 urbis:
2643 2012 2790 2064 itaut
2830 2010 3122 2066 Dominicis
3144 2010 3335 2062 diebus

1759 2081 1995 2149 episcopi
2027 2122 2039 2141 ,
2079 2081 2292 2135 caneris
2351 2092 2530 2134 autem
2596 2082 2746 2135 feriis
2800 2097 2895 2150 per
2939 2079 3333 2150 hebdomadam

1759 2151 2059 2221 presbyteri
2091 2166 2304 2204 sacrum
2329 2151 2586 2221 offerrent
2604 2167 2620 2214 ξ
2641 2161 2756 2219 post
2781 2149 3058 2205 decretum
3103 2149 3334 2221 Stepha-

1761 2220 1836 2280 iii.
1864 2231 2069 2288 septem
2106 2221 2344 2289 episcopi
2373 2224 2422 2274 ill
2449 2220 2823 2286 Lateranellsi,
2874 2220 3173 2290 presbyteri
3203 2234 3331 2269 vero

1760 2291 1830 2346 28
1862 2292 1912 2344 ili
1931 2291 2150 2357 reliquis
2198 2300 2429 2358 quatuor
2468 2291 2704 2345 basilicis
2745 2291 3196 2359 patriarclialibus
3236 2304 3332 2355 per

1761 2361 1999 2426 singulos
2015 2362 2130 2414 dies
2154 2360 2499 2414 hebdomadas?
2517 2362 2698 2415 sacris
2720 2377 2880 2430 Opera
2892 2369 3095 2414 rentur.

1831 2433 1990 2485 Certe
2016 2447 2136 2484 cuni
2169 2439 2521 2483 numerentur
2572 2433 2620 2483 ill
2674 2427 2902 2485 concilio
2956 2431 3198 2484 Romano
3229 2427 3329 2480 sub

1766 2502 2088 2570 Symmacho
2118 2514 2250 2568 papa
2281 2501 2332 2553 in
2359 2501 2462 2552 fine
2490 2501 2665 2552 smellli
2698 2503 2957 2568 qtlittll'el
2992 2500 3332 2568 presbytero-

1764 2569 1881 2624 rum
1912 2570 2394 2638 snbscriptimiibus
2439 2569 2576 2622 tituli
2615 2570 2771 2623 Ιινιιίς.
2793 2572 2890 2634 ἳὸ,
2928 2585 3096 2638 eaque
3122 2582 3329 2620 silmilia

1765 2650 2017 2710 appareat
2050 2649 2236 2694 elacte
2283 2641 2544 2710 custodita
2593 2640 2832 2708 pluribus
2877 2641 3085 2695 secutis
3140 2652 3333 2710 cense?

1765 2704 2072 2779 quentibus,
2105 2711 2410 2764 necessario
2439 2704 2810 2769 allirnialldum
2839 2720 2944 2774 est,
2986 2718 3202 2777 quarto,
3241 2704 3326 2760 vel

1764 2781 1952 2849 quinto
1977 2781 2170 2833 Slccnlo
2202 2779 2382 2833 titulos
2411 2790 2520 2832 tres
2541 2780 2772 2849 urbanos
2802 2781 3010 2834 additos
3041 2779 3331 2849 faisscuau-

1769 2847 2088 2918 tiquioliblls
2127 2850 2229 2904 illis
2269 2849 2359 2912 25,
2403 2865 2538 2917 quos
2587 2865 2616 2902 a
2649 2848 2809 2904 Petro
2859 2851 3164 2918 designatos
3200 2847 3332 2918 Eva-

1770 2916 1928 2973 ristus
1989 2920 2235 2983 instituit,
2299 2916 2580 2983 Dionysius
2635 2921 2886 2983 res‘ituit,
2939 2916 2994 2973 et
3048 2916 3334 2971 Marcellus

1768 3000 1961 3058 quarto
2023 2990 2238 3042 ineunte
2286 2983 2482 3042 sanatio
2534 2990 2724 3041 iterum
2781 2989 3129 3042 instauravit.
3189 2983 3332 3058 Quin

1770 3057 1931 3113 etiam
1975 3059 2200 3112 definire
2238 3059 2360 3111 licet
2391 3059 2652 3120 exactius,
2710 3060 3134 3112 additamentum
3168 3057 3330 3108 trium

1689 3127 1734 3188 C
1768 3129 2062 3189 titulorum,
2095 3145 2201 3198 quo
2254 3144 2460 3181 summa
2489 3128 2558 3181 ‘28
2583 3129 2841 3197 completa
2893 3129 3012 3189 fuit,
3047 3141 3167 3198 esse
3197 3138 3330 3198 opus

1766 3200 1942 3254 smeuli
1985 3193 2160 3267 quarti
2194 3217 2207 3252 :
2241 3213 2345 3267 qua
2400 3197 2606 3251 scilicet
2655 3193 2811 3250 aelate
2863 3214 2984 3252 cum
3048 3193 3332 3267 Marcellus

1766 3278 1883 3338 post
1908 3263 2096 3321 initum
2121 3263 2487 3338 pontificatuln
2511 3283 2652 3320 anno
2678 3269 2804 3329 306,
2834 3267 3181 3338 primigenios
3211 3263 3332 3317 illos

1763 3333 1833 3394 95
1905 3333 2279 3401 iustam-asset,
2332 3337 2590 3390 Silvester
2645 3348 2768 3391 ante
2815 3333 3018 3391 alumni
3057 3333 3187 3391 335-
3223 3349 3335 3402 quo

1767 3425 1929 3464 carne
1951 3409 2158 3461 solutus
2185 3417 2288 3469 est,
2315 3407 2511 3474 liqilitii
2538 3407 2748 3460 titulum
2786 3408 3052 3460 veteribus
3080 3403 3326 3474 addidit;

1767 3480 1978 3532 Marcus
2001 3479 2067 3530 ab
2093 3494 2157 3529 eo
2178 3472 2454 3544 proxillills
2502 3493 2652 3530 suam
2704 3478 2983 3538 ecclesiam
3026 3477 3084 3529 in
3119 3472 3330 3544 Pollici-

1767 3549 1848 3601 nis
1874 3547 2073 3599 dictam
2104 3542 2365 3605 fundavit,
2406 3561 2524 3614 qum
2571 3547 2710 3598 inter
2762 3547 3029 3598 llonianos
3068 3542 3250 3596 titulos
3277 3559 3327 3592 lll

1768 3617 1994 3670 concilio
2035 3615 2206 3682 quinti
2236 3615 2413 3666 Sir-culi
2447 3616 2543 3667 sub
2587 3615 2910 3683 Syllllnaebo
2956 3614 3282 3683 censebatur
3312 3627 3326 3668 ;

1765 3699 1821 3741 et.
1853 3680 2110 3739 Damasus
2145 3685 2358 3736 tertium
2396 3700 2460 3736 ex
2505 3680 2815 3734 nieaioratis
2858 3684 3044 3744 titulis,
3097 3681 3154 3734 S.
3193 3680 3332 3730 Lall-

1772 3757 1927 3809 rentii
1957 3754 2193 3814 nomine,
2229 3763 2281 3803 et
2316 3769 2414 3805 suo
2441 3752 2611 3804 adhuc.
2643 3752 2928 3815 celebrem,
2961 3752 3024 3803 ad
3059 3752 3329 3803 theatrum

1771 3825 2006 3893 Pompeii
2040 3822 2555 3893 clillstrllxit,_:itqllc
2604 3822 2810 3874 ditavit.
2860 3823 2934 3893 Eii
2989 3821 3330 3893 igitursuln-

1771 3889 1916 3949 niani
1940 3894 2009 3946 ‘28
2046 3891 2318 3945 titulorum
2345 3889 2503 3944 Urbis
2529 3901 2721 3960 quarto
2768 3891 2965 3945 εςιξοιιιο
3007 3889 3328 3960 completam

1771 3969 1870 4019 sub
1896 3966 2138 4016 Dalnaso.
2173 3961 2282 4034 Hoc.
2312 3957 2774 4034 eodempontltice
2806 3964 3021 4034 sedente
3043 3957 3327 4034 concilium

1769 4033 2417 4100 Constantillopolitanllln
2455 4033 2912 4084 adnumerandam
2960 4045 3080 4083 esse
3121 4033 3332 4100 censuit

1772 4106 1914 4158 illius
1961 4097 2309 4171 regiie'urbis
2363 4102 2671 4170 episcopum
2718 4102 2890 4155 tribus
2937 4097 3332 4171 antiquioribus

1773 4165 2114 4242 patriarcliis,
2149 4173 2256 4225 imo
2299 4165 2516 4224 honoris
2548 4165 2739 4242 ῖειδςιι-Ιιι
2791 4165 3102 4242 proximuni-
3135 4165 3340 4242 liaber'r

1774 4237 1932 4295 voluit
1963 4259 1989 4294 a
2015 4242 2276 4306 Romano,
2304 4251 2358 4295 et
2385 4241 2595 4294 czeteris
2621 4237 2828 4294 duobus
2868 4237 3223 4293 Alexandrino
3279 4245 3346 4285 et'

1773 4315 2110 4368 Antioclleno
2165 4313 2581 4380 praepollendlllil
2637 4311 2806 4363 duxit.
2852 4311 3161 4380 Opportune
3197 4318 3330 4357 con-

1773 4392 2047 4436 struxerat
2072 4378 2324 4436 decessOr
2351 4381 2582 4441 Dalilasi,
2605 4380 2868 4444 Liberius,
2893 4378 3192 4452 basilicam,
3215 4386 3333 4452 qua!

1775 4454 1960 4506 haberi
2007 4453 2234 4505 subinde
2284 4453 2456 4520 cmpit
2494 4459 2688 4518 quarta
2735 4448 3132 4520 patriarclialis,
3169 4454 3227 4520 ut
3281 4448 3332 4494 ill

1775 4522 2007 4576 Ecclesia
2030 4522 2303 4594 riiplllatla,
2334 4516 2626 4594 Christiani
2680 4516 3150 4594 Oli-bisilliaginem
3203 4516 3338 4594 intc-

1771 4607 1922 4660 grani
1951 4593 2217 4645 iedditnra
2245 4583 2495 4660 quartum
2548 4591 2696 4642 illum
2725 4583 3143 4660 patriarcliatlilli
3171 4583 3344 4638 refer-

1777 4657 1876 4716 ret.
1907 4663 2034 4715 Erat
2059 4661 2220 4730 igitur
2254 4657 2418 4732 causa
2449 4675 2550 4732 cur
2571 4657 3340 4732 Daunisusicompleret_quar-

1777 4739 1890 4802 tum
1909 4722 2274 4802 septenarilllli
2327 4727 2553 4784 Romani
2599 4722 3042 4802 presbyterii,‘_-.'ic
3066 4722 3348 4802 titulorum

1772 4799 1865 4864 98,
1896 4795 2427 4866 ntiliebussingulis
2479 4795 2813 4864 unaqlueqlie
2856 4795 3074 4850 basilica
3113 4795 3347 4866 patriar—

1775 4863 1948 4925 clialis
1975 4885 2137 4922 ilnlliii
2183 4884 2245 4920 ex
2289 4863 2628 4937 presbyteris
2680 4863 3040 4920 cardinalilns
3081 4863 3356 4937 obtineret

1776 4955 1878 4994 suo
1907 4941 1956 4994 in
1985 4938 2137 5010 altari
2173 4933 2346 5010 sacris
2395 4933 2733 5010 operantem,
2785 4939 2828 4990 si
2863 4937 2996 4989 forte
3042 4933 3356 5010 episcopum

1774 5025 1843 5062 ex
1879 5007 2118 5064 finitimis
2148 5007 2246 5058 sibi
2291 5008 2626 5061 destinatum
2655 5015 2938 5059 avocasset
2971 5017 3099 5054 cura
3127 5007 3210 5054 sui
3235 5012 3360 5066 gre-

1771 5081 1881 5148 gis.
1918 5081 2025 5133 Ilac
2065 5075 2243 5148 itaque
2288 5076 2406 5148 lege
2457 5079 2698 5148 quatuor
2751 5071 3172 5148 septenariortini
3206 5069 3365 5148 χιι-εδ

1766 5138 1845 5204 98
1877 5138 2268 5214 βΐεεινῖίθτέηθε
2326 5138 2426 5214 ιῖθι·
2477 5138 2717 5214 (malum
2767 5138 3014 5199 basilicas
3071 5138 3372 5214 distributa:
