3964 6320
88 285 273 340 Hi5

93 401 363 456 Antiati.

99 483 236 526 ῑωιι

98 558 300 612 quam
339 540 736 612 validissimum
768 541 1134 597 testimonium
1163 539 1515 612 auctoritatis
1535 539 1736 596 Roma-

100 609 206 668 ﬁae
238 611 530 679 Ecclesiae,
555 612 620 666 ad
650 626 838 682 pacem
871 621 926 667 et
951 612 1203 682 unionem
1227 611 1367 667 inter
1397 609 1581 682 fideles
1606 625 1738 667 con-

102 682 486 748 servandam,
524 684 591 738 ad
635 681 729 738 eos
782 684 991 738 ﬁrmius
1039 683 1092 738 in
1138 681 1242 737 ﬁde
1272 681 1622 737 stabiliendos
1643 684 1736 753 qui

104 764 424 818 mutarent,
461 763 516 809 et
553 755 618 808 ad
657 755 1082 810 annuntiandam
1130 761 1185 808 et
1225 753 1386 824 altius
1423 753 1737 824 imprimen-

107 826 254 879 dam
286 825 491 880 animis
532 825 884 895 apostolicam
927 825 1293 880 traditionem.
1330 823 1423 879 His
1473 823 1615 879 enim
1643 827 1736 880 iis-

109 897 252 950 dem
283 897 516 951 vocibus
543 897 712 950 utitur
737 895 969 951 lrenaeus
1010 911 1026 951 :
1071 914 1089 947 ‹
1137 895 1250 950 Sub
1277 895 1379 950 hoc
1420 896 1583 964 igitur
1609 895 1734 952 Cle-

109 977 319 1022 mente
352 967 551 1039 (inquit
580 967 674 1024 lib.
706 983 768 1022 Ill
803 967 923 1022 adv.
954 967 1154 1039 Haares.
1171 982 1290 1039 cap.
1318 966 1372 1035 5)
1398 967 1735 1039 dissensione

111 1054 236 1108 non
271 1037 490 1093 modica
545 1039 686 1094 inter
733 1053 847 1102 eos,
887 1040 977 1108 qui
1025 1038 1269 1093 Corinthi
1308 1047 1462 1092 erant
1516 1037 1729 1105 fratres,

110 1107 301 1174 facta,
337 1109 557 1179 scripsit
583 1125 704 1178 quze
735 1121 818 1164 est
847 1107 1033 1164 Rointe
1058 1109 1295 1166 Ecclesia
1323 1110 1731 1178 potentissimas

109 1179 349 1236 litteras
388 1179 703 1246 Corinthiis,
736 1181 801 1234 ad
831 1196 1019 1251 pacem
1057 1195 1150 1236 eos
1180 1193 1529 1250 congregans,
1560 1189 1614 1235 et
1641 1195 1729 1235 re-

113 1268 334 1322 parans
368 1251 526 1306 ﬁdem
554 1267 766 1316 eorum,
797 1262 851 1306 et
885 1253 1212 1306 annuntians
1249 1265 1407 1318 quam
1441 1251 1492 1305 in
1524 1254 1728 1308 recenti

115 1321 192 1376 ab
233 1323 522 1393 ‘apostolis
591 1331 915 1391 acceperant
966 1323 1329 1378 traditionem.
1394 1341 1410 1373 ι
1465 1322 1729 1393 Eusebius

115 1392 522 1458 Cesarecnsis,
556 1394 646 1464 qui
671 1394 857 1447 eadem
889 1393 1061 1448 ferme
1098 1393 1364 1449 sententia
1388 1393 1452 1447 de
1477 1392 1724 1449 Clemen-

117 1465 244 1519 tina
273 1465 504 1535 epistola
538 1464 799 1535 loquitur,
839 1464 989 1519 addit
1031 1475 1192 1520 aetate
1233 1479 1329 1519 sua
1380 1466 1724 1520 consuetudi-

116 1550 255 1589 nem
289 1536 530 1608 viguisse
568 1535 815 1608 pluribus
857 1536 910 1591 in
948 1536 1230 1608 Ecclesiis_
1253 1544 1312 1608 ut
1341 1535 1553 1608 publice
1582 1536 1729 1608 lege-

114 1616 304 1678 retur.
351 1605 517 1677 (Hist.
560 1605 708 1661 Eccl.
762 1605 855 1661 lib.
904 1623 984 1674 ut,
1018 1624 1136 1678 cap.
1175 1606 1286 1670 12.)
1333 1625 1349 1656 ι
1390 1605 1565 1678 Hujus
1595 1605 1725 1663 vero

114 1676 431 1734 Clementis
464 1694 567 1733 una
613 1678 788 1733 fertur
811 1693 932 1735 esse
968 1676 1219 1749 epistola,
1255 1677 1494 1749 omnium
1516 1676 1722 1746 judicio

113 1749 454 1819 approbata,
483 1750 710 1806 illustris
746 1749 835 1804 illa
873 1748 1110 1821 quidem,
1153 1758 1209 1805 et
1236 1748 1395 1821 digna
1440 1749 1597 1821 plane
1629 1752 1722 1805 ad-

117 1821 443 1884 miratione,
477 1837 638 1892 quam
663 1820 916 1891 tanquam
939 1837 1005 1876 ex
1027 1820 1287 1877 Romanae
1313 1820 1572 1875 Ecclesiae
1597 1837 1720 1892 per-

115 1907 263 1946 sona
294 1893 362 1948 ad
389 1892 796 1948 Corinthiorum
849 1892 1149 1948 Ecclesiam
1199 1900 1328 1946 tunc
1367 1892 1584 1960 quidem
1626 1909 1720 1948 ex-

114 1962 335 2036 aravit,
370 1980 491 2020 cum
517 1964 630 2034 jam
655 1963 900 2021 Corinthi
924 1964 1102 2036 gravis
1124 1971 1267 2018 esset
1294 1961 1472 2036 inﬂata
1502 1964 1715 2020 seditio.

118 2034 282 2090 lianc
307 2051 438 2091 sane
470 2033 593 2091 cum
629 2046 869 2091 veterum
889 2076 903 2098 ,
932 2033 1056 2090 tum
1101 2042 1285 2088 nostra
1337 2033 1576 2104 ipsorum
1605 2051 1721 2092 me-

118 2107 299 2161 moria
353 2107 598 2177 plurimis
655 2107 708 2178 in
756 2107 1012 2163 Ecclesiis
1050 2105 1263 2178 publice
1311 2104 1508 2161 lectam
1558 2121 1722 2164 usur-

114 2187 420 2249 patamque
449 2177 816 2248 COgnovimus.
848 2197 867 2232 ι

201 2248 453 2316 Ejusdem
479 2249 716 2318 epistola:
743 2263 1004 2304 summam
1030 2248 1300 2320 proponit,
1331 2263 1501 2320 eaque
1533 2251 1584 2305 in
1611 2251 1717 2320 pri-

119 2320 252 2384 mis,
284 2337 402 2391 quae
425 2321 493 2376 de
526 2320 844 2375 humilitatis
885 2320 1151 2384 custodia,
1178 2320 1244 2374 de
1274 2319 1398 2390 fuga
1418 2319 1720 2378 aemulatio-

119 2392 233 2466 nis,
264 2392 680 2466 deobedienthze
739 2391 958 2466 regulis,
994 2400 1048 2444 et
1095 2393 1415 2466 reverentiae
1448 2409 1576 2466 erga
1627 2410 1721 2449 eos

118 2463 221 2532 qui
253 2463 430 2518 divina
457 2463 782 2518 auctoritate
821 2463 976 2518 nobis
1016 2470 1271 2532 praesunt,
1307 2463 1719 2520 ibidem'enun.

120 2533 357 2605 tiantur,
397 2535 848 2605 quemadmodum
899 2549 966 2588 ex
993 2533 1257 2605 _versione
1295 2532 1516 2590 Patricii
1571 2534 1719 2591 Junii

116 2602 516 2676 leguntur,'uti
561 2621 680 2676 pag.
714 2604 819 2677 126
861 2623 874 2659 :
921 2623 939 2657 ι
983 2603 1245 2660 Servetur
1292 2606 1473 2677 itaque
1522 2622 1719 2676 corpus

118 2674 372 2747 nostrum
411 2677 464 2731 in
524 2674 743 2732 Christo
786 2674 937 2741 Jesu,
983 2687 1038 2732 et
1066 2674 1435 2747 unusquisque
1472 2674 1719 2747 proximo

120 2762 228 2802 suo
256 2746 571 2820 subjiciatur
585 2747 737 2820 juxta
765 2747 1032 2820 ordinem,
1063 2758 1118 2820 et
1147 2746 1568 2820 dignitatemiin
1613 2766 1720 2820 quo

122 2818 320 2888 gratia,
348 2828 400 2874 et
433 2819 740 2890 dignatione
791 2817 930 2887 ejus,
963 2819 1173 2890 positus
1203 2827 1384 2874 est...
1409 2858 1423 2872 .
1444 2857 1459 2872 .
1495 2817 1719 2878 Summo

122 2892 326 2959 quippe
362 2891 629 2946 sacerdoti
663 2906 756 2945 sua
784 2905 1006 2944 munera
1039 2890 1238 2944 tributa
1272 2898 1426 2948 sunt:
1463 2892 1719 2946 sacerdo-

128 2961 279 3016 tibus
311 2960 459 3017 locus
508 2962 766 3033 proprius,
809 2961 1136 3033 assignatur,
1187 2969 1244 3033 et
1272 2961 1465 3033 levitis
1493 2977 1589 3016 sua
1617 2963 1720 3018 mi-

123 3031 730 3102 nisteriaiincuinbunt:
756 3031 1235 3102 laicuspraeceptis
1270 3031 1420 3088 laicis
1446 3034 1718 3088 constrin-

126 3103 294 3176 gitur.
326 3101 712 3176 Unusquisque
737 3101 998 3176 vestrum,
1031 3103 1244 3163 fratres,
1281 3104 1333 3176 in
1376 3118 1475 3176 suo
1502 3106 1712 3170 ordine,

126 3173 364 3230 statione
413 3173 660 3238 manens,
683 3175 799 3230 Deo
838 3176 906 3230 in
949 3175 1087 3229 bona
1137 3175 1467 3230 conscientia
1504 3177 1709 3245 gratias

124 3255 275 3317 agat,
299 3253 352 3300 et
381 3261 500 3302 cum
531 3248 726 3302 decore
769 3247 910 3317 intra
975 3245 1272 3317 praescripti
1308 3246 1592 3300 ministerii
1625 3249 1708 3302 sui

121 3315 391 3371 canonem
424 3333 481 3372 se
510 3318 806 3373 contineat.
846 3316 1046 3389 Contra
1110 3315 1456 3389 presbyteros
1496 3317 1710 3372 seditio-

121 3402 254 3443 nem
284 3403 515 3454 movere,
547 3399 602 3443 et
650 3389 736 3442 hic
784 3387 998 3458 quidem
1046 3401 1231 3441 rumor
1265 3387 1371 3442 non
1414 3396 1620 3442 tantum
1642 3389 1711 3444 ad

125 3475 249 3520 nos,
280 3459 373 3512 sed
405 3459 470 3514 ad
497 3475 589 3514 eos
618 3457 812 3523 etiam,
850 3457 940 3523 qui
971 3473 1001 3511 a
1042 3458 1216 3522 nobis,
1259 3469 1311 3514 et
1338 3473 1366 3510 a
1398 3458 1500 3514 fide
1529 3459 1713 3514 animo

123 3541 257 3584 sunt
284 3529 539 3585 alieniore
571 3530 830 3584 manavit.
859 3528 1053 3584 Tollite
1094 3529 1259 3598 igitur
1304 3529 1408 3584 hoc
1435 3531 1502 3585 de
1532 3531 1712 3585 medio

121 3615 287 3670 quam
335 3601 635 3656 celerrime.
675 3599 862 3654 Melius
906 3608 989 3654 est
1036 3600 1179 3655 enim
1229 3600 1282 3655 in
1333 3600 1459 3654 ovili
1511 3599 1711 3656 Christi

120 3669 342 3741 parvos,
375 3682 430 3726 et
468 3669 522 3726 in
564 3671 924 3726 aestimatione
961 3671 1098 3726 bona
1147 3671 1394 3741 reperiri,
1422 3686 1583 3740 quam
1609 3671 1709 3726 sibi

121 3740 298 3796 videri
318 3743 436 3797 aliis
459 3743 866 3807 eminentiores,
886 3751 940 3798 et
960 3752 1115 3796 extra
1131 3740 1248 3808 ejus
1272 3742 1540 3797 cancellos
1567 3741 1712 3798 foras

122 3811 268 3881 ejici.
315 3832 333 3866 ι
378 3813 472 3868 His
517 3827 584 3867 ex
630 3812 855 3882 epistola
909 3811 1241 3869 Clementina
1285 3814 1582 3883 productis,
1635 3814 1710 3870 ita

121 3885 467 3954 prosequitur
499 3884 770 3940 Sommier
801 3899 921 3954 pag.
962 3883 1084 3939 126.

205 3953 411 4009 Utinam
461 3955 620 4010 hodie
657 3953 964 4026 complures
999 3954 1320 4026 Occidentis
1352 3955 1710 4026 Ecclesireiita

123 4023 436 4095 frequenter
472 4023 796 4082 lectitarent'
812 4025 1098 4095 epistolam
1123 4026 1437 4092 Clementis,
1465 4027 1540 4081 uti
1580 4025 1708 4080 olim

124 4094 493 4153 Orientalesin
525 4096 763 4165 ejusdem
791 4094 1024 4153 lcetione
1050 4098 1460 4154 detinebantur!
1492 4096 1710 4152 Utinam

124 4167 316 4239 eodem
359 4183 614 4224 successu
665 4169 826 4224 lectio
871 4185 1012 4224 nunc
1053 4169 1393 4239 procederet,
1437 4183 1542 4238 qua
1571 4167 1712 4222 anti-

124 4238 318 4310 quitus
333 4240 470 4310 apud
498 4239 836 4296 Corinthios!
887 4238 1102 4296 Similes
1142 4240 1297 4310 plane
1329 4254 1518 4295 sensus
1549 4253 1710 4294 vene—

125 4309 735 4382 rationis’perciperent
774 4327 902 4382 erga
947 4309 1276 4367 Clementem
1307 4311 1378 4366 XI
1425 4326 1488 4365 ac
1521 4325 1710 4366 versus

124 4377 452 4452 Clemente—ui
488 4377 716 4452 l,'cujus
758 4377 1040 4438 sueCessor
1086 4383 1174 4436 ille
1197 4390 1320 4437 est:
1350 4389 1403 4436 et
1447 4383 1573 4436 inde
1600 4382 1711 4437 col-

123 4448 369 4522 ligerent,
420 4448 526 4506 non
591 4448 746 4509 secus
791 4469 855 4508 ac
909 4454 1096 4508 lrcntei
1156 4461 1314 4506 artato
1368 4463 1707 4522 compertum

893 279 1216 338 HISTORIA
1252 278 1342 336 DE
1374 275 1555 336 VITIS
1593 273 1760 334 ROM.
1801 272 2004 333 PONT.
2039 307 2110 317 —
2136 275 2196 333 S.
2234 275 2665 334 ANACLETUS.

451 405 597 471 atres
643 398 852 471 magnis
904 377 1432 453 laudibns’e'tlerunt
1463 410 1734 452 memora-
1756 397 1814 456 Α
1835 407 1933 465 per
1959 394 2223 471 habitum,
2246 406 2301 451 et
2337 395 2641 471 adhibitum
2661 377 2751 452 'ad
2780 412 2993 454 morum
3021 410 3424 471 corruptionem

321 469 578 526 lementis
616 469 922 539 epistolam,
976 485 1137 539 quam
1179 478 1576 537 recognoscunt
1621 476 1740 522 tan-

3287 285 3427 342 MN

1844 467 2219 541 avertendam,
2247 481 2310 521 ac
2338 469 2708 541 reserandam,
2743 485 2953 526 necnon
2991 473 3056 526 ad
3076 467 3334 541 perversa
3373 485 3428 541 et

1843 535 1978 590 falsa
2023 537 2266 614 dogmata
2307 537 2685 614 confundenda
2732 549 2894 612 atque
2935 535 3325 614 expuirgendaj
3359 537 3430 597 ut‘

1782 611 1784 614 ’
1841 623 2037 679 nempe
2080 610 2147 663 ad
2199 609 2345 683 illam
2395 609 2762 683 traditionem,
2805 609 2866 668 ac
2904 609 3063 668 fidem
3089 609 3420 683 provocatio,

1750 1769 1799 1830 B

1841 689 1896 734 et
1919 695 2172 754 recursus
2195 680 2309 744 ﬁat,
2340 695 2502 749 quam
2530 681 2771 754 Ecclesia
2800 683 3039 739 Romana
3069 680 3137 740 a'b
3165 684 3425 754 apostolis

1841 751 2088 827 accepit:
2134 761 2194 827 ut
2233 760 2512 827 teneamus
2555 754 2621 807 ad
2650 753 2964 827 Ecclesiam
3013 756 3176 822 hanc,
3200 751 3425 827 'ubique

1839 823 2105 898 gentium
2137 823 2204 898 ab
2248 823 2497 898 universa
2550 825 2870 898 antiquitate
2920 828 3248 898 recognitam
3296 823 3430 898 tan-

1839 909 1999 963 quam
2026 894 2321 962 principem
2344 895 2585 948 omnium
2612 895 2997 961 Ecclesiarum,
3020 894 3077 953 et
3100 897 3424 954 auctoritate

1836 965 2106 1088 Praecipua
2143 975 2520 1049 prfestantem,
2545 967 2699 1048 cujus
2739 967 2792 1022 in
2826 969 2943 1022 sinu
2975 969 3299 1024 Christiana:
3337 983 3426 1026 re-

1861 1052 2051 1088 latoms
2103 1047 2348 1088 mtrttas.
2405 1045 2459 1088 et
2509 1047 2791 1088 Integritas
2831 1051 3056 1088 semner‘
3086 1041 3282 1088 etiitnit
3327 1053 3426 1088 nar

1861 1036 2069 1111 igionis
2103 1036 2348 1111 pnritas,
2405 1045 2459 1093 et
2509 1038 2791 1108 integritas
2831 1051 3056 1111 semper‘
3086 1041 3282 1094 enituit
3327 1053 3427 1111 per

1837 1108 2232 1181 successionem
2264 1109 2634 1179 episcoporum
2678 1125 2780 1162 non
2818 1108 3196 1181 interruptam,
3240 1108 3428 1165 neces-

1835 1179 1980 1232 sario
2011 1181 2296 1234 convenire
2335 1181 2530 1236 debere
2579 1195 2793 1235 onmem
2843 1179 3150 1246 ecclesiam,
3201 1184 3302 1237 hoc
3341 1190 3426 1238 est

1833 1264 1928 1322 eos
1955 1251 2044 1322 qui
2075 1260 2200 1303 sunt
2223 1252 2462 1322 undique
2493 1249 2696 1306 fideles.
2735 1270 2754 1303 ‹
2791 1251 3036 1308 Maxima“:
3063 1257 3164 1322 (ait
3191 1254 3425 1308 Irenazus

1833 1321 1953 1394 adv.
1980 1319 2184 1394 Haeres.
2220 1321 2310 1376 lib.
2343 1319 2422 1394 ni,
2454 1337 2572 1392 cap.
2603 1323 2658 1391 5)
2688 1331 2742 1377 et
2767 1319 3177 1394 antiquissime,
3215 1334 3269 1379 et
3303 1339 3425 1394 orm--

1831 1391 1992 1446 nibus
2019 1392 2324 1466 cognitae,_a
2347 1391 2752 1465 glorioSissimis
2781 1391 2986 1466 duobus
3027 1396 3283 1466 apostolis
3318 1393 3424 1451 Pe-

1833 1470 1935 1524 tro,
1971 1471 2024 1518 et
2071 1462 2237 1517 Paulo
2262 1462 2514 1526 fundata},
2547 1473 2600 1518 et
2641 1465 2948 1520 constituta:
2990 1462 3262 1527 Ec'clesiaa,
3301 1481 3424 1520 eam

1829 1548 1992 1602 quam
2023 1534 2184 1588 habet
2213 1536 2279 1588 ab
2297 1534 2554 1604 apostolis
2576 1535 2940 1602 traditionem,
2969 1547 3024 1592 et
3049 1538 3424 1592 annuntiatam

1830 1603 2138 1679 hominibus
2191 1603 2390 1671 fidem,
2446 1621 2542 1676 per
2601 1607 2997 1679 successionem
3046 1610 3422 1679 episcoporum

1829 1676 2133 1729 venientem
2177 1692 2348 1759 usque
2401 1679 2466 1731 ad
2517 1693 2614 1732 nos
2652 1677 2990 1759 indicantes;
3043 1676 3424 1759 contundimus

1827 1762 2017 1822 omnes
2043 1749 2275 1822 eos,_qui
2307 1763 2522 1822 quoquo
2543 1749 2718 1822 modo,
2745 1749 2836 1822 vel
2860 1766 2956 1822 per
2982 1753 3064 1806 sui
3099 1751 3422 1820 placentiam

1826 1817 2045 1892 malam,
2097 1820 2180 1873 vel
2206 1817 2444 1874 ’vanam’
2467 1819 2716 1891 gloriam,
2759 1817 2988 1892 vel'per
3019 1817 3338 1885 cmcitatem,
3365 1827 3424 1875 et

1826 1890 2022 1964 malam
2057 1891 2378 1964 sententiam
2411 1890 2770 1961 praeterquam
2801 1890 3013 1963 oportet
3034 1894 3307 1964 colligunt.
3339 1891 3421 1946 Ad

1826 1959 1967 2034 hanc
1992 1962 2135 2016 enim
2167 1959 2464 2018 Ecclesiain
2505 1959 2727 2032 propter
2756 1959 3114 2034 potentiorem
3152 1959 3422 2034 principa-

1824 2030 2052 2097 litatem,
2104 2049 2327 2089 necesse
2371 2042 2452 2088 est
2488 2030 2702 2087 omnem
2749 2030 3041 2091 convenire
3097 2030 3419 2100 Ecclesia'm,

1824 2102 1929 2177 hoc
1959 2114 2046 2177 est
2067 2119 2162 2160 eos
2182 2105 2275 2175 qui
2307 2114 2434 2177 sunt
2463 2104 2701 2172 undique
2725 2104 2911 2162 ﬁdeles
2942 2124 2956 2161 :
2985 2107 3038 2162 in
3069 2123 3174 2176 qua
3205 2118 3421 2177 semper

1824 2174 2000 2250 abhis
2039 2174 2286 2250 quiisunt
2313 2175 2552 2250 undique
2586 2187 2909 2233 conservata
2946 2186 3030 2234 est
3061 2174 3145 2244 ea,
3183 2193 3300 2250 quae
3323 2174 3424 2234 'est

1825 2245 1892 2300 ab
1925 2247 2204 2316 apostolis,
2244 2245 2482 2302 traditio.
2527 2267 2546 2300 ι

1897 2317 1954 2371 S.
1975 2317 2244 2393 Clemens
2274 2319 2345 2393 ad
2375 2317 2934 2393 eosdem‘Corinthios
2960 2320 3249 2376 secundam
3285 2335 3420 2393 quo-

1825 2403 1929 2458 que
1955 2389 2177 2462 dederat
2201 2389 2504 2458 epistolam,
2533 2388 2686 2462 cujus
2711 2392 2962 2462 nonnulla
2997 2402 3207 2446 tantum
3233 2388 3423 2462 super-

1824 2470 1950 2514 sunt
1979 2459 2304 2531 fragmenta,
2328 2476 2447 2530 qua:
2474 2461 2632 2516 nobis
2662 2461 2901 2518 indicant
2927 2463 3182 2518 salutaria
3217 2459 3420 2519 monita

1823 2531 1890 2604 ad
1919 2531 2082 2604 vitam
2112 2541 2259 2604 recte
2279 2533 2663 2587 instituendam
2693 2533 2837 2604 inea
2872 2534 3036 2588 fuisse
3056 2533 3417 2604 complexum.

1822 2600 1980 2676 Phot.
2019 2603 2272 2676 Biblioth.
2302 2605 2422 2659 cod.
2458 2604 2598 2659 ηδε
2643 2623 2660 2655 ‹
2703 2603 2883 2658 Altera
2916 2621 3130 2676 quoque
3168 2600 3419 2676 epistola,

1822 2684 1878 2727 et
1923 2675 2039 2744 ipsa
2082 2675 2481 2731 institutionem
2519 2675 2644 2729 vita:
2679 2673 3216 2731 continet'melioris.
3264 2695 3283 2728 ι
3329 2673 3426 2731 Vi-

1823 2743 2029 2800 dendus
2074 2747 2236 2800 etiam
2285 2748 2482 2802 Euseb.
2516 2746 2642 2800 hist.
2667 2745 2813 2799 Eccl.
2860 2746 2948 2801 lib.
2988 2763 3066 2812 tn,
3096 2762 3214 2812 cap.
3245 2746 3334 2810 32,
3364 2751 3425 2803 et

1822 2813 2137 2889 Hieronym.
2178 2819 2244 2872 de
2274 2817 2474 2888 Script.
2511 2816 2658 2872 Eccl.
2707 2817 2762 2870 in
2801 2815 3098 2872 Clemente.
3133 2813 3302 2886 Hujus
3327 2832 3417 2873 se-

1821 2888 2036 2943 cundae
2064 2889 2304 2958 epistOla:
2352 2889 2648 2945 auctoritas
2696 2901 2804 2942 non
2843 2889 2978 2945 adeo
3024 2899 3172 2944 certa
3211 2895 3297 2944 est
3353 2904 3417 2944 ac

1821 2959 2139 3028 superioris.

1897 3030 2173 3085 Prioribus
2217 3031 2476 3085 Ecclesiae
2527 3033 2740 3088 saeculis
2794 3031 3053 3086 attributa
3113 3031 3418 3086 invenimus

1824 3098 2088 3174 Clementi
2133 3117 2282 3172 papae
2307 3102 2409 3162 alia
2440 3119 2654 3174 quoque
2688 3119 2874 3173 opera,
2907 3102 3070 3156 veluti
3103 3103 3269 3174 libros
3307 3101 3415 3174 Re-

1824 3172 2216 3245 cognitionum,
2249 3188 2342 3227 seu
2394 3182 2513 3227 acta
2545 3172 2602 3245 S.
2644 3172 2813 3238 Petri,
2847 3188 3075 3245 quorum
3111 3173 3418 3245 testimonio

1818 3257 1951 3297 usus
1973 3251 2058 3297 est
2092 3242 2356 3312 Origenes
2385 3252 2515 3299 tom.
2543 3244 2611 3300 Ill
2643 3242 3011 3301 Conimehtar.
3055 3244 3108 3299 in
3136 3243 3416 3310 Genesim,

1815 3327 1843 3365 a
1872 3313 2066 3386 [induo
2093 3313 2284 3369 Latine
2312 3315 2520 3370 reddita
2556 3335 2568 3371 :
2595 3314 3027 3374 Constitutiones
3063 3314 3408 3386 apostolicus,

1815 3398 1846 3437 a
1874 3383 1931 3439 S.
1982 3385 2282 3454 Epiphanio
2323 3387 2615 3456 productas
2658 3388 2850 3443 haeresi
2876 3388 2971 3453 2'0,
3012 3383 3112 3450 45,
3140 3387 3208 3440 70
3245 3393 3298 3440 et
3322 3386 3414 3453 80,

1814 3468 2042 3522 quarum
2086 3456 2268 3526 plures
2311 3457 2576 3512 editiones
2607 3459 2765 3514 hodie
2796 3470 3081 3514 tenemus:
3123 3456 3419 3512 Clementi-

1814 3540 1932 3590 nas,
1986 3540 2176 3595 nempe
2226 3527 2600 3600 collectionem
2662 3531 3012 3600 epistularum
3078 3528 3418 3600 aliorumque

1814 3609 2039 3665 operum
2087 3601 2312 3668 prtelixo
2366 3598 2524 3668 hujus
2570 3598 2866 3655 Clementis
2924 3601 3161 3654 nomine.
3213 3599 3415 3654 Verum

1815 3680 2036 3740 cuine!
2085 3667 2169 3721 bis
2211 3669 2388 3738 aliqua
2435 3667 2543 3723 Sint
2580 3671 2860 3725 evidenter
2901 3670 3260 3740 supposititia,
3307 3669 3414 3725 alia

1817 3737 2089 3810 mutilata,
2118 3748 2171 3794 et
2197 3737 2476 3795 erroribus
2506 3742 2853 3810 interspersa,
2888 3755 2919 3792 a
2951 3737 3106 3794 nobis
3145 3756 3250 3793 non
3289 3755 3416 3808 pro-

1783 3808 2100 3874 .ducentur,
2143 3820 2200 3864 ut
2245 3811 2558 3866 eorumdem
2610 3808 2922 3867 testimonio
2965 3810 3313 3880 comprobem
3347 3825 3413 3865 ea

1813 3894 1933 3949 qua:
1960 3881 2025 3934 de
2051 3881 2108 3934 S.
2140 3883 2270 3937 sede
2299 3882 2430 3936 mihi
2463 3883 2691 3937 dicenda
2719 3890 2864 3937 sunt.

1887 3948 2168 4024 Linea”.
2199 3983 2272 3992 -—-
2312 3953 2594 4022 IL‘p-iswpos
2635 3969 2728 4024 per
2764 3953 2966 4006 diuersa
3011 3951 3126 4024 loca
3163 3952 3409 4023 quinque.

1813 4018 2259 4093 Martyrologium
2309 4018 2748 4078 llotnanum'die
2788 4039 2842 4077 χι
2893 4018 3414 4093 Augusti__ineminit

1814 4090 1872 4145 S.
1895 4090 2138 4176 ‘Tau'rini'
2163 4094 2401 4176 episcopi
2449 4093 2802 4176 a_C|emeute
2839 4090 3098 4176 ordinati.
3132 4090 3248 4174 Yvo
3278 4093 3412 4148 Car-

1813 4164 2059 4218 nulensis
2086 4173 2142 4218 et
2167 4164 2432 4220 Baronius
2462 4165 2598 4220 alios
2639 4181 2854 4236 quoque
2877 4175 3100 4220 sanctos
3127 4164 3412 4234 episcopos

1817 4237 2392 4307 memorantejusdem
2439 4234 2886 4307 pontiﬁcisjussu
2919 4237 2978 4307 in_
3012 4236 3240 4291 Galliam
3280 4251 3408 4304 pro-

1812 4303 2006 4379 gratos.
2052 4326 2071 4358 ‹
2125 4303 2231 4363 Iste
2282 4303 2572 4379 (Clemens)
2621 4303 2908 4364 destinavit
2959 4303 3410 4379 Lugdunensibus

1811 4375 2097 4449 Eotinum,
2145 4375 2411 4434 Narbona:
2457 4375 2721 4442 Paulum,
2775 4380 3010 4435 Turonis
3046 4375 3406 4445 'Gratianum,

1813 4447 2138 4505 Cenomanis
2175 4449 2471 4515 Julianum,
2509 4471 2527 4503 ι
2569 4461 2675 4506 etc.
2711 4450 2826 4506 Yvo
2856 4452 3076 4506 Carno‘t.
3111 4452 3162 4506 in
3201 4449 3403 4504 Chron.

126 4516 254 4593 fuit,
290 4538 317 4575 a
347 4516 454 4593 quo
497 4525 872 4580 testimonium
916 4533 1160 4580 tenemus
1199 4525 1332 4578 adeo
1377 4516 1605 4588 illustre,
1641 4525 1708 4578 ab
1734 4516 1786 4576 D
1813 4517 1942 4574 Mss.
1975 4521 2142 4593 citato
2171 4539 2200 4576 a
2227 4522 2388 4578 Junio
2425 4523 2681 4580 Patricio.
2717 4525 2852 4582 Vide
2885 4523 3174 4580 Baronium
3205 4523 3272 4577 ad
3309 4537 3409 4578 au-

121 4590 378 4651 Ecclesia
393 4593 652 4652 catholica
695 4597 992 4652 remedium
1031 4595 1538 4668 praestantissimum
1563 4611 1708 4651 sem-

134 4782 758 4815 Μ..-

1815 4606 1944 4646 num
1971 4590 2040 4648 95
2095 4610 2150 4650 n.
2181 4593 2231 4651 7.

761 4789 3386 4820 Μ

1081 4947 1174 5026 ν.
1261 4881 1726 5027 SANCTUS
1806 4946 1941 5028 AN
1951 4946 2440 5027 ACLETUS.

1161 5143 1289 5188 vao
1333 5142 1591 5189 cums'rt
1637 5124 1774 5202 103,
1821 5145 2090 5189 rasum
2137 5144 2272 5190 me.
2323 5123 2382 5187 τι.

356 5447 410 5522 5
474 5441 832 5517 Anacletus,
952 5447 1208 5506 natione
1322 5445 1597 5524 Graecus,

1719 5447 1792 5509 de

1905 5447 2188 5522 Athenis,
2319 5465 2397 5509 ea:
2495 5453 2681 5528 patre
2775 5449 3107 5523 Antiocho,
3225 5452 3397 5519 sedit

279 5563 479 5613 annos
534 5567 792 5627 novem,
853 5569 1109 5616 menses
1169 5553 1333 5618 duos
1362 5573 1414 5628 ει,
1445 5555 1586 5618 dies
1650 5556 1894 5618 decem.
1961 5555 2114 5616 Fuit
2175 5564 2381 5619 autem
2439 5555 2822 5636 temporibus
2878 5557 3230 5623 Domitiani
3265 5557 3320 5637 δ,
3357 5577 3398 5623 α

1195 5697 1461 5742 uorum:
1494 5697 1910 5762 _MABGINALES
1957 5696 2294 5752 ransom.

193 5809 219 5839 ⁸
245 5796 348 5866 CB,
371 5815 446 5856 m.
483 5801 536 5858 5.
613 5799 640 5842 δ
671 5801 738 5872 Β,
770 5800 1011 5875 Trajam'.
