  <div class='ocr_page' id='page_1' title='image "/cluster/home/n/w/nwhite01/storage/ocr_20150623/127/hvd.32044015471683/576.png"; bbox 0 0 3964 6320; ppageno 0'>
   <div class='ocr_carea' id='block_1_1' title="bbox 137 333 284 390">
    <p class='ocr_par' dir='ltr' id='par_1_1' title="bbox 137 333 284 390">
     <span class='ocr_line' id='line_1_1' title="bbox 137 333 284 390; baseline 0 0"><span class='ocrx_word' id='word_1_1' title='bbox 137 333 172 390; x_wconf 77' lang='grc'><strong>1</strong></span> <span class='ocrx_word' id='word_1_2' title='bbox 195 336 284 390; x_wconf 67' lang='grc' dir='ltr'><strong>ιιι</strong></span> 
     </span>
    </p>
   </div>
   <div class='ocr_carea' id='block_1_2' title="bbox 905 321 2658 397">
    <p class='ocr_par' dir='ltr' id='par_1_2' title="bbox 905 321 2658 397">
     <span class='ocr_line' id='line_1_2' title="bbox 905 321 2658 397; baseline 0.003 -7"><span class='ocrx_word' id='word_1_3' title='bbox 905 321 1226 394; x_wconf 79' lang='lat' dir='ltr'><strong>lllS&#39;l‘ORlA</strong></span> <span class='ocrx_word' id='word_1_4' title='bbox 1267 337 1354 394; x_wconf 84' lang='lat' dir='ltr'><strong>DE</strong></span> <span class='ocrx_word' id='word_1_5' title='bbox 1395 337 1571 394; x_wconf 85' lang='lat' dir='ltr'><strong>vms</strong></span> <span class='ocrx_word' id='word_1_6' title='bbox 1608 337 1776 394; x_wconf 79' lang='lat' dir='ltr'><strong>nou.</strong></span> <span class='ocrx_word' id='word_1_7' title='bbox 1817 338 2018 396; x_wconf 67' lang='lat' dir='ltr'><strong>rox&#39;r.</strong></span> <span class='ocrx_word' id='word_1_8' title='bbox 2044 369 2118 381; x_wconf 76' lang='lat'>—</span> <span class='ocrx_word' id='word_1_9' title='bbox 2147 339 2207 396; x_wconf 87' lang='lat' dir='ltr'><strong>s.</strong></span> <span class='ocrx_word' id='word_1_10' title='bbox 2247 340 2658 397; x_wconf 70' lang='lat' dir='ltr'><strong>EVARISTUS.</strong></span> 
     </span>
    </p>
   </div>
   <div class='ocr_carea' id='block_1_3' title="bbox 3270 343 3408 398">
    <p class='ocr_par' dir='ltr' id='par_1_3' title="bbox 3270 343 3408 398">
     <span class='ocr_line' id='line_1_3' title="bbox 3270 343 3408 398; baseline -0.014 -1"><span class='ocrx_word' id='word_1_11' title='bbox 3270 343 3408 398; x_wconf 60' lang='grc' dir='ltr'>ΗΒ</span> 
     </span>
    </p>
   </div>
   <div class='ocr_carea' id='block_1_4' title="bbox 125 451 3408 523">
    <p class='ocr_par' dir='ltr' id='par_1_4' title="bbox 125 451 3408 523">
     <span class='ocr_line' id='line_1_4' title="bbox 125 451 3408 523; baseline 0.001 -15"><span class='ocrx_word' id='word_1_12' title='bbox 125 454 303 512; x_wconf 71' lang='lat' dir='ltr'><strong>chain</strong></span> <span class='ocrx_word' id='word_1_13' title='bbox 350 451 564 505; x_wconf 77' lang='lat' dir='ltr'><strong>turbare</strong></span> <span class='ocrx_word' id='word_1_14' title='bbox 613 461 816 523; x_wconf 87' lang='lat' dir='ltr'><strong>posset,</strong></span> <span class='ocrx_word' id='word_1_15' title='bbox 866 453 966 508; x_wconf 88' lang='lat' dir='ltr'><strong>nisi</strong></span> <span class='ocrx_word' id='word_1_16' title='bbox 1013 453 1235 523; x_wconf 83' lang='lat' dir='ltr'><strong>provide</strong></span> <span class='ocrx_word' id='word_1_17' title='bbox 1279 454 1714 522; x_wconf 72' lang='lat' dir='ltr'><strong>distingueretur.</strong></span> <span class='ocrx_word' id='word_1_18' title='bbox 1745 456 1794 517; x_wconf 79' lang='grc' dir='ltr'>Α</span> <span class='ocrx_word' id='word_1_19' title='bbox 1823 456 1890 510; x_wconf 90' lang='lat' dir='ltr'><strong>ad</strong></span> <span class='ocrx_word' id='word_1_20' title='bbox 1936 455 2185 512; x_wconf 89' lang='lat' dir='ltr'><strong>fundatas</strong></span> <span class='ocrx_word' id='word_1_21' title='bbox 2226 457 2279 510; x_wconf 88' lang='lat' dir='ltr'><strong>itt</strong></span> <span class='ocrx_word' id='word_1_22' title='bbox 2316 457 2441 511; x_wconf 81' lang='lat' dir='ltr'><strong>Asia</strong></span> <span class='ocrx_word' id='word_1_23' title='bbox 2492 457 2750 511; x_wconf 82' lang='lat' dir='ltr'><strong>ecclesias</strong></span> <span class='ocrx_word' id='word_1_24' title='bbox 2781 457 3074 512; x_wconf 85' lang='lat' dir='ltr'><strong>visitandas</strong></span> <span class='ocrx_word' id='word_1_25' title='bbox 3118 469 3164 516; x_wconf 89' lang='lat' dir='ltr'><strong>et</strong></span> <span class='ocrx_word' id='word_1_26' title='bbox 3209 461 3408 513; x_wconf 83' lang='lat' dir='ltr'><strong>confir—</strong></span> 
     </span>
    </p>
   </div>
   <div class='ocr_carea' id='block_1_5' title="bbox 131 523 1768 592">
    <p class='ocr_par' dir='ltr' id='par_1_5' title="bbox 131 523 1768 592">
     <span class='ocr_line' id='line_1_5' title="bbox 131 523 1768 592; baseline -0.001 -12"><span class='ocrx_word' id='word_1_27' title='bbox 131 524 302 592; x_wconf 80' lang='lat' dir='ltr'><strong>Apud</strong></span> <span class='ocrx_word' id='word_1_28' title='bbox 326 540 516 576; x_wconf 88' lang='lat' dir='ltr'><strong>omnes</strong></span> <span class='ocrx_word' id='word_1_29' title='bbox 555 523 606 576; x_wconf 91' lang='lat' dir='ltr'><strong>in</strong></span> <span class='ocrx_word' id='word_1_30' title='bbox 639 524 888 578; x_wconf 84' lang='lat' dir='ltr'><strong>confesso</strong></span> <span class='ocrx_word' id='word_1_31' title='bbox 918 534 1018 585; x_wconf 92' lang='lat' dir='ltr'><strong>est,</strong></span> <span class='ocrx_word' id='word_1_32' title='bbox 1050 525 1118 577; x_wconf 93' lang='lat' dir='ltr'><strong>ab</strong></span> <span class='ocrx_word' id='word_1_33' title='bbox 1154 525 1518 592; x_wconf 80' lang='lat' dir='ltr'><strong>apostolorum</strong></span> <span class='ocrx_word' id='word_1_34' title='bbox 1563 534 1722 579; x_wconf 64' lang='lat' dir='ltr'><strong>{etate</strong></span> <span class='ocrx_word' id='word_1_35' title='bbox 1765 561 1768 565; x_wconf 66' lang='grc' dir='ltr'><strong><em>ε</em></strong></span> 
     </span>
    </p>
   </div>
   <div class='ocr_carea' id='block_1_6' title="bbox 133 593 1724 664">
    <p class='ocr_par' dir='ltr' id='par_1_6' title="bbox 133 593 1724 664">
     <span class='ocr_line' id='line_1_6' title="bbox 133 593 1724 664; baseline -0.002 -13"><span class='ocrx_word' id='word_1_36' title='bbox 133 596 425 651; x_wconf 81' lang='lat' dir='ltr'><strong>inductum</strong></span> <span class='ocrx_word' id='word_1_37' title='bbox 469 594 631 647; x_wconf 87' lang='lat' dir='ltr'><strong>fuisse</strong></span> <span class='ocrx_word' id='word_1_38' title='bbox 679 593 836 661; x_wconf 89' lang='lat' dir='ltr'><strong>hujus</strong></span> <span class='ocrx_word' id='word_1_39' title='bbox 875 595 1227 664; x_wconf 81' lang='lat' dir='ltr'><strong>providentiae</strong></span> <span class='ocrx_word' id='word_1_40' title='bbox 1265 596 1504 660; x_wconf 90' lang='lat' dir='ltr'><strong>modum,</strong></span> <span class='ocrx_word' id='word_1_41' title='bbox 1545 605 1602 649; x_wconf 90' lang='lat' dir='ltr'><strong>ut</strong></span> <span class='ocrx_word' id='word_1_42' title='bbox 1634 595 1724 649; x_wconf 92' lang='lat' dir='ltr'><strong>ubi</strong></span> 
     </span>
    </p>
   </div>
   <div class='ocr_carea' id='block_1_7' title="bbox 133 664 1728 736">
    <p class='ocr_par' dir='ltr' id='par_1_7' title="bbox 133 664 1728 736">
     <span class='ocr_line' id='line_1_7' title="bbox 133 664 1728 736; baseline -0.002 -16"><span class='ocrx_word' id='word_1_43' title='bbox 133 665 448 722; x_wconf 76' lang='lat' dir='ltr'><strong>necessitas</strong></span> <span class='ocrx_word' id='word_1_44' title='bbox 468 664 756 718; x_wconf 86' lang='lat' dir='ltr'><strong>Christiani</strong></span> <span class='ocrx_word' id='word_1_45' title='bbox 784 665 960 736; x_wconf 83' lang='lat' dir='ltr'><strong>pepuli</strong></span> <span class='ocrx_word' id='word_1_46' title='bbox 993 666 1552 733; x_wconf 81' lang='lat' dir='ltr'><strong>posceretsubsidinm</strong></span> <span class='ocrx_word' id='word_1_47' title='bbox 1568 665 1728 736; x_wconf 87' lang='lat' dir='ltr'><strong>coad-</strong></span> 
     </span>
    </p>
   </div>
   <div class='ocr_carea' id='block_1_8' title="bbox 121 735 1729 806">
    <p class='ocr_par' dir='ltr' id='par_1_8' title="bbox 121 735 1729 806">
     <span class='ocr_line' id='line_1_8' title="bbox 121 735 1729 806; baseline 0 -16"><span class='ocrx_word' id='word_1_48' title='bbox 121 736 363 806; x_wconf 87' lang='lat' dir='ltr'><strong>jutoris,</strong></span> <span class='ocrx_word' id='word_1_49' title='bbox 404 735 1114 805; x_wconf 82' lang='lat' dir='ltr'><strong>sublegereturcpiscopus,</strong></span> <span class='ocrx_word' id='word_1_50' title='bbox 1152 737 1242 804; x_wconf 91' lang='lat' dir='ltr'><strong>qui</strong></span> <span class='ocrx_word' id='word_1_51' title='bbox 1294 737 1473 790; x_wconf 90' lang='lat' dir='ltr'><strong>munia</strong></span> <span class='ocrx_word' id='word_1_52' title='bbox 1515 735 1729 806; x_wconf 88' lang='lat' dir='ltr'><strong>pontifi-</strong></span> 
     </span>
    </p>
   </div>
   <div class='ocr_carea' id='block_1_9' title="bbox 131 807 1730 876">
    <p class='ocr_par' dir='ltr' id='par_1_9' title="bbox 131 807 1730 876">
     <span class='ocr_line' id='line_1_9' title="bbox 131 807 1730 876; baseline -0.001 -14"><span class='ocrx_word' id='word_1_53' title='bbox 131 807 285 862; x_wconf 82' lang='lat' dir='ltr'><strong>calia</strong></span> <span class='ocrx_word' id='word_1_54' title='bbox 313 817 592 860; x_wconf 85' lang='lat' dir='ltr'><strong>exerceret</strong></span> <span class='ocrx_word' id='word_1_55' title='bbox 619 817 874 875; x_wconf 91' lang='lat' dir='ltr'><strong>tanquam</strong></span> <span class='ocrx_word' id='word_1_56' title='bbox 907 807 1142 861; x_wconf 72' lang='lat' dir='ltr'><strong>vicarius</strong></span> <span class='ocrx_word' id='word_1_57' title='bbox 1172 807 1224 860; x_wconf 92' lang='lat' dir='ltr'><strong>in</strong></span> <span class='ocrx_word' id='word_1_58' title='bbox 1265 807 1490 862; x_wconf 82' lang='lat' dir='ltr'><strong>ecclesia</strong></span> <span class='ocrx_word' id='word_1_59' title='bbox 1515 823 1612 862; x_wconf 90' lang='lat' dir='ltr'><strong>suo</strong></span> <span class='ocrx_word' id='word_1_60' title='bbox 1638 822 1730 876; x_wconf 83' lang='lat' dir='ltr'><strong>pa-</strong></span> 
     </span>
    </p>
   </div>
   <div class='ocr_carea' id='block_1_10' title="bbox 131 877 1731 947">
    <p class='ocr_par' dir='ltr' id='par_1_10' title="bbox 131 877 1731 947">
     <span class='ocr_line' id='line_1_10' title="bbox 131 877 1731 947; baseline -0.001 -13"><span class='ocrx_word' id='word_1_61' title='bbox 131 888 296 934; x_wconf 80' lang='lat' dir='ltr'><strong>store</strong></span> <span class='ocrx_word' id='word_1_62' title='bbox 320 878 555 931; x_wconf 80' lang='lat' dir='ltr'><strong>nomium</strong></span> <span class='ocrx_word' id='word_1_63' title='bbox 593 877 830 930; x_wconf 87' lang='lat' dir='ltr'><strong>viduata.</strong></span> <span class='ocrx_word' id='word_1_64' title='bbox 863 877 1054 930; x_wconf 88' lang='lat' dir='ltr'><strong>Linum</strong></span> <span class='ocrx_word' id='word_1_65' title='bbox 1084 886 1138 930; x_wconf 88' lang='lat' dir='ltr'><strong>et</strong></span> <span class='ocrx_word' id='word_1_66' title='bbox 1184 877 1393 933; x_wconf 89' lang='lat' dir='ltr'><strong>Cletnm</strong></span> <span class='ocrx_word' id='word_1_67' title='bbox 1418 894 1444 930; x_wconf 90' lang='lat' dir='ltr'><strong>a</strong></span> <span class='ocrx_word' id='word_1_68' title='bbox 1485 878 1731 947; x_wconf 86' lang='lat' dir='ltr'><strong>principe</strong></span> 
     </span>
    </p>
   </div>
   <div class='ocr_carea' id='block_1_11' title="bbox 128 947 1728 1018">
    <p class='ocr_par' dir='ltr' id='par_1_11' title="bbox 128 947 1728 1018">
     <span class='ocr_line' id='line_1_11' title="bbox 128 947 1728 1018; baseline -0.001 -15"><span class='ocrx_word' id='word_1_69' title='bbox 128 947 512 1018; x_wconf 72' lang='lat' dir='ltr'><strong>apostolorum</strong></span> <span class='ocrx_word' id='word_1_70' title='bbox 542 947 612 1000; x_wconf 88' lang='lat' dir='ltr'><strong>ita</strong></span> <span class='ocrx_word' id='word_1_71' title='bbox 651 947 928 1001; x_wconf 89' lang='lat' dir='ltr'><strong>ordinatos</strong></span> <span class='ocrx_word' id='word_1_72' title='bbox 969 948 1135 1002; x_wconf 82' lang='lat' dir='ltr'><strong>fuisse</strong></span> <span class='ocrx_word' id='word_1_73' title='bbox 1177 947 1288 1004; x_wconf 87' lang='lat' dir='ltr'><strong>fere</strong></span> <span class='ocrx_word' id='word_1_74' title='bbox 1317 949 1549 1018; x_wconf 74' lang='lat' dir='ltr'><strong>universi</strong></span> <span class='ocrx_word' id='word_1_75' title='bbox 1598 963 1728 1002; x_wconf 88' lang='lat' dir='ltr'><strong>con-</strong></span> 
     </span>
    </p>
   </div>
   <div class='ocr_carea' id='block_1_12' title="bbox 131 1017 1730 1088">
    <p class='ocr_par' dir='ltr' id='par_1_12' title="bbox 131 1017 1730 1088">
     <span class='ocr_line' id='line_1_12' title="bbox 131 1017 1730 1088; baseline 0 -16"><span class='ocrx_word' id='word_1_76' title='bbox 131 1017 407 1078; x_wconf 63' lang='lat' dir='ltr'><strong>sentiunt,</strong></span> <span class='ocrx_word' id='word_1_77' title='bbox 453 1028 510 1070; x_wconf 92' lang='lat' dir='ltr'><strong>ut</strong></span> <span class='ocrx_word' id='word_1_78' title='bbox 562 1019 612 1071; x_wconf 89' lang='lat' dir='ltr'><strong>itt</strong></span> <span class='ocrx_word' id='word_1_79' title='bbox 663 1019 806 1072; x_wconf 84' lang='lat' dir='ltr'><strong>notis</strong></span> <span class='ocrx_word' id='word_1_80' title='bbox 846 1018 1240 1088; x_wconf 83' lang='lat' dir='ltr'><strong>chronologicis</strong></span> <span class='ocrx_word' id='word_1_81' title='bbox 1279 1017 1345 1072; x_wconf 90' lang='lat' dir='ltr'><strong>ad</strong></span> <span class='ocrx_word' id='word_1_82' title='bbox 1383 1017 1503 1072; x_wconf 89' lang='lat' dir='ltr'><strong>Lini</strong></span> <span class='ocrx_word' id='word_1_83' title='bbox 1553 1018 1730 1073; x_wconf 72' lang='lat' dir='ltr'><strong>Vitam</strong></span> 
     </span>
    </p>
   </div>
   <div class='ocr_carea' id='block_1_13' title="bbox 131 1089 1732 1158">
    <p class='ocr_par' dir='ltr' id='par_1_13' title="bbox 131 1089 1732 1158">
     <span class='ocr_line' id='line_1_13' title="bbox 131 1089 1732 1158; baseline 0 -16"><span class='ocrx_word' id='word_1_84' title='bbox 131 1105 311 1158; x_wconf 75' lang='lat' dir='ltr'><strong>supra</strong></span> <span class='ocrx_word' id='word_1_85' title='bbox 353 1089 630 1142; x_wconf 74' lang='lat' dir='ltr'><strong>observavi</strong></span> <span class='ocrx_word' id='word_1_86' title='bbox 675 1107 687 1143; x_wconf 92' lang='lat'>:</span> <span class='ocrx_word' id='word_1_87' title='bbox 741 1089 791 1140; x_wconf 92' lang='lat' dir='ltr'><strong>id</strong></span> <span class='ocrx_word' id='word_1_88' title='bbox 824 1098 1100 1143; x_wconf 90' lang='lat' dir='ltr'><strong>asserente</strong></span> <span class='ocrx_word' id='word_1_89' title='bbox 1139 1089 1301 1142; x_wconf 85' lang='lat' dir='ltr'><strong>etiam</strong></span> <span class='ocrx_word' id='word_1_90' title='bbox 1344 1098 1566 1143; x_wconf 88' lang='lat' dir='ltr'><strong>auctore</strong></span> <span class='ocrx_word' id='word_1_91' title='bbox 1608 1089 1732 1143; x_wconf 84' lang='lat' dir='ltr'><strong>libri</strong></span> 
     </span>
    </p>
   </div>
   <div class='ocr_carea' id='block_1_14' title="bbox 135 1159 1731 1224">
    <p class='ocr_par' dir='ltr' id='par_1_14' title="bbox 135 1159 1731 1224">
     <span class='ocr_line' id='line_1_14' title="bbox 135 1159 1731 1224; baseline -0.001 -11"><span class='ocrx_word' id='word_1_92' title='bbox 135 1159 480 1214; x_wconf 82' lang='lat' dir='ltr'><strong>l&#39;ontificalis</strong></span> <span class='ocrx_word' id='word_1_93' title='bbox 506 1169 615 1212; x_wconf 88' lang='lat' dir='ltr'><strong>tum</strong></span> <span class='ocrx_word' id='word_1_94' title='bbox 647 1160 696 1212; x_wconf 92' lang='lat' dir='ltr'><strong>in</strong></span> <span class='ocrx_word' id='word_1_95' title='bbox 725 1159 758 1212; x_wconf 70' lang='grc'><strong>4</strong></span> <span class='ocrx_word' id='word_1_96' title='bbox 787 1176 934 1212; x_wconf 88' lang='lat' dir='ltr'><strong>nttm.</strong></span> <span class='ocrx_word' id='word_1_97' title='bbox 963 1159 1272 1221; x_wconf 79' lang='lat' dir='ltr'><strong>Clementis,</strong></span> <span class='ocrx_word' id='word_1_98' title='bbox 1308 1169 1416 1213; x_wconf 90' lang='lat' dir='ltr'><strong>tum</strong></span> <span class='ocrx_word' id='word_1_99' title='bbox 1445 1159 1497 1213; x_wconf 90' lang='lat' dir='ltr'><strong>in</strong></span> <span class='ocrx_word' id='word_1_100' title='bbox 1531 1174 1731 1224; x_wconf 61' lang='lat' dir='ltr'><strong>[traice—</strong></span> 
     </span>
    </p>
   </div>
   <div class='ocr_carea' id='block_1_15' title="bbox 115 1228 1736 1298">
    <p class='ocr_par' dir='ltr' id='par_1_15' title="bbox 115 1228 1736 1298">
     <span class='ocr_line' id='line_1_15' title="bbox 115 1228 1736 1298; baseline -0.001 -13"><span class='ocrx_word' id='word_1_101' title='bbox 115 1231 402 1285; x_wconf 67' lang='lat' dir='ltr'><strong>dentibus</strong></span> <span class='ocrx_word' id='word_1_102' title='bbox 427 1245 492 1284; x_wconf 86' lang='lat' dir='ltr'><strong>ex</strong></span> <span class='ocrx_word' id='word_1_103' title='bbox 533 1231 826 1285; x_wconf 83' lang='lat' dir='ltr'><strong>codicibus</strong></span> <span class='ocrx_word' id='word_1_104' title='bbox 851 1230 1038 1298; x_wconf 70' lang='lat' dir='ltr'><strong>Regio,</strong></span> <span class='ocrx_word' id='word_1_105' title='bbox 1075 1228 1369 1290; x_wconf 83' lang='lat' dir='ltr'><strong>Mazarino,</strong></span> <span class='ocrx_word' id='word_1_106' title='bbox 1401 1245 1464 1284; x_wconf 90' lang='lat' dir='ltr'><strong>ac</strong></span> <span class='ocrx_word' id='word_1_107' title='bbox 1510 1229 1736 1284; x_wconf 85' lang='lat' dir='ltr'><strong>Timauo</strong></span> 
     </span>
    </p>
   </div>
   <div class='ocr_carea' id='block_1_16' title="bbox 134 1299 1732 1369">
    <p class='ocr_par' dir='ltr' id='par_1_16' title="bbox 134 1299 1732 1369">
     <span class='ocr_line' id='line_1_16' title="bbox 134 1299 1732 1369; baseline -0.001 -15"><span class='ocrx_word' id='word_1_108' title='bbox 134 1302 314 1355; x_wconf 78' lang='lat' dir='ltr'><strong>editis</strong></span> <span class='ocrx_word' id='word_1_109' title='bbox 345 1310 490 1354; x_wconf 91' lang='lat' dir='ltr'><strong>tomo</strong></span> <span class='ocrx_word' id='word_1_110' title='bbox 518 1301 533 1354; x_wconf 94' lang='lat' dir='ltr'><strong>l</strong></span> <span class='ocrx_word' id='word_1_111' title='bbox 558 1301 647 1354; x_wconf 86' lang='lat' dir='ltr'><strong>fol.</strong></span> <span class='ocrx_word' id='word_1_112' title='bbox 679 1301 738 1362; x_wconf 76' lang='lat'><strong>‘2,</strong></span> <span class='ocrx_word' id='word_1_113' title='bbox 762 1311 815 1354; x_wconf 89' lang='lat' dir='ltr'><strong>et</strong></span> <span class='ocrx_word' id='word_1_114' title='bbox 839 1312 966 1354; x_wconf 87' lang='lat' dir='ltr'><strong>ante</strong></span> <span class='ocrx_word' id='word_1_115' title='bbox 996 1300 1143 1353; x_wconf 90' lang='lat' dir='ltr'><strong>illum</strong></span> <span class='ocrx_word' id='word_1_116' title='bbox 1174 1299 1370 1354; x_wconf 90' lang='lat' dir='ltr'><strong>Rufino</strong></span> <span class='ocrx_word' id='word_1_117' title='bbox 1399 1300 1732 1369; x_wconf 83' lang='lat' dir='ltr'><strong>presbytero,</strong></span> 
     </span>
    </p>
   </div>
   <div class='ocr_carea' id='block_1_17' title="bbox 121 1369 1738 1440">
    <p class='ocr_par' dir='ltr' id='par_1_17' title="bbox 121 1369 1738 1440">
     <span class='ocr_line' id='line_1_17' title="bbox 121 1369 1738 1440; baseline -0.002 -14"><span class='ocrx_word' id='word_1_118' title='bbox 121 1373 266 1426; x_wconf 73' lang='lat' dir='ltr'><strong>sive</strong></span> <span class='ocrx_word' id='word_1_119' title='bbox 287 1386 352 1426; x_wconf 87' lang='lat' dir='ltr'><strong>co</strong></span> <span class='ocrx_word' id='word_1_120' title='bbox 381 1373 470 1440; x_wconf 92' lang='lat' dir='ltr'><strong>qui</strong></span> <span class='ocrx_word' id='word_1_121' title='bbox 495 1374 593 1424; x_wconf 86' lang='lat' dir='ltr'><strong>sub</strong></span> <span class='ocrx_word' id='word_1_122' title='bbox 626 1372 801 1426; x_wconf 86' lang='lat' dir='ltr'><strong>Rufini</strong></span> <span class='ocrx_word' id='word_1_123' title='bbox 829 1372 1046 1425; x_wconf 89' lang='lat' dir='ltr'><strong>nomine</strong></span> <span class='ocrx_word' id='word_1_124' title='bbox 1073 1370 1204 1425; x_wconf 85' lang='lat' dir='ltr'><strong>latet</strong></span> <span class='ocrx_word' id='word_1_125' title='bbox 1223 1369 1377 1435; x_wconf 80' lang='lat' dir='ltr'><strong>juxta</strong></span> <span class='ocrx_word' id='word_1_126' title='bbox 1406 1370 1738 1424; x_wconf 88' lang='lat' dir='ltr'><strong>Scbelestra-</strong></span> 
     </span>
    </p>
   </div>
   <div class='ocr_carea' id='block_1_18' title="bbox 138 1440 1735 1512">
    <p class='ocr_par' dir='ltr' id='par_1_18' title="bbox 138 1440 1735 1512">
     <span class='ocr_line' id='line_1_18' title="bbox 138 1440 1735 1512; baseline -0.003 -14"><span class='ocrx_word' id='word_1_127' title='bbox 138 1443 290 1498; x_wconf 70' lang='lat' dir='ltr'><strong>tium</strong></span> <span class='ocrx_word' id='word_1_128' title='bbox 317 1441 458 1512; x_wconf 85' lang='lat' dir='ltr'><strong>(pag.</strong></span> <span class='ocrx_word' id='word_1_129' title='bbox 492 1441 592 1496; x_wconf 72' lang='lat' dir='ltr'><strong>lli-6</strong></span> <span class='ocrx_word' id='word_1_130' title='bbox 626 1443 889 1511; x_wconf 84' lang='lat' dir='ltr'><strong>Antiquit.</strong></span> <span class='ocrx_word' id='word_1_131' title='bbox 940 1441 1171 1507; x_wconf 79' lang='lat' dir='ltr'><strong>Eccles.,</strong></span> <span class='ocrx_word' id='word_1_132' title='bbox 1207 1441 1423 1496; x_wconf 82' lang='lat' dir='ltr'><strong>dissert.</strong></span> <span class='ocrx_word' id='word_1_133' title='bbox 1448 1440 1506 1503; x_wconf 76' lang='lat'><strong>2,</strong></span> <span class='ocrx_word' id='word_1_134' title='bbox 1531 1457 1647 1512; x_wconf 87' lang='lat' dir='ltr'><strong>cap.</strong></span> <span class='ocrx_word' id='word_1_135' title='bbox 1684 1441 1735 1504; x_wconf 86' lang='lat' dir='ltr'><strong>l,</strong></span> 
     </span>
    </p>
   </div>
   <div class='ocr_carea' id='block_1_19' title="bbox 137 1511 1738 1583">
    <p class='ocr_par' dir='ltr' id='par_1_19' title="bbox 137 1511 1738 1583">
     <span class='ocr_line' id='line_1_19' title="bbox 137 1511 1738 1583; baseline -0.002 -17"><span class='ocrx_word' id='word_1_136' title='bbox 137 1529 207 1566; x_wconf 87' lang='grc' dir='ltr'>ιι.</span> <span class='ocrx_word' id='word_1_137' title='bbox 241 1513 299 1580; x_wconf 72' lang='grc'><strong>4)</strong></span> <span class='ocrx_word' id='word_1_138' title='bbox 323 1514 390 1568; x_wconf 91' lang='lat' dir='ltr'><strong>ad</strong></span> <span class='ocrx_word' id='word_1_139' title='bbox 419 1511 600 1566; x_wconf 78' lang='lat' dir='ltr'><strong>libros</strong></span> <span class='ocrx_word' id='word_1_140' title='bbox 650 1513 1094 1583; x_wconf 78' lang='lat' dir='ltr'><strong>Recognitionnm</strong></span> <span class='ocrx_word' id='word_1_141' title='bbox 1128 1529 1142 1564; x_wconf 88' lang='lat'><strong>:</strong></span> <span class='ocrx_word' id='word_1_142' title='bbox 1181 1513 1335 1583; x_wconf 78' lang='lat' dir='ltr'><strong>cujus</strong></span> <span class='ocrx_word' id='word_1_143' title='bbox 1374 1511 1738 1583; x_wconf 83' lang='lat' dir='ltr'><strong>testimonium</strong></span> 
     </span>
    </p>
   </div>
   <div class='ocr_carea' id='block_1_20' title="bbox 138 1580 1743 1652">
    <p class='ocr_par' dir='ltr' id='par_1_20' title="bbox 138 1580 1743 1652">
     <span class='ocr_line' id='line_1_20' title="bbox 138 1580 1743 1652; baseline -0.001 -16"><span class='ocrx_word' id='word_1_144' title='bbox 138 1585 383 1638; x_wconf 85' lang='lat' dir='ltr'><strong>relatum</strong></span> <span class='ocrx_word' id='word_1_145' title='bbox 430 1599 642 1651; x_wconf 86' lang='lat' dir='ltr'><strong>quoque</strong></span> <span class='ocrx_word' id='word_1_146' title='bbox 682 1600 710 1636; x_wconf 90' lang='lat' dir='ltr'><strong>a</strong></span> <span class='ocrx_word' id='word_1_147' title='bbox 751 1580 818 1638; x_wconf 65' lang='grc' dir='ltr'><strong>ΡΣ</strong></span> <span class='ocrx_word' id='word_1_148' title='bbox 849 1583 1157 1637; x_wconf 87' lang='lat' dir='ltr'><strong>Christiano</strong></span> <span class='ocrx_word' id='word_1_149' title='bbox 1201 1580 1349 1652; x_wconf 77' lang='lat' dir='ltr'><strong>Lupo</strong></span> <span class='ocrx_word' id='word_1_150' title='bbox 1400 1583 1452 1636; x_wconf 92' lang='lat' dir='ltr'><strong>in</strong></span> <span class='ocrx_word' id='word_1_151' title='bbox 1503 1597 1620 1650; x_wconf 88' lang='lat' dir='ltr'><strong>cap.</strong></span> <span class='ocrx_word' id='word_1_152' title='bbox 1671 1580 1743 1635; x_wconf 72' lang='lat'><strong>5&#39;2</strong></span> 
     </span>
    </p>
   </div>
   <div class='ocr_carea' id='block_1_21' title="bbox 137 1653 1737 1723">
    <p class='ocr_par' dir='ltr' id='par_1_21' title="bbox 137 1653 1737 1723">
     <span class='ocr_line' id='line_1_21' title="bbox 137 1653 1737 1723; baseline -0.001 -15"><span class='ocrx_word' id='word_1_153' title='bbox 137 1654 472 1708; x_wconf 75' lang='lat' dir='ltr'><strong>Tertulbani</strong></span> <span class='ocrx_word' id='word_1_154' title='bbox 499 1656 563 1708; x_wconf 85' lang='lat' dir='ltr'><strong>de</strong></span> <span class='ocrx_word' id='word_1_155' title='bbox 609 1654 924 1723; x_wconf 66' lang='lat' dir='ltr'><strong>Prmscripl.</strong></span> <span class='ocrx_word' id='word_1_156' title='bbox 945 1654 1131 1707; x_wconf 78' lang='lat' dir='ltr'><strong>lueret.</strong></span> <span class='ocrx_word' id='word_1_157' title='bbox 1173 1669 1296 1722; x_wconf 66' lang='lat' dir='ltr'><strong>pag.</strong></span> <span class='ocrx_word' id='word_1_158' title='bbox 1330 1653 1454 1717; x_wconf 74' lang='lat'><strong>5‘26,</strong></span> <span class='ocrx_word' id='word_1_159' title='bbox 1490 1653 1593 1706; x_wconf 83' lang='lat' dir='ltr'><strong>tale</strong></span> <span class='ocrx_word' id='word_1_160' title='bbox 1615 1661 1696 1706; x_wconf 86' lang='lat' dir='ltr'><strong>est</strong></span> <span class='ocrx_word' id='word_1_161' title='bbox 1725 1671 1737 1706; x_wconf 88' lang='lat'><strong>:</strong></span> 
     </span>
    </p>
   </div>
   <div class='ocr_carea' id='block_1_22' title="bbox 145 1723 1743 1794">
    <p class='ocr_par' dir='ltr' id='par_1_22' title="bbox 145 1723 1743 1794">
     <span class='ocr_line' id='line_1_22' title="bbox 145 1723 1743 1794; baseline -0.001 -17"><span class='ocrx_word' id='word_1_162' title='bbox 145 1745 168 1794; x_wconf 58' lang='grc' dir='ltr'>ς</span> <span class='ocrx_word' id='word_1_163' title='bbox 211 1724 765 1794; x_wconf 76' lang='lat' dir='ltr'><strong>Accepitnustinquit)</strong></span> <span class='ocrx_word' id='word_1_164' title='bbox 790 1725 930 1793; x_wconf 82' lang='lat' dir='ltr'><strong>quod</strong></span> <span class='ocrx_word' id='word_1_165' title='bbox 960 1724 1124 1778; x_wconf 87' lang='lat' dir='ltr'><strong>Linus</strong></span> <span class='ocrx_word' id='word_1_166' title='bbox 1167 1733 1220 1776; x_wconf 90' lang='lat' dir='ltr'><strong>et</strong></span> <span class='ocrx_word' id='word_1_167' title='bbox 1247 1723 1498 1778; x_wconf 86' lang='lat' dir='ltr'><strong>Clemens</strong></span> <span class='ocrx_word' id='word_1_168' title='bbox 1529 1723 1580 1776; x_wconf 92' lang='lat' dir='ltr'><strong>in</strong></span> <span class='ocrx_word' id='word_1_169' title='bbox 1611 1724 1743 1776; x_wconf 92' lang='lat' dir='ltr'><strong>urbe</strong></span> 
     </span>
    </p>
   </div>
   <div class='ocr_carea' id='block_1_23' title="bbox 1799 1512 2720 1581">
    <p class='ocr_par' dir='ltr' id='par_1_23' title="bbox 1799 1512 2720 1581">
     <span class='ocr_line' id='line_1_23' title="bbox 1799 1512 2720 1581; baseline -0.001 -12"><span class='ocrx_word' id='word_1_170' title='bbox 1799 1512 1998 1580; x_wconf 79' lang='lat' dir='ltr'><strong>-paulo</strong></span> <span class='ocrx_word' id='word_1_171' title='bbox 2055 1522 2177 1581; x_wconf 91' lang='lat' dir='ltr'><strong>post</strong></span> <span class='ocrx_word' id='word_1_172' title='bbox 2230 1513 2500 1580; x_wconf 90' lang='lat' dir='ltr'><strong>adjectura</strong></span> <span class='ocrx_word' id='word_1_173' title='bbox 2557 1531 2720 1569; x_wconf 65' lang='lat' dir='ltr'><strong>atram</strong></span> 
     </span>
    </p>
   </div>
   <div class='ocr_carea' id='block_1_24' title="bbox 1823 527 3415 597">
    <p class='ocr_par' dir='ltr' id='par_1_24' title="bbox 1823 527 3415 597">
     <span class='ocr_line' id='line_1_24' title="bbox 1823 527 3415 597; baseline 0.003 -17"><span class='ocrx_word' id='word_1_174' title='bbox 1823 527 2067 591; x_wconf 88' lang='lat' dir='ltr'><strong>mandas,</strong></span> <span class='ocrx_word' id='word_1_175' title='bbox 2096 529 2209 582; x_wconf 85' lang='lat' dir='ltr'><strong>sive</strong></span> <span class='ocrx_word' id='word_1_176' title='bbox 2233 527 2395 582; x_wconf 88' lang='lat' dir='ltr'><strong>etiam</strong></span> <span class='ocrx_word' id='word_1_177' title='bbox 2426 527 2491 580; x_wconf 88' lang='lat' dir='ltr'><strong>ad</strong></span> <span class='ocrx_word' id='word_1_178' title='bbox 2522 543 2688 580; x_wconf 87' lang='lat' dir='ltr'><strong>novas</strong></span> <span class='ocrx_word' id='word_1_179' title='bbox 2724 528 3007 596; x_wconf 83' lang='lat' dir='ltr'><strong>erigendas</strong></span> <span class='ocrx_word' id='word_1_180' title='bbox 3037 545 3130 597; x_wconf 87' lang='lat' dir='ltr'><strong>per</strong></span> <span class='ocrx_word' id='word_1_181' title='bbox 3156 529 3415 584; x_wconf 88' lang='lat' dir='ltr'><strong>Occiden-</strong></span> 
     </span>
    </p>
   </div>
   <div class='ocr_carea' id='block_1_25' title="bbox 1827 597 3412 678">
    <p class='ocr_par' dir='ltr' id='par_1_25' title="bbox 1827 597 3412 678">
     <span class='ocr_line' id='line_1_25' title="bbox 1827 597 3412 678; baseline 0.003 -29"><span class='ocrx_word' id='word_1_182' title='bbox 1827 607 1967 678; x_wconf 41' lang='lat' dir='ltr'><strong>tem,</strong></span> <span class='ocrx_word' id='word_1_183' title='bbox 1991 599 2065 650; x_wconf 86' lang='grc' dir='ltr'>ιιιὶ</span> <span class='ocrx_word' id='word_1_184' title='bbox 2114 597 2496 678; x_wconf 80' lang='lat' dir='ltr'><strong>comprobatur</strong></span> <span class='ocrx_word' id='word_1_185' title='bbox 2540 599 2871 668; x_wconf 79' lang='lat' dir='ltr'><strong>singularum</strong></span> <span class='ocrx_word' id='word_1_186' title='bbox 2909 612 2974 652; x_wconf 81' lang='lat' dir='ltr'><strong>ex</strong></span> <span class='ocrx_word' id='word_1_187' title='bbox 3024 599 3322 668; x_wconf 84' lang='lat' dir='ltr'><strong>originibus</strong></span> <span class='ocrx_word' id='word_1_188' title='bbox 3357 608 3412 655; x_wconf 84' lang='lat' dir='ltr'><strong>et</strong></span> 
     </span>
    </p>
   </div>
   <div class='ocr_carea' id='block_1_26' title="bbox 1826 670 2190 722">
    <p class='ocr_par' dir='ltr' id='par_1_26' title="bbox 1826 670 2190 722">
     <span class='ocr_line' id='line_1_26' title="bbox 1826 670 2190 722; baseline 0.003 -1"><span class='ocrx_word' id='word_1_189' title='bbox 1826 670 2190 722; x_wconf 89' lang='lat' dir='ltr'><strong>monimentis.</strong></span> 
     </span>
    </p>
   </div>
   <div class='ocr_carea' id='block_1_27' title="bbox 1898 738 3414 809">
    <p class='ocr_par' dir='ltr' id='par_1_27' title="bbox 1898 738 3414 809">
     <span class='ocr_line' id='line_1_27' title="bbox 1898 738 3414 809; baseline 0.001 -18"><span class='ocrx_word' id='word_1_190' title='bbox 1898 738 2136 792; x_wconf 87' lang='lat' dir='ltr'><strong>Tertium</strong></span> <span class='ocrx_word' id='word_1_191' title='bbox 2166 755 2292 794; x_wconf 87' lang='lat' dir='ltr'><strong>vero</strong></span> <span class='ocrx_word' id='word_1_192' title='bbox 2316 748 2556 807; x_wconf 81' lang='lat' dir='ltr'><strong>eaputcx</strong></span> <span class='ocrx_word' id='word_1_193' title='bbox 2585 749 2816 809; x_wconf 88' lang='lat' dir='ltr'><strong>utroque</strong></span> <span class='ocrx_word' id='word_1_194' title='bbox 2844 741 3163 808; x_wconf 68' lang='lat' dir='ltr'><strong>praecedenti</strong></span> <span class='ocrx_word' id='word_1_195' title='bbox 3194 742 3414 795; x_wconf 78' lang='lat' dir='ltr'><strong>descen-</strong></span> 
     </span>
    </p>
   </div>
   <div class='ocr_carea' id='block_1_28' title="bbox 1828 808 3417 879">
    <p class='ocr_par' dir='ltr' id='par_1_28' title="bbox 1828 808 3417 879">
     <span class='ocr_line' id='line_1_28' title="bbox 1828 808 3417 879; baseline 0.001 -17"><span class='ocrx_word' id='word_1_196' title='bbox 1828 808 1961 864; x_wconf 89' lang='lat' dir='ltr'><strong>deus</strong></span> <span class='ocrx_word' id='word_1_197' title='bbox 1991 810 2132 871; x_wconf 90' lang='lat' dir='ltr'><strong>erit;</strong></span> <span class='ocrx_word' id='word_1_198' title='bbox 2163 819 2221 864; x_wconf 90' lang='lat' dir='ltr'><strong>ut</strong></span> <span class='ocrx_word' id='word_1_199' title='bbox 2247 811 2298 863; x_wconf 91' lang='lat' dir='ltr'><strong>in</strong></span> <span class='ocrx_word' id='word_1_200' title='bbox 2331 812 2456 863; x_wconf 70' lang='lat' dir='ltr'><strong>sele</strong></span> <span class='ocrx_word' id='word_1_201' title='bbox 2485 808 2744 864; x_wconf 73' lang='lat' dir='ltr'><strong>Romana</strong></span> <span class='ocrx_word' id='word_1_202' title='bbox 2768 811 3053 879; x_wconf 68' lang='lat' dir='ltr'><strong>aliquantulo</strong></span> <span class='ocrx_word' id='word_1_203' title='bbox 3085 825 3205 866; x_wconf 90' lang='lat' dir='ltr'><strong>cum</strong></span> <span class='ocrx_word' id='word_1_204' title='bbox 3233 812 3417 865; x_wconf 88' lang='lat' dir='ltr'><strong>eveni-</strong></span> 
     </span>
    </p>
   </div>
   <div class='ocr_carea' id='block_1_29' title="bbox 1829 879 3420 950">
    <p class='ocr_par' dir='ltr' id='par_1_29' title="bbox 1829 879 3420 950">
     <span class='ocr_line' id='line_1_29' title="bbox 1829 879 3420 950; baseline 0 -16"><span class='ocrx_word' id='word_1_205' title='bbox 1829 889 1934 939; x_wconf 91' lang='lat' dir='ltr'><strong>ret,</strong></span> <span class='ocrx_word' id='word_1_206' title='bbox 1975 881 2270 949; x_wconf 61' lang='lat' dir='ltr'><strong>praesertim</strong></span> <span class='ocrx_word' id='word_1_207' title='bbox 2301 879 2542 934; x_wconf 84' lang='lat' dir='ltr'><strong>fet-vente</strong></span> <span class='ocrx_word' id='word_1_208' title='bbox 2574 882 2964 946; x_wconf 67' lang='lat' dir='ltr'><strong>persecutione,</strong></span> <span class='ocrx_word' id='word_1_209' title='bbox 2998 892 3055 933; x_wconf 91' lang='lat' dir='ltr'><strong>nt</strong></span> <span class='ocrx_word' id='word_1_210' title='bbox 3088 882 3130 934; x_wconf 89' lang='lat' dir='ltr'><strong>is</strong></span> <span class='ocrx_word' id='word_1_211' title='bbox 3159 880 3248 950; x_wconf 91' lang='lat' dir='ltr'><strong>qni</strong></span> <span class='ocrx_word' id='word_1_212' title='bbox 3281 882 3420 935; x_wconf 73' lang='lat' dir='ltr'><strong>vit-a-</strong></span> 
     </span>
    </p>
   </div>
   <div class='ocr_carea' id='block_1_30' title="bbox 1831 950 3419 1020">
    <p class='ocr_par' dir='ltr' id='par_1_30' title="bbox 1831 950 3419 1020">
     <span class='ocr_line' id='line_1_30' title="bbox 1831 950 3419 1020; baseline 0.001 -16"><span class='ocrx_word' id='word_1_213' title='bbox 1831 950 1945 1004; x_wconf 89' lang='lat' dir='ltr'><strong>rius</strong></span> <span class='ocrx_word' id='word_1_214' title='bbox 1998 959 2053 1004; x_wconf 88' lang='lat' dir='ltr'><strong>et</strong></span> <span class='ocrx_word' id='word_1_215' title='bbox 2097 951 2375 1018; x_wconf 90' lang='lat' dir='ltr'><strong>coadjutor</strong></span> <span class='ocrx_word' id='word_1_216' title='bbox 2417 951 2772 1005; x_wconf 77' lang='lat' dir='ltr'><strong>adhibebatur</strong></span> <span class='ocrx_word' id='word_1_217' title='bbox 2800 951 3038 1020; x_wconf 88' lang='lat' dir='ltr'><strong>pontifici</strong></span> <span class='ocrx_word' id='word_1_218' title='bbox 3092 952 3142 1004; x_wconf 92' lang='lat' dir='ltr'><strong>in</strong></span> <span class='ocrx_word' id='word_1_219' title='bbox 3191 952 3419 1006; x_wconf 90' lang='lat' dir='ltr'><strong>vinculis</strong></span> 
     </span>
    </p>
   </div>
   <div class='ocr_carea' id='block_1_31' title="bbox 1833 1021 3418 1090">
    <p class='ocr_par' dir='ltr' id='par_1_31' title="bbox 1833 1021 3418 1090">
     <span class='ocr_line' id='line_1_31' title="bbox 1833 1021 3418 1090; baseline 0.001 -15"><span class='ocrx_word' id='word_1_220' title='bbox 1833 1021 2072 1084; x_wconf 89' lang='lat' dir='ltr'><strong>detento,</strong></span> <span class='ocrx_word' id='word_1_221' title='bbox 2121 1022 2234 1075; x_wconf 86' lang='lat' dir='ltr'><strong>sive</strong></span> <span class='ocrx_word' id='word_1_222' title='bbox 2283 1023 2335 1075; x_wconf 90' lang='lat' dir='ltr'><strong>in</strong></span> <span class='ocrx_word' id='word_1_223' title='bbox 2385 1021 2599 1088; x_wconf 79' lang='lat' dir='ltr'><strong>longum</strong></span> <span class='ocrx_word' id='word_1_224' title='bbox 2639 1023 2883 1076; x_wconf 73' lang='lat' dir='ltr'><strong>exsiliunt</strong></span> <span class='ocrx_word' id='word_1_225' title='bbox 2930 1032 3072 1084; x_wconf 85' lang='lat' dir='ltr'><strong>acto,</strong></span> <span class='ocrx_word' id='word_1_226' title='bbox 3106 1031 3223 1090; x_wconf 87' lang='lat' dir='ltr'><strong>post</strong></span> <span class='ocrx_word' id='word_1_227' title='bbox 3260 1021 3418 1090; x_wconf 85' lang='lat' dir='ltr'><strong>hujus</strong></span> 
     </span>
    </p>
   </div>
   <div class='ocr_carea' id='block_1_32' title="bbox 1832 1091 3417 1161">
    <p class='ocr_par' dir='ltr' id='par_1_32' title="bbox 1832 1091 3417 1161">
     <span class='ocr_line' id='line_1_32' title="bbox 1832 1091 3417 1161; baseline 0.001 -17"><span class='ocrx_word' id='word_1_228' title='bbox 1832 1100 2060 1161; x_wconf 87' lang='lat' dir='ltr'><strong>mortem</strong></span> <span class='ocrx_word' id='word_1_229' title='bbox 2089 1091 2218 1146; x_wconf 90' lang='lat' dir='ltr'><strong>cleri</strong></span> <span class='ocrx_word' id='word_1_230' title='bbox 2247 1092 2474 1146; x_wconf 84' lang='lat' dir='ltr'><strong>Romani</strong></span> <span class='ocrx_word' id='word_1_231' title='bbox 2499 1091 2768 1161; x_wconf 71' lang='lat' dir='ltr'><strong>suffragiis</strong></span> <span class='ocrx_word' id='word_1_232' title='bbox 2808 1094 2919 1160; x_wconf 88' lang='lat' dir='ltr'><strong>ipse</strong></span> <span class='ocrx_word' id='word_1_233' title='bbox 2945 1107 3229 1148; x_wconf 85' lang='lat' dir='ltr'><strong>successor</strong></span> <span class='ocrx_word' id='word_1_234' title='bbox 3252 1093 3417 1161; x_wconf 79' lang='lat' dir='ltr'><strong>elige-</strong></span> 
     </span>
    </p>
   </div>
   <div class='ocr_carea' id='block_1_33' title="bbox 1836 1160 3419 1233">
    <p class='ocr_par' dir='ltr' id='par_1_33' title="bbox 1836 1160 3419 1233">
     <span class='ocr_line' id='line_1_33' title="bbox 1836 1160 3419 1233; baseline 0.001 -19"><span class='ocrx_word' id='word_1_235' title='bbox 1836 1160 2014 1233; x_wconf 80' lang='lat' dir='ltr'><strong>retur,</strong></span> <span class='ocrx_word' id='word_1_236' title='bbox 2053 1161 2249 1233; x_wconf 87' lang='lat' dir='ltr'><strong>duplex</strong></span> <span class='ocrx_word' id='word_1_237' title='bbox 2298 1164 2500 1232; x_wconf 87' lang='lat' dir='ltr'><strong>epocha</strong></span> <span class='ocrx_word' id='word_1_238' title='bbox 2559 1160 2876 1230; x_wconf 85' lang='lat' dir='ltr'><strong>episeopalis</strong></span> <span class='ocrx_word' id='word_1_239' title='bbox 2923 1163 3181 1233; x_wconf 77' lang='lat' dir='ltr'><strong>signanda</strong></span> <span class='ocrx_word' id='word_1_240' title='bbox 3237 1160 3419 1228; x_wconf 82' lang='lat' dir='ltr'><strong>fuerit,</strong></span> 
     </span>
    </p>
   </div>
   <div class='ocr_carea' id='block_1_34' title="bbox 1835 1232 3420 1302">
    <p class='ocr_par' dir='ltr' id='par_1_34' title="bbox 1835 1232 3420 1302">
     <span class='ocr_line' id='line_1_34' title="bbox 1835 1232 3420 1302; baseline 0.001 -17"><span class='ocrx_word' id='word_1_241' title='bbox 1835 1232 2191 1302; x_wconf 85' lang='lat' dir='ltr'><strong>ordinationis</strong></span> <span class='ocrx_word' id='word_1_242' title='bbox 2234 1249 2359 1297; x_wconf 89' lang='lat' dir='ltr'><strong>una,</strong></span> <span class='ocrx_word' id='word_1_243' title='bbox 2398 1233 2756 1287; x_wconf 89' lang='lat' dir='ltr'><strong>successionis</strong></span> <span class='ocrx_word' id='word_1_244' title='bbox 2801 1232 3023 1288; x_wconf 46' lang='lat' dir='ltr'><strong>altera}</strong></span> <span class='ocrx_word' id='word_1_245' title='bbox 3068 1235 3420 1302; x_wconf 78' lang='lat' dir='ltr'><strong>qncnuulmo-</strong></span> 
     </span>
    </p>
   </div>
   <div class='ocr_carea' id='block_1_35' title="bbox 1836 1301 3421 1372">
    <p class='ocr_par' dir='ltr' id='par_1_35' title="bbox 1836 1301 3421 1372">
     <span class='ocr_line' id='line_1_35' title="bbox 1836 1301 3421 1372; baseline 0.002 -17"><span class='ocrx_word' id='word_1_246' title='bbox 1836 1301 1962 1356; x_wconf 90' lang='lat' dir='ltr'><strong>dum</strong></span> <span class='ocrx_word' id='word_1_247' title='bbox 1997 1302 2050 1355; x_wconf 93' lang='lat' dir='ltr'><strong>in</strong></span> <span class='ocrx_word' id='word_1_248' title='bbox 2087 1303 2268 1357; x_wconf 87' lang='lat' dir='ltr'><strong>Eradii</strong></span> <span class='ocrx_word' id='word_1_249' title='bbox 2313 1304 2651 1372; x_wconf 86' lang='lat' dir='ltr'><strong>cooptatioue</strong></span> <span class='ocrx_word' id='word_1_250' title='bbox 2688 1303 3044 1372; x_wconf 74' lang='lat' dir='ltr'><strong>Hipponensis</strong></span> <span class='ocrx_word' id='word_1_251' title='bbox 3081 1301 3307 1357; x_wconf 78' lang='lat' dir='ltr'><strong>ecclesia</strong></span> <span class='ocrx_word' id='word_1_252' title='bbox 3349 1305 3421 1358; x_wconf 85' lang='lat' dir='ltr'><strong>si-</strong></span> 
     </span>
    </p>
   </div>
   <div class='ocr_carea' id='block_1_36' title="bbox 1837 1373 3424 1493">
    <p class='ocr_par' dir='ltr' id='par_1_36' title="bbox 1837 1373 3424 1493">
     <span class='ocr_line' id='line_1_36' title="bbox 1837 1373 3424 1493; baseline 0.003 -69"><span class='ocrx_word' id='word_1_253' title='bbox 1837 1373 2019 1493; x_wconf 38' lang='lat' dir='ltr'><strong>gnavit</strong></span> <span class='ocrx_word' id='word_1_254' title='bbox 2044 1389 2140 1442; x_wconf 88' lang='lat' dir='ltr'><strong>per</strong></span> <span class='ocrx_word' id='word_1_255' title='bbox 2174 1374 2418 1428; x_wconf 77' lang='lat' dir='ltr'><strong>consules</strong></span> <span class='ocrx_word' id='word_1_256' title='bbox 2447 1374 2705 1443; x_wconf 89' lang='lat' dir='ltr'><strong>epochatn</strong></span> <span class='ocrx_word' id='word_1_257' title='bbox 2739 1375 2934 1442; x_wconf 87' lang='lat' dir='ltr'><strong>prioris</strong></span> <span class='ocrx_word' id='word_1_258' title='bbox 2963 1375 3188 1435; x_wconf 64' lang='lat' dir='ltr'><strong>exordii,</strong></span> <span class='ocrx_word' id='word_1_259' title='bbox 3232 1390 3424 1443; x_wconf 84' lang='lat' dir='ltr'><strong>nempe</strong></span> 
     </span>
     <span class='ocr_line' id='line_1_37' title="bbox 1838 1442 3420 1493; baseline 0 0"><span class='ocrx_word' id='word_1_260' title='bbox 1838 1442 2226 1493; x_wconf 64' lang='lat' dir='ltr'><strong>resignationis</strong></span> <span class='ocrx_word' id='word_1_261' title='bbox 2275 1453 2405 1493; x_wconf 63' lang='lat' dir='ltr'><strong>rata:</strong></span> <span class='ocrx_word' id='word_1_262' title='bbox 2449 1444 2646 1493; x_wconf 73' lang='lat' dir='ltr'><strong>habitm</strong></span> <span class='ocrx_word' id='word_1_263' title='bbox 2692 1446 2953 1493; x_wconf 78' lang='lat' dir='ltr'><strong>adiutoris</strong></span> <span class='ocrx_word' id='word_1_264' title='bbox 2997 1445 3047 1493; x_wconf 91' lang='lat' dir='ltr'><strong>in</strong></span> <span class='ocrx_word' id='word_1_265' title='bbox 3088 1446 3420 1493; x_wconf 77' lang='lat' dir='ltr'><strong>eniscnnattt-</strong></span> 
     </span>
    </p>
   </div>
   <div class='ocr_carea' id='block_1_37' title="bbox 1838 1442 3421 1514">
    <p class='ocr_par' dir='ltr' id='par_1_37' title="bbox 1838 1442 3421 1514">
     <span class='ocr_line' id='line_1_38' title="bbox 1838 1442 3421 1514; baseline 0.001 -21"><span class='ocrx_word' id='word_1_266' title='bbox 1838 1442 2226 1514; x_wconf 78' lang='lat' dir='ltr'><strong>designationis</strong></span> <span class='ocrx_word' id='word_1_267' title='bbox 2275 1453 2405 1514; x_wconf 78' lang='lat' dir='ltr'><strong>rata:</strong></span> <span class='ocrx_word' id='word_1_268' title='bbox 2449 1442 2646 1499; x_wconf 64' lang='lat' dir='ltr'><strong>habita:</strong></span> <span class='ocrx_word' id='word_1_269' title='bbox 2692 1446 2953 1514; x_wconf 82' lang='lat' dir='ltr'><strong>adjutoris</strong></span> <span class='ocrx_word' id='word_1_270' title='bbox 2997 1445 3047 1498; x_wconf 78' lang='grc' dir='ltr'><strong>ιιι</strong></span> <span class='ocrx_word' id='word_1_271' title='bbox 3088 1442 3421 1514; x_wconf 73' lang='grc' dir='ltr'>ρρὶεροριιιιι,</span> 
     </span>
    </p>
   </div>
   <div class='ocr_carea' id='block_1_38' title="bbox 2794 1515 3419 1584">
    <p class='ocr_par' dir='ltr' id='par_1_38' title="bbox 2794 1515 3419 1584">
     <span class='ocr_line' id='line_1_39' title="bbox 2794 1515 3419 1584; baseline 0 -16"><span class='ocrx_word' id='word_1_272' title='bbox 2794 1515 3018 1570; x_wconf 85' lang='lat' dir='ltr'><strong>alteram</strong></span> <span class='ocrx_word' id='word_1_273' title='bbox 3077 1515 3419 1584; x_wconf 79' lang='lat' dir='ltr'><strong>episcopatus</strong></span> 
     </span>
    </p>
   </div>
   <div class='ocr_carea' id='block_1_39' title="bbox 1843 1583 3426 1655">
    <p class='ocr_par' dir='ltr' id='par_1_39' title="bbox 1843 1583 3426 1655">
     <span class='ocr_line' id='line_1_40' title="bbox 1843 1583 3426 1655; baseline 0.003 -19"><span class='ocrx_word' id='word_1_274' title='bbox 1843 1583 2198 1655; x_wconf 70' lang='lat' dir='ltr'><strong>Hipponensis</strong></span> <span class='ocrx_word' id='word_1_275' title='bbox 2239 1585 2410 1655; x_wconf 90' lang='lat' dir='ltr'><strong>adepti</strong></span> <span class='ocrx_word' id='word_1_276' title='bbox 2454 1585 2522 1640; x_wconf 89' lang='lat' dir='ltr'><strong>ab</strong></span> <span class='ocrx_word' id='word_1_277' title='bbox 2557 1586 2754 1640; x_wconf 81' lang='lat' dir='ltr'><strong>Evadio</strong></span> <span class='ocrx_word' id='word_1_278' title='bbox 2807 1587 2859 1640; x_wconf 91' lang='lat' dir='ltr'><strong>in</strong></span> <span class='ocrx_word' id='word_1_279' title='bbox 2895 1583 3271 1640; x_wconf 76' lang='lat' dir='ltr'><strong>successione.</strong></span> <span class='ocrx_word' id='word_1_280' title='bbox 3297 1589 3426 1652; x_wconf 77' lang='lat' dir='ltr'><strong>Quae</strong></span> 
     </span>
    </p>
   </div>
   <div class='ocr_carea' id='block_1_40' title="bbox 1844 1654 3425 1725">
    <p class='ocr_par' dir='ltr' id='par_1_40' title="bbox 1844 1654 3425 1725">
     <span class='ocr_line' id='line_1_41' title="bbox 1844 1654 3425 1725; baseline 0.001 -16"><span class='ocrx_word' id='word_1_281' title='bbox 1844 1670 1967 1725; x_wconf 87' lang='lat' dir='ltr'><strong>cum</strong></span> <span class='ocrx_word' id='word_1_282' title='bbox 2015 1654 2084 1708; x_wconf 91' lang='lat' dir='ltr'><strong>ita</strong></span> <span class='ocrx_word' id='word_1_283' title='bbox 2134 1654 2654 1725; x_wconf 69' lang='lat' dir='ltr'><strong>sint,tc0nsequitur</strong></span> <span class='ocrx_word' id='word_1_284' title='bbox 2695 1666 2753 1710; x_wconf 88' lang='lat' dir='ltr'><strong>ut</strong></span> <span class='ocrx_word' id='word_1_285' title='bbox 2779 1657 3126 1710; x_wconf 88' lang='lat' dir='ltr'><strong>admittantus</strong></span> <span class='ocrx_word' id='word_1_286' title='bbox 3159 1672 3260 1709; x_wconf 90' lang='lat' dir='ltr'><strong>non</strong></span> <span class='ocrx_word' id='word_1_287' title='bbox 3302 1672 3425 1710; x_wconf 87' lang='lat' dir='ltr'><strong>esse</strong></span> 
     </span>
    </p>
   </div>
   <div class='ocr_carea' id='block_1_41' title="bbox 1846 1723 3428 1796">
    <p class='ocr_par' dir='ltr' id='par_1_41' title="bbox 1846 1723 3428 1796">
     <span class='ocr_line' id='line_1_42' title="bbox 1846 1723 3428 1796; baseline 0.003 -20"><span class='ocrx_word' id='word_1_288' title='bbox 1846 1723 2051 1796; x_wconf 76' lang='lat' dir='ltr'><strong>statim_</strong></span> <span class='ocrx_word' id='word_1_289' title='bbox 2076 1724 2399 1796; x_wconf 80' lang='lat' dir='ltr'><strong>rejicicntlos</strong></span> <span class='ocrx_word' id='word_1_290' title='bbox 2446 1723 2776 1788; x_wconf 84' lang='lat' dir='ltr'><strong>consulatus,</strong></span> <span class='ocrx_word' id='word_1_291' title='bbox 2809 1727 2899 1796; x_wconf 89' lang='lat' dir='ltr'><strong>qui</strong></span> <span class='ocrx_word' id='word_1_292' title='bbox 2931 1727 3153 1780; x_wconf 88' lang='lat' dir='ltr'><strong>vetustis</strong></span> <span class='ocrx_word' id='word_1_293' title='bbox 3191 1727 3243 1781; x_wconf 93' lang='lat' dir='ltr'><strong>in</strong></span> <span class='ocrx_word' id='word_1_294' title='bbox 3275 1739 3428 1782; x_wconf 79' lang='lat' dir='ltr'><strong>cata-</strong></span> 
     </span>
    </p>
   </div>
   <div class='ocr_carea' id='block_1_42' title="bbox 139 1793 3429 1872">
    <p class='ocr_par' dir='ltr' id='par_1_42' title="bbox 139 1793 3429 1872">
     <span class='ocr_line' id='line_1_43' title="bbox 139 1793 3429 1872; baseline 0.001 -24"><span class='ocrx_word' id='word_1_295' title='bbox 139 1793 357 1872; x_wconf 34' lang='lat' dir='ltr'><strong>Romam</strong></span> <span class='ocrx_word' id='word_1_296' title='bbox 383 1795 582 1848; x_wconf 79' lang='lat' dir='ltr'><strong>fuerint</strong></span> <span class='ocrx_word' id='word_1_297' title='bbox 614 1795 826 1872; x_wconf 83' lang='lat' dir='ltr'><strong>quidem</strong></span> <span class='ocrx_word' id='word_1_298' title='bbox 883 1806 1006 1872; x_wconf 78' lang='lat' dir='ltr'><strong>ante</strong></span> <span class='ocrx_word' id='word_1_299' title='bbox 1028 1794 1648 1872; x_wconf 57' lang='lat' dir='ltr'><strong>Clerttetttent__episcopi</strong></span> <span class='ocrx_word' id='word_1_300' title='bbox 1690 1795 1742 1847; x_wconf 91' lang='lat' dir='ltr'><strong>in</strong></span> <span class='ocrx_word' id='word_1_301' title='bbox 1775 1812 1818 1872; x_wconf 73' lang='grc' dir='ltr'><strong>Β</strong></span> <span class='ocrx_word' id='word_1_302' title='bbox 1849 1795 1982 1872; x_wconf 60' lang='lat' dir='ltr'><strong>locis</strong></span> <span class='ocrx_word' id='word_1_303' title='bbox 2034 1794 2289 1872; x_wconf 76' lang='lat' dir='ltr'><strong>Romamn</strong></span> <span class='ocrx_word' id='word_1_304' title='bbox 2348 1795 2605 1872; x_wconf 64' lang='lat' dir='ltr'><strong>Ecclesia:</strong></span> <span class='ocrx_word' id='word_1_305' title='bbox 2657 1793 2903 1872; x_wconf 76' lang='lat' dir='ltr'><strong>attributi</strong></span> <span class='ocrx_word' id='word_1_306' title='bbox 2958 1797 3210 1872; x_wconf 77' lang='lat' dir='ltr'><strong>leguntur</strong></span> <span class='ocrx_word' id='word_1_307' title='bbox 3274 1798 3429 1872; x_wconf 81' lang='lat' dir='ltr'><strong>initio</strong></span> 
     </span>
    </p>
   </div>
   <div class='ocr_carea' id='block_1_43' title="bbox 139 1865 1740 1935">
    <p class='ocr_par' dir='ltr' id='par_1_43' title="bbox 139 1865 1740 1935">
     <span class='ocr_line' id='line_1_44' title="bbox 139 1865 1740 1935; baseline -0.001 -16"><span class='ocrx_word' id='word_1_308' title='bbox 139 1867 291 1919; x_wconf 82' lang='lat' dir='ltr'><strong>urbe</strong></span> <span class='ocrx_word' id='word_1_309' title='bbox 321 1865 526 1927; x_wconf 81' lang='lat' dir='ltr'><strong>Roma,</strong></span> <span class='ocrx_word' id='word_1_310' title='bbox 566 1867 658 1919; x_wconf 90' lang='lat' dir='ltr'><strong>sed</strong></span> <span class='ocrx_word' id='word_1_311' title='bbox 694 1867 984 1935; x_wconf 87' lang='lat' dir='ltr'><strong>superstite</strong></span> <span class='ocrx_word' id='word_1_312' title='bbox 1028 1865 1208 1927; x_wconf 86' lang='lat' dir='ltr'><strong>Petro,</strong></span> <span class='ocrx_word' id='word_1_313' title='bbox 1259 1874 1318 1918; x_wconf 91' lang='lat' dir='ltr'><strong>ut</strong></span> <span class='ocrx_word' id='word_1_314' title='bbox 1355 1865 1428 1919; x_wconf 86' lang='lat' dir='ltr'><strong>illi</strong></span> <span class='ocrx_word' id='word_1_315' title='bbox 1469 1865 1740 1934; x_wconf 84' lang='lat' dir='ltr'><strong>episcopa-</strong></span> 
     </span>
    </p>
   </div>
   <div class='ocr_carea' id='block_1_44' title="bbox 143 1935 1739 2005">
    <p class='ocr_par' dir='ltr' id='par_1_44' title="bbox 143 1935 1739 2005">
     <span class='ocr_line' id='line_1_45' title="bbox 143 1935 1739 2005; baseline -0.001 -16"><span class='ocrx_word' id='word_1_316' title='bbox 143 1946 240 1990; x_wconf 79' lang='lat' dir='ltr'><strong>lus</strong></span> <span class='ocrx_word' id='word_1_317' title='bbox 272 1952 464 1990; x_wconf 89' lang='lat' dir='ltr'><strong>curam</strong></span> <span class='ocrx_word' id='word_1_318' title='bbox 494 1946 768 2003; x_wconf 66' lang='lat' dir='ltr'><strong>gererent,</strong></span> <span class='ocrx_word' id='word_1_319' title='bbox 811 1937 924 2005; x_wconf 85' lang='lat' dir='ltr'><strong>ipse</strong></span> <span class='ocrx_word' id='word_1_320' title='bbox 956 1952 1084 1990; x_wconf 87' lang='lat' dir='ltr'><strong>vero</strong></span> <span class='ocrx_word' id='word_1_321' title='bbox 1121 1935 1452 2004; x_wconf 79' lang='lat' dir='ltr'><strong>apostolatus</strong></span> <span class='ocrx_word' id='word_1_322' title='bbox 1491 1935 1739 2004; x_wconf 87' lang='lat' dir='ltr'><strong>impleret</strong></span> 
     </span>
    </p>
   </div>
   <div class='ocr_carea' id='block_1_45' title="bbox 138 2005 1736 2076">
    <p class='ocr_par' dir='ltr' id='par_1_45' title="bbox 138 2005 1736 2076">
     <span class='ocr_line' id='line_1_46' title="bbox 138 2005 1736 2076; baseline 0.001 -19"><span class='ocrx_word' id='word_1_323' title='bbox 138 2007 411 2076; x_wconf 67' lang='lat' dir='ltr'><strong>tillicium.</strong></span> <span class='ocrx_word' id='word_1_324' title='bbox 456 2026 474 2059; x_wconf 74' lang='grc' dir='ltr'><strong>ι</strong></span> <span class='ocrx_word' id='word_1_325' title='bbox 525 2007 582 2062; x_wconf 91' lang='lat' dir='ltr'><strong>S.</strong></span> <span class='ocrx_word' id='word_1_326' title='bbox 628 2006 960 2076; x_wconf 86' lang='lat' dir='ltr'><strong>Epiphanius</strong></span> <span class='ocrx_word' id='word_1_327' title='bbox 1008 2007 1074 2058; x_wconf 93' lang='lat' dir='ltr'><strong>ad</strong></span> <span class='ocrx_word' id='word_1_328' title='bbox 1107 2006 1356 2076; x_wconf 65' lang='lat' dir='ltr'><strong>haeresim</strong></span> <span class='ocrx_word' id='word_1_329' title='bbox 1403 2006 1492 2069; x_wconf 66' lang='lat'><strong>27,</strong></span> <span class='ocrx_word' id='word_1_330' title='bbox 1529 2020 1647 2073; x_wconf 85' lang='lat' dir='ltr'><strong>cap.</strong></span> <span class='ocrx_word' id='word_1_331' title='bbox 1681 2005 1736 2068; x_wconf 88' lang='lat'><strong>6,</strong></span> 
     </span>
    </p>
   </div>
   <div class='ocr_carea' id='block_1_46' title="bbox 141 2074 1740 2147">
    <p class='ocr_par' dir='ltr' id='par_1_46' title="bbox 141 2074 1740 2147">
     <span class='ocr_line' id='line_1_47' title="bbox 141 2074 1740 2147; baseline -0.002 -14"><span class='ocrx_word' id='word_1_332' title='bbox 141 2075 283 2133; x_wconf 83' lang='lat' dir='ltr'><strong>licet</strong></span> <span class='ocrx_word' id='word_1_333' title='bbox 323 2078 623 2132; x_wconf 67' lang='lat' dir='ltr'><strong>batsitando</strong></span> <span class='ocrx_word' id='word_1_334' title='bbox 670 2074 843 2147; x_wconf 83' lang='lat' dir='ltr'><strong>potius</strong></span> <span class='ocrx_word' id='word_1_335' title='bbox 897 2092 1058 2146; x_wconf 90' lang='lat' dir='ltr'><strong>quant</strong></span> <span class='ocrx_word' id='word_1_336' title='bbox 1114 2074 1428 2131; x_wconf 80' lang='lat' dir='ltr'><strong>affirmando</strong></span> <span class='ocrx_word' id='word_1_337' title='bbox 1495 2076 1740 2131; x_wconf 87' lang='lat' dir='ltr'><strong>enuntiet</strong></span> 
     </span>
    </p>
   </div>
   <div class='ocr_carea' id='block_1_47' title="bbox 141 2146 1740 2217">
    <p class='ocr_par' dir='ltr' id='par_1_47' title="bbox 141 2146 1740 2217">
     <span class='ocr_line' id='line_1_48' title="bbox 141 2146 1740 2217; baseline -0.001 -15"><span class='ocrx_word' id='word_1_338' title='bbox 141 2147 482 2202; x_wconf 84' lang='lat' dir='ltr'><strong>Clementem</strong></span> <span class='ocrx_word' id='word_1_339' title='bbox 511 2164 542 2202; x_wconf 91' lang='lat' dir='ltr'><strong>a</strong></span> <span class='ocrx_word' id='word_1_340' title='bbox 579 2146 739 2202; x_wconf 80' lang='lat' dir='ltr'><strong>Petro</strong></span> <span class='ocrx_word' id='word_1_341' title='bbox 777 2148 1018 2217; x_wconf 84' lang='lat' dir='ltr'><strong>apostolo</strong></span> <span class='ocrx_word' id='word_1_342' title='bbox 1039 2156 1411 2201; x_wconf 88' lang='lat' dir='ltr'><strong>consecratum</strong></span> <span class='ocrx_word' id='word_1_343' title='bbox 1437 2146 1601 2200; x_wconf 90' lang='lat' dir='ltr'><strong>fuisse</strong></span> <span class='ocrx_word' id='word_1_344' title='bbox 1627 2147 1740 2215; x_wconf 89' lang='lat' dir='ltr'><strong>epi-</strong></span> 
     </span>
    </p>
   </div>
   <div class='ocr_carea' id='block_1_48' title="bbox 141 2217 1738 2288">
    <p class='ocr_par' dir='ltr' id='par_1_48' title="bbox 141 2217 1738 2288">
     <span class='ocr_line' id='line_1_49' title="bbox 141 2217 1738 2288; baseline -0.001 -16"><span class='ocrx_word' id='word_1_345' title='bbox 141 2235 413 2288; x_wconf 82' lang='lat' dir='ltr'><strong>scopum;</strong></span> <span class='ocrx_word' id='word_1_346' title='bbox 458 2228 692 2273; x_wconf 88' lang='lat' dir='ltr'><strong>attamen</strong></span> <span class='ocrx_word' id='word_1_347' title='bbox 731 2227 880 2274; x_wconf 85' lang='lat' dir='ltr'><strong>certo</strong></span> <span class='ocrx_word' id='word_1_348' title='bbox 917 2217 1126 2279; x_wconf 90' lang='lat' dir='ltr'><strong>definit,</strong></span> <span class='ocrx_word' id='word_1_349' title='bbox 1163 2231 1385 2288; x_wconf 89' lang='lat' dir='ltr'><strong>causam</strong></span> <span class='ocrx_word' id='word_1_350' title='bbox 1446 2217 1738 2286; x_wconf 80' lang='lat' dir='ltr'><strong>legitimam</strong></span> 
     </span>
    </p>
   </div>
   <div class='ocr_carea' id='block_1_49' title="bbox 141 2287 1743 2359">
    <p class='ocr_par' dir='ltr' id='par_1_49' title="bbox 141 2287 1743 2359">
     <span class='ocr_line' id='line_1_50' title="bbox 141 2287 1743 2359; baseline 0 -17"><span class='ocrx_word' id='word_1_351' title='bbox 141 2287 342 2352; x_wconf 75' lang='lat' dir='ltr'><strong>fuiSse,</strong></span> <span class='ocrx_word' id='word_1_352' title='bbox 374 2291 514 2344; x_wconf 87' lang='lat' dir='ltr'><strong>unde</strong></span> <span class='ocrx_word' id='word_1_353' title='bbox 541 2300 758 2359; x_wconf 85' lang='lat' dir='ltr'><strong>possent</strong></span> <span class='ocrx_word' id='word_1_354' title='bbox 788 2289 1090 2342; x_wconf 75' lang='lat' dir='ltr'><strong>viventibus</strong></span> <span class='ocrx_word' id='word_1_355' title='bbox 1127 2287 1386 2359; x_wconf 83' lang='lat' dir='ltr'><strong>apostolis</strong></span> <span class='ocrx_word' id='word_1_356' title='bbox 1422 2288 1510 2342; x_wconf 90' lang='lat' dir='ltr'><strong>alii</strong></span> <span class='ocrx_word' id='word_1_357' title='bbox 1551 2289 1743 2342; x_wconf 85' lang='lat' dir='ltr'><strong>subro-</strong></span> 
     </span>
    </p>
   </div>
   <div class='ocr_carea' id='block_1_50' title="bbox 143 2357 1738 2430">
    <p class='ocr_par' dir='ltr' id='par_1_50' title="bbox 143 2357 1738 2430">
     <span class='ocr_line' id='line_1_51' title="bbox 143 2357 1738 2430; baseline -0.003 -16"><span class='ocrx_word' id='word_1_358' title='bbox 143 2360 272 2430; x_wconf 74' lang='lat' dir='ltr'><strong>gari</strong></span> <span class='ocrx_word' id='word_1_359' title='bbox 301 2361 368 2413; x_wconf 86' lang='lat' dir='ltr'><strong>ad</strong></span> <span class='ocrx_word' id='word_1_360' title='bbox 395 2357 553 2428; x_wconf 85' lang='lat' dir='ltr'><strong>ltujns</strong></span> <span class='ocrx_word' id='word_1_361' title='bbox 575 2361 916 2430; x_wconf 84' lang='lat' dir='ltr'><strong>episcopatus</strong></span> <span class='ocrx_word' id='word_1_362' title='bbox 953 2357 1177 2430; x_wconf 79' lang='lat' dir='ltr'><strong>Ro_mani</strong></span> <span class='ocrx_word' id='word_1_363' title='bbox 1209 2374 1394 2412; x_wconf 88' lang='lat' dir='ltr'><strong>enrarn</strong></span> <span class='ocrx_word' id='word_1_364' title='bbox 1426 2359 1738 2430; x_wconf 83' lang='lat' dir='ltr'><strong>gerendam,</strong></span> 
     </span>
    </p>
   </div>
   <div class='ocr_carea' id='block_1_51' title="bbox 145 2426 1740 2500">
    <p class='ocr_par' dir='ltr' id='par_1_51' title="bbox 145 2426 1740 2500">
     <span class='ocr_line' id='line_1_52' title="bbox 145 2426 1740 2500; baseline -0.001 -17"><span class='ocrx_word' id='word_1_365' title='bbox 145 2426 300 2498; x_wconf 72' lang='lat' dir='ltr'><strong>quod</strong></span> <span class='ocrx_word' id='word_1_366' title='bbox 320 2426 527 2486; x_wconf 81' lang='lat' dir='ltr'><strong>scilicet</strong></span> <span class='ocrx_word' id='word_1_367' title='bbox 553 2426 727 2484; x_wconf 67' lang='lat' dir='ltr'><strong>carere</strong></span> <span class='ocrx_word' id='word_1_368' title='bbox 747 2426 986 2499; x_wconf 67' lang='lat' dir='ltr'><strong>episcopo</strong></span> <span class='ocrx_word' id='word_1_369' title='bbox 1013 2426 1179 2500; x_wconf 83' lang='lat' dir='ltr'><strong>Roma</strong></span> <span class='ocrx_word' id='word_1_370' title='bbox 1201 2444 1301 2482; x_wconf 87' lang='lat' dir='ltr'><strong>non</strong></span> <span class='ocrx_word' id='word_1_371' title='bbox 1316 2426 1503 2497; x_wconf 68' lang='lat' dir='ltr'><strong>posset,</strong></span> <span class='ocrx_word' id='word_1_372' title='bbox 1530 2429 1740 2500; x_wconf 82' lang='lat' dir='ltr'><strong>quando</strong></span> 
     </span>
    </p>
   </div>
   <div class='ocr_carea' id='block_1_52' title="bbox 143 2497 1740 2569">
    <p class='ocr_par' dir='ltr' id='par_1_52' title="bbox 143 2497 1740 2569">
     <span class='ocr_line' id='line_1_53' title="bbox 143 2497 1740 2569; baseline -0.002 -15"><span class='ocrx_word' id='word_1_373' title='bbox 143 2497 460 2555; x_wconf 78' lang='lat' dir='ltr'><strong>diuturnior</strong></span> <span class='ocrx_word' id='word_1_374' title='bbox 513 2517 660 2554; x_wconf 86' lang='lat' dir='ltr'><strong>mora</strong></span> <span class='ocrx_word' id='word_1_375' title='bbox 711 2497 822 2554; x_wconf 82' lang='lat' dir='ltr'><strong>erat</strong></span> <span class='ocrx_word' id='word_1_376' title='bbox 874 2497 1123 2569; x_wconf 74' lang='lat' dir='ltr'><strong>apostolis</strong></span> <span class='ocrx_word' id='word_1_377' title='bbox 1172 2497 1550 2566; x_wconf 67' lang='lat' dir='ltr'><strong>protrahenda</strong></span> <span class='ocrx_word' id='word_1_378' title='bbox 1591 2509 1740 2552; x_wconf 74' lang='lat' dir='ltr'><strong>extra</strong></span> 
     </span>
    </p>
   </div>
   <div class='ocr_carea' id='block_1_53' title="bbox 147 2569 1743 2641">
    <p class='ocr_par' dir='ltr' id='par_1_53' title="bbox 147 2569 1743 2641">
     <span class='ocr_line' id='line_1_54' title="bbox 147 2569 1743 2641; baseline -0.003 -17"><span class='ocrx_word' id='word_1_379' title='bbox 147 2571 369 2641; x_wconf 4' lang='lat' dir='ltr'><strong>b&#39;jrbem.</strong></span> <span class='ocrx_word' id='word_1_380' title='bbox 401 2571 714 2641; x_wconf 82' lang='lat' dir='ltr'><strong>Quanquam</strong></span> <span class='ocrx_word' id='word_1_381' title='bbox 756 2569 875 2641; x_wconf 88' lang='lat' dir='ltr'><strong>(ait)</strong></span> <span class='ocrx_word' id='word_1_382' title='bbox 915 2569 994 2641; x_wconf 63' lang='lat' dir='ltr'><strong>uel</strong></span> <span class='ocrx_word' id='word_1_383' title='bbox 1032 2570 1130 2621; x_wconf 82' lang='lat' dir='ltr'><strong>hac</strong></span> <span class='ocrx_word' id='word_1_384' title='bbox 1160 2570 1360 2641; x_wconf 77' lang='lat' dir='ltr'><strong>ratione</strong></span> <span class='ocrx_word' id='word_1_385' title='bbox 1396 2579 1632 2641; x_wconf 77' lang='lat' dir='ltr'><strong>poterant</strong></span> <span class='ocrx_word' id='word_1_386' title='bbox 1671 2569 1743 2641; x_wconf 45' lang='lat' dir='ltr'><strong>vi;</strong></span> 
     </span>
    </p>
   </div>
   <div class='ocr_carea' id='block_1_54' title="bbox 146 2637 1742 2709">
    <p class='ocr_par' dir='ltr' id='par_1_54' title="bbox 146 2637 1742 2709">
     <span class='ocr_line' id='line_1_55' title="bbox 146 2637 1742 2709; baseline -0.002 -15"><span class='ocrx_word' id='word_1_387' title='bbox 146 2639 389 2695; x_wconf 65' lang='lat' dir='ltr'><strong>rentibus</strong></span> <span class='ocrx_word' id='word_1_388' title='bbox 424 2637 594 2695; x_wconf 73' lang='lat' dir='ltr'><strong>adhuc</strong></span> <span class='ocrx_word' id='word_1_389' title='bbox 629 2637 894 2709; x_wconf 72' lang='lat' dir='ltr'><strong>aposlolis,</strong></span> <span class='ocrx_word' id='word_1_390' title='bbox 923 2639 1078 2692; x_wconf 83' lang='lat' dir='ltr'><strong>Petro</strong></span> <span class='ocrx_word' id='word_1_391' title='bbox 1116 2637 1310 2706; x_wconf 58' lang='lat' dir='ltr'><strong>scilicet</strong></span> <span class='ocrx_word' id='word_1_392' title='bbox 1349 2637 1403 2693; x_wconf 73' lang='lat' dir='ltr'><strong>et</strong></span> <span class='ocrx_word' id='word_1_393' title='bbox 1430 2637 1622 2704; x_wconf 84' lang='lat' dir='ltr'><strong>Paulo,</strong></span> <span class='ocrx_word' id='word_1_394' title='bbox 1649 2639 1742 2692; x_wconf 90' lang='lat' dir='ltr'><strong>alii</strong></span> 
     </span>
    </p>
   </div>
   <div class='ocr_carea' id='block_1_55' title="bbox 146 2709 1743 2782">
    <p class='ocr_par' dir='ltr' id='par_1_55' title="bbox 146 2709 1743 2782">
     <span class='ocr_line' id='line_1_56' title="bbox 146 2709 1743 2782; baseline -0.002 -18"><span class='ocrx_word' id='word_1_395' title='bbox 146 2713 449 2781; x_wconf 76' lang='lat' dir='ltr'><strong>subrogari,</strong></span> <span class='ocrx_word' id='word_1_396' title='bbox 472 2714 610 2782; x_wconf 83' lang='lat' dir='ltr'><strong>quod</strong></span> <span class='ocrx_word' id='word_1_397' title='bbox 629 2711 785 2765; x_wconf 85' lang='lat' dir='ltr'><strong>iidem</strong></span> <span class='ocrx_word' id='word_1_398' title='bbox 815 2711 890 2764; x_wconf 83' lang='lat' dir='ltr'><strong>illi</strong></span> <span class='ocrx_word' id='word_1_399' title='bbox 921 2710 1244 2782; x_wconf 72' lang='lat' dir='ltr'><strong>pra’dicandi</strong></span> <span class='ocrx_word' id='word_1_400' title='bbox 1273 2709 1544 2779; x_wconf 82' lang='lat' dir='ltr'><strong>Evangelii</strong></span> <span class='ocrx_word' id='word_1_401' title='bbox 1572 2711 1743 2778; x_wconf 83' lang='lat' dir='ltr'><strong>gratia</strong></span> 
     </span>
    </p>
   </div>
   <div class='ocr_carea' id='block_1_56' title="bbox 149 2779 1740 2852">
    <p class='ocr_par' dir='ltr' id='par_1_56' title="bbox 149 2779 1740 2852">
     <span class='ocr_line' id='line_1_57' title="bbox 149 2779 1740 2852; baseline -0.002 -17"><span class='ocrx_word' id='word_1_402' title='bbox 149 2783 207 2835; x_wconf 79' lang='lat' dir='ltr'><strong>in</strong></span> <span class='ocrx_word' id='word_1_403' title='bbox 250 2779 386 2835; x_wconf 76' lang='lat' dir='ltr'><strong>alias</strong></span> <span class='ocrx_word' id='word_1_404' title='bbox 426 2779 576 2835; x_wconf 79' lang='lat' dir='ltr'><strong>urbes</strong></span> <span class='ocrx_word' id='word_1_405' title='bbox 613 2799 674 2836; x_wconf 90' lang='lat' dir='ltr'><strong>ac</strong></span> <span class='ocrx_word' id='word_1_406' title='bbox 711 2784 941 2852; x_wconf 63' lang='lat' dir='ltr'><strong>regiones</strong></span> <span class='ocrx_word' id='word_1_407' title='bbox 980 2779 1350 2849; x_wconf 79' lang='lat' dir='ltr'><strong>profectionem</strong></span> <span class='ocrx_word' id='word_1_408' title='bbox 1390 2783 1740 2852; x_wconf 74' lang='lat' dir='ltr'><strong>susciperent;</strong></span> 
     </span>
    </p>
   </div>
   <div class='ocr_carea' id='block_1_57' title="bbox 150 2850 1741 2921">
    <p class='ocr_par' dir='ltr' id='par_1_57' title="bbox 150 2850 1741 2921">
     <span class='ocr_line' id='line_1_58' title="bbox 150 2850 1741 2921; baseline -0.001 -17"><span class='ocrx_word' id='word_1_409' title='bbox 150 2869 338 2905; x_wconf 77' lang='lat' dir='ltr'><strong>carere</strong></span> <span class='ocrx_word' id='word_1_410' title='bbox 385 2866 556 2906; x_wconf 84' lang='lat' dir='ltr'><strong>autent</strong></span> <span class='ocrx_word' id='word_1_411' title='bbox 606 2850 843 2921; x_wconf 79' lang='lat' dir='ltr'><strong>episcopo</strong></span> <span class='ocrx_word' id='word_1_412' title='bbox 885 2850 1052 2921; x_wconf 79' lang='lat' dir='ltr'><strong>Roma</strong></span> <span class='ocrx_word' id='word_1_413' title='bbox 1100 2866 1203 2921; x_wconf 73' lang='lat' dir='ltr'><strong>non</strong></span> <span class='ocrx_word' id='word_1_414' title='bbox 1241 2861 1428 2918; x_wconf 68' lang='lat' dir='ltr'><strong>posset.</strong></span> <span class='ocrx_word' id='word_1_415' title='bbox 1471 2850 1741 2921; x_wconf 72' lang='lat' dir='ltr'><strong>Siquidem</strong></span> 
     </span>
    </p>
   </div>
   <div class='ocr_carea' id='block_1_58' title="bbox 112 2917 1740 2992">
    <p class='ocr_par' dir='ltr' id='par_1_58' title="bbox 112 2917 1740 2992">
     <span class='ocr_line' id='line_1_59' title="bbox 112 2917 1740 2992; baseline -0.001 -18"><span class='ocrx_word' id='word_1_416' title='bbox 112 2921 366 2992; x_wconf 80' lang='lat' dir='ltr'><strong>-Puulus</strong></span> <span class='ocrx_word' id='word_1_417' title='bbox 403 2925 455 2975; x_wconf 87' lang='lat' dir='ltr'><strong>in</strong></span> <span class='ocrx_word' id='word_1_418' title='bbox 493 2917 807 2992; x_wconf 73' lang='lat' dir='ltr'><strong>Hispaniain</strong></span> <span class='ocrx_word' id='word_1_419' title='bbox 845 2920 1091 2992; x_wconf 70' lang='lat' dir='ltr'><strong>pervenit.</strong></span> <span class='ocrx_word' id='word_1_420' title='bbox 1126 2917 1460 2992; x_wconf 56' lang='lat' dir='ltr'><strong>Petrnsvero</strong></span> <span class='ocrx_word' id='word_1_421' title='bbox 1482 2917 1740 2992; x_wconf 71' lang='lat' dir='ltr'><strong>Paulum,</strong></span> 
     </span>
    </p>
   </div>
   <div class='ocr_carea' id='block_1_59' title="bbox 149 2989 1742 3062">
    <p class='ocr_par' dir='ltr' id='par_1_59' title="bbox 149 2989 1742 3062">
     <span class='ocr_line' id='line_1_60' title="bbox 149 2989 1742 3062; baseline -0.001 -17"><span class='ocrx_word' id='word_1_422' title='bbox 149 3009 201 3045; x_wconf 73' lang='lat' dir='ltr'>ﬂ</span> <span class='ocrx_word' id='word_1_423' title='bbox 238 2991 539 3062; x_wconf 81' lang='lat' dir='ltr'><strong>Bithyniam</strong></span> <span class='ocrx_word' id='word_1_424' title='bbox 567 2989 924 3062; x_wconf 73' lang='lat' dir='ltr'><strong>sa&#39;penuméro</strong></span> <span class='ocrx_word' id='word_1_425' title='bbox 953 2991 1267 3062; x_wconf 80' lang='lat' dir='ltr'><strong>peragrarit.</strong></span> <span class='ocrx_word' id='word_1_426' title='bbox 1298 2989 1742 3044; x_wconf 70' lang='lat' dir='ltr'><strong>Card.llaronius</strong></span> 
     </span>
    </p>
   </div>
   <div class='ocr_carea' id='block_1_60' title="bbox 151 3061 1744 3136">
    <p class='ocr_par' dir='ltr' id='par_1_60' title="bbox 151 3061 1744 3136">
     <span class='ocr_line' id='line_1_61' title="bbox 151 3061 1744 3136; baseline -0.002 -21"><span class='ocrx_word' id='word_1_427' title='bbox 151 3063 224 3116; x_wconf 82' lang='lat' dir='ltr'><strong>ad</strong></span> <span class='ocrx_word' id='word_1_428' title='bbox 251 3079 452 3136; x_wconf 84' lang='lat' dir='ltr'><strong>annum</strong></span> <span class='ocrx_word' id='word_1_429' title='bbox 478 3064 568 3128; x_wconf 88' lang='grc'><strong>69,</strong></span> <span class='ocrx_word' id='word_1_430' title='bbox 596 3077 746 3136; x_wconf 83' lang='lat' dir='ltr'><strong>num.</strong></span> <span class='ocrx_word' id='word_1_431' title='bbox 769 3061 861 3126; x_wconf 71' lang='grc'><strong>45,</strong></span> <span class='ocrx_word' id='word_1_432' title='bbox 903 3061 1135 3136; x_wconf 79' lang='lat' dir='ltr'><strong>aflirtnat</strong></span> <span class='ocrx_word' id='word_1_433' title='bbox 1181 3061 1319 3115; x_wconf 81' lang='lat' dir='ltr'><strong>hanc</strong></span> <span class='ocrx_word' id='word_1_434' title='bbox 1356 3077 1479 3136; x_wconf 80' lang='lat' dir='ltr'><strong>esse</strong></span> <span class='ocrx_word' id='word_1_435' title='bbox 1508 3076 1744 3136; x_wconf 73' lang='lat' dir='ltr'><strong>commn-</strong></span> 
     </span>
    </p>
   </div>
   <div class='ocr_carea' id='block_1_61' title="bbox 152 3131 1744 3194">
    <p class='ocr_par' dir='ltr' id='par_1_61' title="bbox 152 3131 1744 3194">
     <span class='ocr_line' id='line_1_62' title="bbox 152 3131 1744 3194; baseline -0.002 -7"><span class='ocrx_word' id='word_1_436' title='bbox 152 3149 284 3187; x_wconf 85' lang='lat' dir='ltr'><strong>nem</strong></span> <span class='ocrx_word' id='word_1_437' title='bbox 333 3131 662 3189; x_wconf 82' lang='lat' dir='ltr'><strong>Latinorum</strong></span> <span class='ocrx_word' id='word_1_438' title='bbox 694 3134 1040 3194; x_wconf 90' lang='lat' dir='ltr'><strong>sententiam,</strong></span> <span class='ocrx_word' id='word_1_439' title='bbox 1081 3131 1270 3184; x_wconf 83' lang='lat' dir='ltr'><strong>Linum</strong></span> <span class='ocrx_word' id='word_1_440' title='bbox 1311 3132 1517 3186; x_wconf 88' lang='lat' dir='ltr'><strong>scilicet</strong></span> <span class='ocrx_word' id='word_1_441' title='bbox 1544 3131 1744 3185; x_wconf 84' lang='lat' dir='ltr'><strong>etCle—</strong></span> 
     </span>
    </p>
   </div>
   <div class='ocr_carea' id='block_1_62' title="bbox 1847 1865 3428 1936">
    <p class='ocr_par' dir='ltr' id='par_1_62' title="bbox 1847 1865 3428 1936">
     <span class='ocr_line' id='line_1_63' title="bbox 1847 1865 3428 1936; baseline 0.003 -18"><span class='ocrx_word' id='word_1_442' title='bbox 1847 1865 2271 1935; x_wconf 91' lang='lat' dir='ltr'><strong>uniuscujusque</strong></span> <span class='ocrx_word' id='word_1_443' title='bbox 2314 1867 2619 1936; x_wconf 88' lang='lat' dir='ltr'><strong>pontificis;</strong></span> <span class='ocrx_word' id='word_1_444' title='bbox 2678 1867 2776 1921; x_wconf 89' lang='lat' dir='ltr'><strong>nisi</strong></span> <span class='ocrx_word' id='word_1_445' title='bbox 2842 1865 3156 1922; x_wconf 75' lang='lat' dir='ltr'><strong>constiterit</strong></span> <span class='ocrx_word' id='word_1_446' title='bbox 3209 1868 3428 1922; x_wconf 86' lang='lat' dir='ltr'><strong>eosdem</strong></span> 
     </span>
    </p>
   </div>
   <div class='ocr_carea' id='block_1_63' title="bbox 1841 1936 3430 2008">
    <p class='ocr_par' dir='ltr' id='par_1_63' title="bbox 1841 1936 3430 2008">
     <span class='ocr_line' id='line_1_64' title="bbox 1841 1936 3430 2008; baseline 0.001 -17"><span class='ocrx_word' id='word_1_447' title='bbox 1841 1936 2090 2008; x_wconf 81' lang='lat' dir='ltr'><strong>consules</strong></span> <span class='ocrx_word' id='word_1_448' title='bbox 2128 1938 2376 2008; x_wconf 88' lang='lat' dir='ltr'><strong>componi</strong></span> <span class='ocrx_word' id='word_1_449' title='bbox 2430 1938 2657 2008; x_wconf 88' lang='lat' dir='ltr'><strong>minime</strong></span> <span class='ocrx_word' id='word_1_450' title='bbox 2705 1953 2883 2006; x_wconf 88' lang='lat' dir='ltr'><strong>posse,</strong></span> <span class='ocrx_word' id='word_1_451' title='bbox 2932 1947 3026 1992; x_wconf 91' lang='lat' dir='ltr'><strong>aut</strong></span> <span class='ocrx_word' id='word_1_452' title='bbox 3063 1952 3183 1992; x_wconf 90' lang='lat' dir='ltr'><strong>cum</strong></span> <span class='ocrx_word' id='word_1_453' title='bbox 3223 1941 3430 2008; x_wconf 89' lang='lat' dir='ltr'><strong>epocha</strong></span> 
     </span>
    </p>
   </div>
   <div class='ocr_carea' id='block_1_64' title="bbox 1841 2006 3427 2077">
    <p class='ocr_par' dir='ltr' id='par_1_64' title="bbox 1841 2006 3427 2077">
     <span class='ocr_line' id='line_1_65' title="bbox 1841 2006 3427 2077; baseline 0.001 -17"><span class='ocrx_word' id='word_1_454' title='bbox 1841 2006 2220 2069; x_wconf 88' lang='lat' dir='ltr'><strong>ordinationis,</strong></span> <span class='ocrx_word' id='word_1_455' title='bbox 2260 2007 2475 2077; x_wconf 85' lang='lat' dir='ltr'><strong>quando</strong></span> <span class='ocrx_word' id='word_1_456' title='bbox 2514 2008 2559 2061; x_wconf 89' lang='lat' dir='ltr'><strong>is</strong></span> <span class='ocrx_word' id='word_1_457' title='bbox 2595 2009 3013 2063; x_wconf 87' lang='lat' dir='ltr'><strong>consecrabatur</strong></span> <span class='ocrx_word' id='word_1_458' title='bbox 3039 2006 3319 2077; x_wconf 81' lang='lat' dir='ltr'><strong>episcopus</strong></span> <span class='ocrx_word' id='word_1_459' title='bbox 3359 2010 3427 2062; x_wconf 89' lang='lat' dir='ltr'><strong>ad</strong></span> 
     </span>
    </p>
   </div>
   <div class='ocr_carea' id='block_1_65' title="bbox 1841 2077 3433 2148">
    <p class='ocr_par' dir='ltr' id='par_1_65' title="bbox 1841 2077 3433 2148">
     <span class='ocr_line' id='line_1_66' title="bbox 1841 2077 3433 2148; baseline 0.003 -18"><span class='ocrx_word' id='word_1_460' title='bbox 1841 2077 2028 2148; x_wconf 89' lang='lat' dir='ltr'><strong>vicarii</strong></span> <span class='ocrx_word' id='word_1_461' title='bbox 2078 2094 2272 2132; x_wconf 88' lang='lat' dir='ltr'><strong>munus</strong></span> <span class='ocrx_word' id='word_1_462' title='bbox 2297 2080 2654 2132; x_wconf 87' lang='lat' dir='ltr'><strong>exercendmn</strong></span> <span class='ocrx_word' id='word_1_463' title='bbox 2676 2079 2776 2132; x_wconf 89' lang='lat' dir='ltr'><strong>sub</strong></span> <span class='ocrx_word' id='word_1_464' title='bbox 2804 2079 3017 2133; x_wconf 85' lang='lat' dir='ltr'><strong>vivente</strong></span> <span class='ocrx_word' id='word_1_465' title='bbox 3053 2081 3305 2148; x_wconf 83' lang='lat' dir='ltr'><strong>pontifice</strong></span> <span class='ocrx_word' id='word_1_466' title='bbox 3337 2096 3433 2148; x_wconf 89' lang='lat' dir='ltr'><strong>per</strong></span> 
     </span>
    </p>
   </div>
   <div class='ocr_carea' id='block_1_66' title="bbox 1841 2147 3432 2219">
    <p class='ocr_par' dir='ltr' id='par_1_66' title="bbox 1841 2147 3432 2219">
     <span class='ocr_line' id='line_1_67' title="bbox 1841 2147 3432 2219; baseline 0.002 -19"><span class='ocrx_word' id='word_1_467' title='bbox 1841 2147 1962 2219; x_wconf 83' lang='lat' dir='ltr'><strong>enin</strong></span> <span class='ocrx_word' id='word_1_468' title='bbox 2010 2147 2342 2216; x_wconf 89' lang='lat' dir='ltr'><strong>adjuvando;</strong></span> <span class='ocrx_word' id='word_1_469' title='bbox 2388 2157 2477 2201; x_wconf 89' lang='lat' dir='ltr'><strong>aut</strong></span> <span class='ocrx_word' id='word_1_470' title='bbox 2513 2164 2634 2219; x_wconf 84' lang='lat' dir='ltr'><strong>cum</strong></span> <span class='ocrx_word' id='word_1_471' title='bbox 2663 2163 2769 2202; x_wconf 81' lang='lat' dir='ltr'><strong>aera</strong></span> <span class='ocrx_word' id='word_1_472' title='bbox 2793 2147 3169 2219; x_wconf 63' lang='lat' dir='ltr'><strong>successimus,</strong></span> <span class='ocrx_word' id='word_1_473' title='bbox 3217 2147 3432 2219; x_wconf 83' lang='lat' dir='ltr'><strong>quando</strong></span> 
     </span>
    </p>
   </div>
   <div class='ocr_carea' id='block_1_67' title="bbox 1843 2217 3428 2288">
    <p class='ocr_par' dir='ltr' id='par_1_67' title="bbox 1843 2217 3428 2288">
     <span class='ocr_line' id='line_1_68' title="bbox 1843 2217 3428 2288; baseline 0.002 -17"><span class='ocrx_word' id='word_1_474' title='bbox 1843 2217 1982 2272; x_wconf 90' lang='lat' dir='ltr'><strong>idem</strong></span> <span class='ocrx_word' id='word_1_475' title='bbox 2013 2219 2312 2281; x_wconf 90' lang='lat' dir='ltr'><strong>ordinatus,</strong></span> <span class='ocrx_word' id='word_1_476' title='bbox 2361 2219 2452 2288; x_wconf 87' lang='lat' dir='ltr'><strong>qui</strong></span> <span class='ocrx_word' id='word_1_477' title='bbox 2497 2218 2754 2288; x_wconf 71' lang='lat' dir='ltr'><strong>vicarius</strong></span> <span class='ocrx_word' id='word_1_478' title='bbox 2785 2217 2961 2273; x_wconf 83' lang='lat' dir='ltr'><strong>fuerat</strong></span> <span class='ocrx_word' id='word_1_479' title='bbox 3005 2217 3286 2274; x_wconf 81' lang='lat' dir='ltr'><strong>constante</strong></span> <span class='ocrx_word' id='word_1_480' title='bbox 3324 2222 3428 2274; x_wconf 87' lang='lat' dir='ltr'><strong>vita</strong></span> 
     </span>
    </p>
   </div>
   <div class='ocr_carea' id='block_1_68' title="bbox 1844 2285 3434 2358">
    <p class='ocr_par' dir='ltr' id='par_1_68' title="bbox 1844 2285 3434 2358">
     <span class='ocr_line' id='line_1_69' title="bbox 1844 2285 3434 2358; baseline 0.004 -21"><span class='ocrx_word' id='word_1_481' title='bbox 1844 2289 2114 2358; x_wconf 87' lang='lat' dir='ltr'><strong>pontificis</strong></span> <span class='ocrx_word' id='word_1_482' title='bbox 2151 2285 2470 2358; x_wconf 73' lang='lat' dir='ltr'><strong>cooptanlis,</strong></span> <span class='ocrx_word' id='word_1_483' title='bbox 2503 2299 2624 2356; x_wconf 87' lang='lat' dir='ltr'><strong>post</strong></span> <span class='ocrx_word' id='word_1_484' title='bbox 2671 2285 2826 2355; x_wconf 85' lang='lat' dir='ltr'><strong>hujus</strong></span> <span class='ocrx_word' id='word_1_485' title='bbox 2877 2299 3105 2343; x_wconf 88' lang='lat' dir='ltr'><strong>mortem</strong></span> <span class='ocrx_word' id='word_1_486' title='bbox 3146 2291 3272 2344; x_wconf 74' lang='lat' dir='ltr'><strong>cieri</strong></span> <span class='ocrx_word' id='word_1_487' title='bbox 3322 2293 3434 2343; x_wconf 73' lang='lat' dir='ltr'><strong>suf-</strong></span> 
     </span>
    </p>
   </div>
   <div class='ocr_carea' id='block_1_69' title="bbox 1841 2358 3433 2483">
    <p class='ocr_par' dir='ltr' id='par_1_69' title="bbox 1841 2358 3433 2483">
     <span class='ocr_line' id='line_1_70' title="bbox 1841 2358 3433 2483; baseline 0.002 -72"><span class='ocrx_word' id='word_1_488' title='bbox 1841 2359 2029 2483; x_wconf 61' lang='lat' dir='ltr'><strong>lf)ragits</strong></span> <span class='ocrx_word' id='word_1_489' title='bbox 2073 2359 2348 2414; x_wconf 86' lang='lat' dir='ltr'><strong>Romanus</strong></span> <span class='ocrx_word' id='word_1_490' title='bbox 2383 2358 2619 2429; x_wconf 76' lang='lat' dir='ltr'><strong>pontifex</strong></span> <span class='ocrx_word' id='word_1_491' title='bbox 2647 2359 2912 2413; x_wconf 86' lang='lat' dir='ltr'><strong>demortui</strong></span> <span class='ocrx_word' id='word_1_492' title='bbox 2961 2375 3240 2416; x_wconf 87' lang='lat' dir='ltr'><strong>successor</strong></span> <span class='ocrx_word' id='word_1_493' title='bbox 3268 2363 3433 2432; x_wconf 81' lang='lat' dir='ltr'><strong>elige-</strong></span> 
     </span>
     <span class='ocr_line' id='line_1_71' title="bbox 1879 2440 2019 2483; baseline 0.007 -1"><span class='ocrx_word' id='word_1_494' title='bbox 1879 2440 2019 2483; x_wconf 89' lang='lat' dir='ltr'><strong>atnr.</strong></span> 
     </span>
    </p>
   </div>
   <div class='ocr_carea' id='block_1_70' title="bbox 1879 2440 2019 2483">
    <p class='ocr_par' dir='ltr' id='par_1_70' title="bbox 1879 2440 2019 2483">
     <span class='ocr_line' id='line_1_72' title="bbox 1879 2440 2019 2483; baseline 0.007 -1"><span class='ocrx_word' id='word_1_495' title='bbox 1879 2440 2019 2483; x_wconf 90' lang='lat' dir='ltr'><strong>atnr.</strong></span> 
     </span>
    </p>
   </div>
   <div class='ocr_carea' id='block_1_71' title="bbox 1916 2499 3434 2569">
    <p class='ocr_par' dir='ltr' id='par_1_71' title="bbox 1916 2499 3434 2569">
     <span class='ocr_line' id='line_1_73' title="bbox 1916 2499 3434 2569; baseline 0.001 -17"><span class='ocrx_word' id='word_1_496' title='bbox 1916 2499 2345 2569; x_wconf 86' lang='lat' dir='ltr'><strong>&#39;l‘etnperandunt</strong></span> <span class='ocrx_word' id='word_1_497' title='bbox 2375 2500 2555 2569; x_wconf 89' lang='lat' dir='ltr'><strong>itaque</strong></span> <span class='ocrx_word' id='word_1_498' title='bbox 2599 2500 2836 2554; x_wconf 89' lang='lat' dir='ltr'><strong>sentiant</strong></span> <span class='ocrx_word' id='word_1_499' title='bbox 2875 2501 2943 2555; x_wconf 90' lang='lat' dir='ltr'><strong>ab</strong></span> <span class='ocrx_word' id='word_1_500' title='bbox 2979 2501 3272 2555; x_wconf 87' lang='lat' dir='ltr'><strong>acrimonia</strong></span> <span class='ocrx_word' id='word_1_501' title='bbox 3319 2503 3434 2556; x_wconf 87' lang='lat' dir='ltr'><strong>cul—</strong></span> 
     </span>
    </p>
   </div>
   <div class='ocr_carea' id='block_1_72' title="bbox 1843 2571 3428 2640">
    <p class='ocr_par' dir='ltr' id='par_1_72' title="bbox 1843 2571 3428 2640">
     <span class='ocr_line' id='line_1_74' title="bbox 1843 2571 3428 2640; baseline 0.001 -16"><span class='ocrx_word' id='word_1_502' title='bbox 1843 2571 2004 2640; x_wconf 87' lang='lat' dir='ltr'><strong>pandi</strong></span> <span class='ocrx_word' id='word_1_503' title='bbox 2048 2572 2355 2637; x_wconf 84' lang='lat' dir='ltr'><strong>quicunque</strong></span> <span class='ocrx_word' id='word_1_504' title='bbox 2403 2581 2724 2625; x_wconf 89' lang='lat' dir='ltr'><strong>sncccnsent</strong></span> <span class='ocrx_word' id='word_1_505' title='bbox 2763 2572 3119 2640; x_wconf 88' lang='lat' dir='ltr'><strong>scriptoribus</strong></span> <span class='ocrx_word' id='word_1_506' title='bbox 3177 2571 3428 2626; x_wconf 73' lang='lat' dir='ltr'><strong>Historia:</strong></span> 
     </span>
    </p>
   </div>
   <div class='ocr_carea' id='block_1_73' title="bbox 1843 2641 3434 2710">
    <p class='ocr_par' dir='ltr' id='par_1_73' title="bbox 1843 2641 3434 2710">
     <span class='ocr_line' id='line_1_75' title="bbox 1843 2641 3434 2710; baseline 0.001 -14"><span class='ocrx_word' id='word_1_507' title='bbox 1843 2642 2151 2710; x_wconf 71' lang='lat' dir='ltr'><strong>pontificim,</strong></span> <span class='ocrx_word' id='word_1_508' title='bbox 2196 2641 2520 2695; x_wconf 76' lang='lat' dir='ltr'><strong>vicariorum</strong></span> <span class='ocrx_word' id='word_1_509' title='bbox 2569 2657 2731 2694; x_wconf 73' lang='lat' dir='ltr'><strong>teram</strong></span> <span class='ocrx_word' id='word_1_510' title='bbox 2768 2642 3223 2708; x_wconf 73' lang='lat' dir='ltr'><strong>distinguentibus</strong></span> <span class='ocrx_word' id='word_1_511' title='bbox 3250 2659 3277 2695; x_wconf 91' lang='lat' dir='ltr'><strong>a</strong></span> <span class='ocrx_word' id='word_1_512' title='bbox 3308 2659 3434 2697; x_wconf 86' lang='lat' dir='ltr'><strong>suc-</strong></span> 
     </span>
    </p>
   </div>
   <div class='ocr_carea' id='block_1_74' title="bbox 1844 2711 3433 2782">
    <p class='ocr_par' dir='ltr' id='par_1_74' title="bbox 1844 2711 3433 2782">
     <span class='ocr_line' id='line_1_76' title="bbox 1844 2711 3433 2782; baseline -0.001 -17"><span class='ocrx_word' id='word_1_513' title='bbox 1844 2712 2089 2782; x_wconf 86' lang='lat' dir='ltr'><strong>cessione</strong></span> <span class='ocrx_word' id='word_1_514' title='bbox 2113 2752 2127 2775; x_wconf 94' lang='lat'><strong>,</strong></span> <span class='ocrx_word' id='word_1_515' title='bbox 2165 2712 2318 2779; x_wconf 87' lang='lat' dir='ltr'><strong>quasi</strong></span> <span class='ocrx_word' id='word_1_516' title='bbox 2361 2713 2588 2766; x_wconf 88' lang='lat' dir='ltr'><strong>fulcrum</strong></span> <span class='ocrx_word' id='word_1_517' title='bbox 2638 2711 2866 2765; x_wconf 82' lang='lat' dir='ltr'><strong>labantis</strong></span> <span class='ocrx_word' id='word_1_518' title='bbox 2895 2711 3267 2782; x_wconf 78' lang='lat' dir='ltr'><strong>Chronologia:</strong></span> <span class='ocrx_word' id='word_1_519' title='bbox 3303 2714 3433 2768; x_wconf 89' lang='lat' dir='ltr'><strong>sub-</strong></span> 
     </span>
    </p>
   </div>
   <div class='ocr_carea' id='block_1_75' title="bbox 1843 2781 3434 2852">
    <p class='ocr_par' dir='ltr' id='par_1_75' title="bbox 1843 2781 3434 2852">
     <span class='ocr_line' id='line_1_77' title="bbox 1843 2781 3434 2852; baseline 0.001 -18"><span class='ocrx_word' id='word_1_520' title='bbox 1843 2782 1982 2835; x_wconf 85' lang='lat' dir='ltr'><strong>lesto</strong></span> <span class='ocrx_word' id='word_1_521' title='bbox 2023 2781 2238 2852; x_wconf 82' lang='lat' dir='ltr'><strong>ingenio</strong></span> <span class='ocrx_word' id='word_1_522' title='bbox 2296 2783 2636 2852; x_wconf 87' lang='lat' dir='ltr'><strong>conquirant.</strong></span> <span class='ocrx_word' id='word_1_523' title='bbox 2685 2782 2930 2837; x_wconf 80' lang='lat' dir='ltr'><strong>Vicarios</strong></span> <span class='ocrx_word' id='word_1_524' title='bbox 2974 2798 3077 2836; x_wconf 91' lang='lat' dir='ltr'><strong>non</strong></span> <span class='ocrx_word' id='word_1_525' title='bbox 3119 2781 3285 2837; x_wconf 79' lang='lat' dir='ltr'><strong>semel</strong></span> <span class='ocrx_word' id='word_1_526' title='bbox 3335 2785 3434 2836; x_wconf 90' lang='lat' dir='ltr'><strong>ad-</strong></span> 
     </span>
    </p>
   </div>
   <div class='ocr_carea' id='block_1_76' title="bbox 1845 2851 3435 2922">
    <p class='ocr_par' dir='ltr' id='par_1_76' title="bbox 1845 2851 3435 2922">
     <span class='ocr_line' id='line_1_78' title="bbox 1845 2851 3435 2922; baseline -0.001 -15"><span class='ocrx_word' id='word_1_527' title='bbox 1845 2853 2045 2908; x_wconf 89' lang='lat' dir='ltr'><strong>hibitos</strong></span> <span class='ocrx_word' id='word_1_528' title='bbox 2092 2851 2436 2921; x_wconf 87' lang='lat' dir='ltr'><strong>perspicuum</strong></span> <span class='ocrx_word' id='word_1_529' title='bbox 2493 2865 2575 2907; x_wconf 83' lang='lat' dir='ltr'><strong>est</strong></span> <span class='ocrx_word' id='word_1_530' title='bbox 2619 2867 2684 2906; x_wconf 78' lang='lat' dir='ltr'><strong>ex</strong></span> <span class='ocrx_word' id='word_1_531' title='bbox 2737 2854 2847 2922; x_wconf 89' lang='lat' dir='ltr'><strong>ipsa</strong></span> <span class='ocrx_word' id='word_1_532' title='bbox 2881 2853 3020 2906; x_wconf 86' lang='lat' dir='ltr'><strong>Petri</strong></span> <span class='ocrx_word' id='word_1_533' title='bbox 3074 2853 3435 2908; x_wconf 89' lang='lat' dir='ltr'><strong>institutione.</strong></span> 
     </span>
    </p>
   </div>
   <div class='ocr_carea' id='block_1_77' title="bbox 1847 2922 3435 2992">
    <p class='ocr_par' dir='ltr' id='par_1_77' title="bbox 1847 2922 3435 2992">
     <span class='ocr_line' id='line_1_79' title="bbox 1847 2922 3435 2992; baseline -0.001 -14"><span class='ocrx_word' id='word_1_534' title='bbox 1847 2923 2014 2978; x_wconf 85' lang='lat' dir='ltr'><strong>Usum</strong></span> <span class='ocrx_word' id='word_1_535' title='bbox 2046 2922 2256 2977; x_wconf 90' lang='lat' dir='ltr'><strong>illorum</strong></span> <span class='ocrx_word' id='word_1_536' title='bbox 2297 2938 2404 2976; x_wconf 88' lang='lat' dir='ltr'><strong>non</strong></span> <span class='ocrx_word' id='word_1_537' title='bbox 2446 2923 2780 2992; x_wconf 82' lang='lat' dir='ltr'><strong>antiquatum</strong></span> <span class='ocrx_word' id='word_1_538' title='bbox 2815 2923 3017 2978; x_wconf 87' lang='lat' dir='ltr'><strong>evincit</strong></span> <span class='ocrx_word' id='word_1_539' title='bbox 3055 2923 3337 2990; x_wconf 84' lang='lat' dir='ltr'><strong>disciplina</strong></span> <span class='ocrx_word' id='word_1_540' title='bbox 3368 2926 3435 2977; x_wconf 90' lang='lat' dir='ltr'><strong>ad</strong></span> 
     </span>
    </p>
   </div>
   <div class='ocr_carea' id='block_1_78' title="bbox 1846 2993 3432 3064">
    <p class='ocr_par' dir='ltr' id='par_1_78' title="bbox 1846 2993 3432 3064">
     <span class='ocr_line' id='line_1_80' title="bbox 1846 2993 3432 3064; baseline 0 -17"><span class='ocrx_word' id='word_1_541' title='bbox 1846 3009 1945 3048; x_wconf 87' lang='lat' dir='ltr'><strong>nos</strong></span> <span class='ocrx_word' id='word_1_542' title='bbox 1974 3009 2142 3062; x_wconf 91' lang='lat' dir='ltr'><strong>usque</strong></span> <span class='ocrx_word' id='word_1_543' title='bbox 2178 2994 2437 3064; x_wconf 87' lang='lat' dir='ltr'><strong>perducta</strong></span> <span class='ocrx_word' id='word_1_544' title='bbox 2473 3009 2487 3046; x_wconf 88' lang='lat'><strong>:</strong></span> <span class='ocrx_word' id='word_1_545' title='bbox 2521 2993 2643 3047; x_wconf 87' lang='lat' dir='ltr'><strong>licet</strong></span> <span class='ocrx_word' id='word_1_546' title='bbox 2681 2994 2915 3064; x_wconf 86' lang='lat' dir='ltr'><strong>episc0pi</strong></span> <span class='ocrx_word' id='word_1_547' title='bbox 2951 2995 3306 3048; x_wconf 87' lang='lat' dir='ltr'><strong>sulmrbicarii</strong></span> <span class='ocrx_word' id='word_1_548' title='bbox 3341 3009 3432 3048; x_wconf 82' lang='lat' dir='ltr'><strong>sex</strong></span> 
     </span>
    </p>
   </div>
   <div class='ocr_carea' id='block_1_79' title="bbox 1846 3063 3439 3132">
    <p class='ocr_par' dir='ltr' id='par_1_79' title="bbox 1846 3063 3439 3132">
     <span class='ocr_line' id='line_1_81' title="bbox 1846 3063 3439 3132; baseline -0.003 -13"><span class='ocrx_word' id='word_1_549' title='bbox 1846 3065 1985 3119; x_wconf 90' lang='lat' dir='ltr'><strong>inter</strong></span> <span class='ocrx_word' id='word_1_550' title='bbox 2029 3063 2329 3119; x_wconf 87' lang='lat' dir='ltr'><strong>cardinales</strong></span> <span class='ocrx_word' id='word_1_551' title='bbox 2367 3073 2477 3117; x_wconf 88' lang='lat' dir='ltr'><strong>tum</strong></span> <span class='ocrx_word' id='word_1_552' title='bbox 2519 3064 2838 3132; x_wconf 90' lang='lat' dir='ltr'><strong>antiquitus,</strong></span> <span class='ocrx_word' id='word_1_553' title='bbox 2872 3063 3002 3118; x_wconf 86' lang='lat' dir='ltr'><strong>tum</strong></span> <span class='ocrx_word' id='word_1_554' title='bbox 3045 3065 3203 3119; x_wconf 89' lang='lat' dir='ltr'><strong>hodie</strong></span> <span class='ocrx_word' id='word_1_555' title='bbox 3248 3081 3439 3118; x_wconf 84' lang='lat' dir='ltr'><strong>nume-</strong></span> 
     </span>
    </p>
   </div>
   <div class='ocr_carea' id='block_1_80' title="bbox 1848 3133 3435 3204">
    <p class='ocr_par' dir='ltr' id='par_1_80' title="bbox 1848 3133 3435 3204">
     <span class='ocr_line' id='line_1_82' title="bbox 1848 3133 3435 3204; baseline -0.001 -16"><span class='ocrx_word' id='word_1_556' title='bbox 1848 3143 2054 3188; x_wconf 88' lang='lat' dir='ltr'><strong>rentur.</strong></span> <span class='ocrx_word' id='word_1_557' title='bbox 2090 3133 2334 3204; x_wconf 80' lang='lat' dir='ltr'><strong>Epocltas</strong></span> <span class='ocrx_word' id='word_1_558' title='bbox 2351 3134 2725 3193; x_wconf 84' lang='lat' dir='ltr'><strong>ordinationis.</strong></span> <span class='ocrx_word' id='word_1_559' title='bbox 2753 3143 2806 3188; x_wconf 90' lang='lat' dir='ltr'><strong>et</strong></span> <span class='ocrx_word' id='word_1_560' title='bbox 2836 3135 2978 3188; x_wconf 85' lang='lat' dir='ltr'><strong>sedis</strong></span> <span class='ocrx_word' id='word_1_561' title='bbox 3000 3135 3206 3204; x_wconf 77' lang='lat' dir='ltr'><strong>adepta:</strong></span> <span class='ocrx_word' id='word_1_562' title='bbox 3233 3135 3435 3203; x_wconf 77' lang='lat' dir='ltr'><strong>signari</strong></span> 
     </span>
    </p>
   </div>
   <div class='ocr_carea' id='block_1_81' title="bbox 155 3195 3439 3274">
    <p class='ocr_par' dir='ltr' id='par_1_81' title="bbox 155 3195 3439 3274">
     <span class='ocr_line' id='line_1_83' title="bbox 155 3195 3439 3274; baseline 0 -17"><span class='ocrx_word' id='word_1_563' title='bbox 155 3216 272 3257; x_wconf 90' lang='lat' dir='ltr'><strong>tum</strong></span> <span class='ocrx_word' id='word_1_564' title='bbox 303 3215 413 3258; x_wconf 89' lang='lat' dir='ltr'><strong>ttttn</strong></span> <span class='ocrx_word' id='word_1_565' title='bbox 457 3214 694 3272; x_wconf 88' lang='lat' dir='ltr'><strong>tempore</strong></span> <span class='ocrx_word' id='word_1_566' title='bbox 724 3204 868 3258; x_wconf 83' lang='lat' dir='ltr'><strong>Petri</strong></span> <span class='ocrx_word' id='word_1_567' title='bbox 913 3203 1081 3274; x_wconf 80' lang='lat' dir='ltr'><strong>sedis,</strong></span> <span class='ocrx_word' id='word_1_568' title='bbox 1115 3217 1211 3270; x_wconf 84' lang='lat' dir='ltr'><strong>per</strong></span> <span class='ocrx_word' id='word_1_569' title='bbox 1252 3201 1408 3272; x_wconf 86' lang='lat' dir='ltr'><strong>hujus</strong></span> <span class='ocrx_word' id='word_1_570' title='bbox 1445 3202 1742 3256; x_wconf 86' lang='lat' dir='ltr'><strong>absentiam</strong></span> <span class='ocrx_word' id='word_1_571' title='bbox 1771 3195 1815 3252; x_wconf 87' lang='lat' dir='ltr'><strong>C</strong></span> <span class='ocrx_word' id='word_1_572' title='bbox 1848 3195 2194 3259; x_wconf 80' lang='lat' dir='ltr'><strong>consuevissc</strong></span> <span class='ocrx_word' id='word_1_573' title='bbox 2236 3203 2348 3272; x_wconf 86' lang='lat' dir='ltr'><strong>jam</strong></span> <span class='ocrx_word' id='word_1_574' title='bbox 2405 3205 2789 3260; x_wconf 85' lang='lat' dir='ltr'><strong>demonstravi.</strong></span> <span class='ocrx_word' id='word_1_575' title='bbox 2826 3205 2956 3271; x_wconf 82' lang='lat' dir='ltr'><strong>Quis</strong></span> <span class='ocrx_word' id='word_1_576' title='bbox 3003 3195 3184 3274; x_wconf 76' lang='lat' dir='ltr'><strong>itaque</strong></span> <span class='ocrx_word' id='word_1_577' title='bbox 3227 3195 3439 3260; x_wconf 68' lang='lat' dir='ltr'><strong>recuset</strong></span> 
     </span>
    </p>
   </div>
   <div class='ocr_carea' id='block_1_82' title="bbox 153 3273 1741 3344">
    <p class='ocr_par' dir='ltr' id='par_1_82' title="bbox 153 3273 1741 3344">
     <span class='ocr_line' id='line_1_84' title="bbox 153 3273 1741 3344; baseline -0.001 -18"><span class='ocrx_word' id='word_1_578' title='bbox 153 3289 386 3328; x_wconf 82' lang='lat' dir='ltr'><strong>munere</strong></span> <span class='ocrx_word' id='word_1_579' title='bbox 440 3275 714 3344; x_wconf 89' lang='lat' dir='ltr'><strong>pontificio</strong></span> <span class='ocrx_word' id='word_1_580' title='bbox 753 3274 962 3329; x_wconf 73' lang='lat' dir='ltr'><strong>functos</strong></span> <span class='ocrx_word' id='word_1_581' title='bbox 1015 3273 1222 3336; x_wconf 86' lang='lat' dir='ltr'><strong>fuisse,</strong></span> <span class='ocrx_word' id='word_1_582' title='bbox 1272 3283 1329 3326; x_wconf 95' lang='grc' dir='ltr'><strong>ιιι</strong></span> <span class='ocrx_word' id='word_1_583' title='bbox 1381 3275 1741 3342; x_wconf 88' lang='lat' dir='ltr'><strong>coadjutores,</strong></span> 
     </span>
    </p>
   </div>
   <div class='ocr_carea' id='block_1_83' title="bbox 154 3344 1742 3416">
    <p class='ocr_par' dir='ltr' id='par_1_83' title="bbox 154 3344 1742 3416">
     <span class='ocr_line' id='line_1_85' title="bbox 154 3344 1742 3416; baseline -0.002 -19"><span class='ocrx_word' id='word_1_584' title='bbox 154 3355 274 3397; x_wconf 80' lang='lat' dir='ltr'><strong>tum</strong></span> <span class='ocrx_word' id='word_1_585' title='bbox 340 3357 458 3413; x_wconf 87' lang='lat' dir='ltr'><strong>post</strong></span> <span class='ocrx_word' id='word_1_586' title='bbox 510 3345 827 3416; x_wconf 84' lang='lat' dir='ltr'><strong>martyrium</strong></span> <span class='ocrx_word' id='word_1_587' title='bbox 873 3344 1016 3398; x_wconf 81' lang='lat' dir='ltr'><strong>Petri</strong></span> <span class='ocrx_word' id='word_1_588' title='bbox 1067 3345 1297 3416; x_wconf 88' lang='lat' dir='ltr'><strong>alterum</strong></span> <span class='ocrx_word' id='word_1_589' title='bbox 1349 3356 1468 3414; x_wconf 88' lang='lat' dir='ltr'><strong>post</strong></span> <span class='ocrx_word' id='word_1_590' title='bbox 1515 3344 1742 3396; x_wconf 80' lang='lat' dir='ltr'><strong>alterum</strong></span> 
     </span>
    </p>
   </div>
   <div class='ocr_carea' id='block_1_84' title="bbox 153 3415 1740 3483">
    <p class='ocr_par' dir='ltr' id='par_1_84' title="bbox 153 3415 1740 3483">
     <span class='ocr_line' id='line_1_86' title="bbox 153 3415 1740 3483; baseline -0.002 -15"><span class='ocrx_word' id='word_1_591' title='bbox 153 3430 336 3483; x_wconf 85' lang='lat' dir='ltr'><strong>usque</strong></span> <span class='ocrx_word' id='word_1_592' title='bbox 383 3417 448 3468; x_wconf 89' lang='lat' dir='ltr'><strong>ad</strong></span> <span class='ocrx_word' id='word_1_593' title='bbox 488 3415 691 3470; x_wconf 89' lang='lat' dir='ltr'><strong>obitum</strong></span> <span class='ocrx_word' id='word_1_594' title='bbox 731 3417 968 3470; x_wconf 86' lang='lat' dir='ltr'><strong>tenuisse</strong></span> <span class='ocrx_word' id='word_1_595' title='bbox 1007 3415 1301 3483; x_wconf 77' lang='lat' dir='ltr'><strong>maximum</strong></span> <span class='ocrx_word' id='word_1_596' title='bbox 1339 3416 1740 3482; x_wconf 89' lang='lat' dir='ltr'><strong>poutificatntn;</strong></span> 
     </span>
    </p>
   </div>
   <div class='ocr_carea' id='block_1_85' title="bbox 151 3482 1742 3553">
    <p class='ocr_par' dir='ltr' id='par_1_85' title="bbox 151 3482 1742 3553">
     <span class='ocr_line' id='line_1_87' title="bbox 151 3482 1742 3553; baseline -0.004 -13"><span class='ocrx_word' id='word_1_597' title='bbox 151 3482 490 3540; x_wconf 79' lang='lat' dir='ltr'><strong>Clementem</strong></span> <span class='ocrx_word' id='word_1_598' title='bbox 524 3501 668 3545; x_wconf 88' lang='lat' dir='ltr'><strong>vero,</strong></span> <span class='ocrx_word' id='word_1_599' title='bbox 702 3487 802 3540; x_wconf 90' lang='lat' dir='ltr'><strong>etsi</strong></span> <span class='ocrx_word' id='word_1_600' title='bbox 831 3502 860 3538; x_wconf 90' lang='lat' dir='ltr'><strong>a</strong></span> <span class='ocrx_word' id='word_1_601' title='bbox 900 3486 1113 3539; x_wconf 87' lang='lat' dir='ltr'><strong>vivente</strong></span> <span class='ocrx_word' id='word_1_602' title='bbox 1153 3482 1312 3539; x_wconf 80' lang='lat' dir='ltr'><strong>l’efro</strong></span> <span class='ocrx_word' id='word_1_603' title='bbox 1345 3485 1505 3539; x_wconf 88' lang='lat' dir='ltr'><strong>fuerit</strong></span> <span class='ocrx_word' id='word_1_604' title='bbox 1535 3485 1742 3553; x_wconf 83' lang='lat' dir='ltr'><strong>episco-</strong></span> 
     </span>
    </p>
   </div>
   <div class='ocr_carea' id='block_1_86' title="bbox 154 3554 1746 3626">
    <p class='ocr_par' dir='ltr' id='par_1_86' title="bbox 154 3554 1746 3626">
     <span class='ocr_line' id='line_1_88' title="bbox 154 3554 1746 3626; baseline 0 -18"><span class='ocrx_word' id='word_1_605' title='bbox 154 3571 262 3625; x_wconf 85' lang='lat' dir='ltr'><strong>pus</strong></span> <span class='ocrx_word' id='word_1_606' title='bbox 298 3555 553 3610; x_wconf 77' lang='lat' dir='ltr'><strong>Romanae</strong></span> <span class='ocrx_word' id='word_1_607' title='bbox 593 3557 847 3612; x_wconf 69' lang='lat' dir='ltr'><strong>Ecclesite</strong></span> <span class='ocrx_word' id='word_1_608' title='bbox 881 3555 1198 3626; x_wconf 81' lang='lat' dir='ltr'><strong>praeelectus</strong></span> <span class='ocrx_word' id='word_1_609' title='bbox 1231 3566 1285 3609; x_wconf 91' lang='lat' dir='ltr'><strong>ct</strong></span> <span class='ocrx_word' id='word_1_610' title='bbox 1313 3557 1609 3618; x_wconf 88' lang='lat' dir='ltr'><strong>ordinatus,</strong></span> <span class='ocrx_word' id='word_1_611' title='bbox 1645 3554 1746 3608; x_wconf 89' lang='lat' dir='ltr'><strong>hoc</strong></span> 
     </span>
    </p>
   </div>
   <div class='ocr_carea' id='block_1_87' title="bbox 156 3625 1745 3697">
    <p class='ocr_par' dir='ltr' id='par_1_87' title="bbox 156 3625 1745 3697">
     <span class='ocr_line' id='line_1_89' title="bbox 156 3625 1745 3697; baseline -0.002 -18"><span class='ocrx_word' id='word_1_612' title='bbox 156 3636 343 3697; x_wconf 66' lang='lat' dir='ltr'><strong>tamen</strong></span> <span class='ocrx_word' id='word_1_613' title='bbox 383 3643 605 3682; x_wconf 90' lang='lat' dir='ltr'><strong>munere</strong></span> <span class='ocrx_word' id='word_1_614' title='bbox 641 3637 832 3697; x_wconf 78' lang='lat' dir='ltr'><strong>Sponte</strong></span> <span class='ocrx_word' id='word_1_615' title='bbox 867 3625 1134 3697; x_wconf 81' lang='lat' dir='ltr'><strong>cessisse:</strong></span> <span class='ocrx_word' id='word_1_616' title='bbox 1184 3626 1264 3679; x_wconf 91' lang='lat' dir='ltr'><strong>uti</strong></span> <span class='ocrx_word' id='word_1_617' title='bbox 1301 3627 1367 3680; x_wconf 88' lang='lat' dir='ltr'><strong>ad</strong></span> <span class='ocrx_word' id='word_1_618' title='bbox 1414 3625 1745 3697; x_wconf 85' lang='lat' dir='ltr'><strong>singulorum</strong></span> 
     </span>
    </p>
   </div>
   <div class='ocr_carea' id='block_1_88' title="bbox 158 3695 1745 3768">
    <p class='ocr_par' dir='ltr' id='par_1_88' title="bbox 158 3695 1745 3768">
     <span class='ocr_line' id='line_1_90' title="bbox 158 3695 1745 3768; baseline -0.001 -20"><span class='ocrx_word' id='word_1_619' title='bbox 158 3695 319 3752; x_wconf 78' lang='lat' dir='ltr'><strong>Vitas</strong></span> <span class='ocrx_word' id='word_1_620' title='bbox 341 3697 491 3768; x_wconf 74' lang='lat' dir='ltr'><strong>panlt</strong></span> <span class='ocrx_word' id='word_1_621' title='bbox 524 3695 1049 3768; x_wconf 36' lang='lat' dir='ltr'><strong>ante—meminimus.</strong></span> <span class='ocrx_word' id='word_1_622' title='bbox 1083 3696 1212 3768; x_wconf 71' lang='lat' dir='ltr'><strong>Qua:</strong></span> <span class='ocrx_word' id='word_1_623' title='bbox 1251 3699 1376 3768; x_wconf 84' lang='lat' dir='ltr'><strong>dum</strong></span> <span class='ocrx_word' id='word_1_624' title='bbox 1418 3697 1505 3750; x_wconf 93' lang='lat' dir='ltr'><strong>hic</strong></span> <span class='ocrx_word' id='word_1_625' title='bbox 1547 3696 1745 3768; x_wconf 85' lang='lat' dir='ltr'><strong>recolo,</strong></span> 
     </span>
    </p>
   </div>
   <div class='ocr_carea' id='block_1_89' title="bbox 154 3765 1748 3836">
    <p class='ocr_par' dir='ltr' id='par_1_89' title="bbox 154 3765 1748 3836">
     <span class='ocr_line' id='line_1_91' title="bbox 154 3765 1748 3836; baseline -0.003 -14"><span class='ocrx_word' id='word_1_626' title='bbox 154 3765 553 3822; x_wconf 87' lang='lat' dir='ltr'><strong>nolimreferri</strong></span> <span class='ocrx_word' id='word_1_627' title='bbox 580 3767 647 3822; x_wconf 91' lang='lat' dir='ltr'><strong>ad</strong></span> <span class='ocrx_word' id='word_1_628' title='bbox 679 3765 1133 3836; x_wconf 80' lang='lat' dir='ltr'><strong>eomprobandain</strong></span> <span class='ocrx_word' id='word_1_629' title='bbox 1171 3767 1363 3821; x_wconf 77' lang='lat' dir='ltr'><strong>set-ient</strong></span> <span class='ocrx_word' id='word_1_630' title='bbox 1393 3765 1748 3822; x_wconf 88' lang='lat' dir='ltr'><strong>successionis</strong></span> 
     </span>
    </p>
   </div>
   <div class='ocr_carea' id='block_1_90' title="bbox 157 3836 1748 3909">
    <p class='ocr_par' dir='ltr' id='par_1_90' title="bbox 157 3836 1748 3909">
     <span class='ocr_line' id='line_1_92' title="bbox 157 3836 1748 3909; baseline -0.001 -18"><span class='ocrx_word' id='word_1_631' title='bbox 157 3838 329 3892; x_wconf 87' lang='lat' dir='ltr'><strong>trium</strong></span> <span class='ocrx_word' id='word_1_632' title='bbox 360 3839 586 3892; x_wconf 89' lang='lat' dir='ltr'><strong>istorutn</strong></span> <span class='ocrx_word' id='word_1_633' title='bbox 626 3839 1028 3909; x_wconf 79' lang='lat' dir='ltr'><strong>pontificnmin</strong></span> <span class='ocrx_word' id='word_1_634' title='bbox 1057 3838 1204 3909; x_wconf 85' lang='lat' dir='ltr'><strong>sede</strong></span> <span class='ocrx_word' id='word_1_635' title='bbox 1250 3838 1509 3900; x_wconf 86' lang='lat' dir='ltr'><strong>Romana,</strong></span> <span class='ocrx_word' id='word_1_636' title='bbox 1565 3836 1656 3891; x_wconf 87' lang='lat' dir='ltr'><strong>sed</strong></span> <span class='ocrx_word' id='word_1_637' title='bbox 1682 3851 1748 3890; x_wconf 90' lang='lat' dir='ltr'><strong>eo</strong></span> 
     </span>
    </p>
   </div>
   <div class='ocr_carea' id='block_1_91' title="bbox 154 3907 1753 3971">
    <p class='ocr_par' dir='ltr' id='par_1_91' title="bbox 154 3907 1753 3971">
     <span class='ocr_line' id='line_1_93' title="bbox 154 3907 1753 3971; baseline -0.002 -8"><span class='ocrx_word' id='word_1_638' title='bbox 154 3909 392 3963; x_wconf 88' lang='lat' dir='ltr'><strong>consilio</strong></span> <span class='ocrx_word' id='word_1_639' title='bbox 430 3909 519 3964; x_wconf 90' lang='lat' dir='ltr'><strong>hic</strong></span> <span class='ocrx_word' id='word_1_640' title='bbox 556 3907 905 3964; x_wconf 84' lang='lat' dir='ltr'><strong>memoranda</strong></span> <span class='ocrx_word' id='word_1_641' title='bbox 944 3907 1090 3971; x_wconf 89' lang='lat' dir='ltr'><strong>dttxi,</strong></span> <span class='ocrx_word' id='word_1_642' title='bbox 1131 3917 1188 3961; x_wconf 92' lang='grc' dir='ltr'><strong>ιιι</strong></span> <span class='ocrx_word' id='word_1_643' title='bbox 1225 3909 1587 3969; x_wconf 87' lang='lat' dir='ltr'><strong>ostenderem,</strong></span> <span class='ocrx_word' id='word_1_644' title='bbox 1620 3923 1753 3962; x_wconf 84' lang='lat' dir='ltr'><strong>con-</strong></span> 
     </span>
    </p>
   </div>
   <div class='ocr_carea' id='block_1_92' title="bbox 155 3978 1747 4048">
    <p class='ocr_par' dir='ltr' id='par_1_92' title="bbox 155 3978 1747 4048">
     <span class='ocr_line' id='line_1_94' title="bbox 155 3978 1747 4048; baseline 0 -15"><span class='ocrx_word' id='word_1_645' title='bbox 155 3979 503 4033; x_wconf 88' lang='lat' dir='ltr'><strong>suetudinem</strong></span> <span class='ocrx_word' id='word_1_646' title='bbox 559 3979 699 4035; x_wconf 88' lang='lat' dir='ltr'><strong>hanc</strong></span> <span class='ocrx_word' id='word_1_647' title='bbox 767 3989 1038 4048; x_wconf 90' lang='lat' dir='ltr'><strong>receptam</strong></span> <span class='ocrx_word' id='word_1_648' title='bbox 1105 3979 1270 4033; x_wconf 87' lang='lat' dir='ltr'><strong>fuisse</strong></span> <span class='ocrx_word' id='word_1_649' title='bbox 1328 3978 1396 4032; x_wconf 83' lang='lat' dir='ltr'><strong>ab</strong></span> <span class='ocrx_word' id='word_1_650' title='bbox 1451 3979 1747 4048; x_wconf 84' lang='lat' dir='ltr'><strong>apos:olica</strong></span> 
     </span>
    </p>
   </div>
   <div class='ocr_carea' id='block_1_93' title="bbox 155 4050 1748 4120">
    <p class='ocr_par' dir='ltr' id='par_1_93' title="bbox 155 4050 1748 4120">
     <span class='ocr_line' id='line_1_95' title="bbox 155 4050 1748 4120; baseline -0.001 -17"><span class='ocrx_word' id='word_1_651' title='bbox 155 4057 346 4120; x_wconf 65' lang='lat' dir='ltr'><strong>aetate,</strong></span> <span class='ocrx_word' id='word_1_652' title='bbox 373 4060 430 4102; x_wconf 89' lang='lat' dir='ltr'><strong>ut</strong></span> <span class='ocrx_word' id='word_1_653' title='bbox 453 4059 768 4112; x_wconf 86' lang='lat' dir='ltr'><strong>censeretur</strong></span> <span class='ocrx_word' id='word_1_654' title='bbox 793 4050 1109 4120; x_wconf 79' lang='lat' dir='ltr'><strong>gravissima</strong></span> <span class='ocrx_word' id='word_1_655' title='bbox 1142 4054 1315 4104; x_wconf 87' lang='lat' dir='ltr'><strong>causa&#39;</strong></span> <span class='ocrx_word' id='word_1_656' title='bbox 1345 4050 1411 4103; x_wconf 88' lang='lat' dir='ltr'><strong>ad</strong></span> <span class='ocrx_word' id='word_1_657' title='bbox 1439 4051 1748 4118; x_wconf 86' lang='lat' dir='ltr'><strong>episcopum</strong></span> 
     </span>
    </p>
   </div>
   <div class='ocr_carea' id='block_1_94' title="bbox 159 4118 1751 4190">
    <p class='ocr_par' dir='ltr' id='par_1_94' title="bbox 159 4118 1751 4190">
     <span class='ocr_line' id='line_1_96' title="bbox 159 4118 1751 4190; baseline -0.001 -18"><span class='ocrx_word' id='word_1_658' title='bbox 159 4118 467 4190; x_wconf 78' lang='lat' dir='ltr'><strong>adjutorem</strong></span> <span class='ocrx_word' id='word_1_659' title='bbox 493 4118 874 4176; x_wconf 82' lang='lat' dir='ltr'><strong>assumendum</strong></span> <span class='ocrx_word' id='word_1_660' title='bbox 902 4121 953 4174; x_wconf 93' lang='lat' dir='ltr'><strong>in</strong></span> <span class='ocrx_word' id='word_1_661' title='bbox 977 4119 1218 4176; x_wconf 87' lang='lat' dir='ltr'><strong>Ecclesia</strong></span> <span class='ocrx_word' id='word_1_662' title='bbox 1249 4136 1347 4174; x_wconf 90' lang='lat' dir='ltr'><strong>suo</strong></span> <span class='ocrx_word' id='word_1_663' title='bbox 1377 4130 1590 4190; x_wconf 87' lang='lat' dir='ltr'><strong>pastore</strong></span> <span class='ocrx_word' id='word_1_664' title='bbox 1620 4136 1751 4172; x_wconf 80' lang='lat' dir='ltr'><strong>nort-</strong></span> 
     </span>
    </p>
   </div>
   <div class='ocr_carea' id='block_1_95' title="bbox 157 4189 1750 4260">
    <p class='ocr_par' dir='ltr' id='par_1_95' title="bbox 157 4189 1750 4260">
     <span class='ocr_line' id='line_1_97' title="bbox 157 4189 1750 4260; baseline -0.001 -16"><span class='ocrx_word' id='word_1_665' title='bbox 157 4189 552 4254; x_wconf 72' lang='lat' dir='ltr'><strong>dum&#39;viduata,</strong></span> <span class='ocrx_word' id='word_1_666' title='bbox 583 4192 882 4260; x_wconf 79' lang='lat' dir='ltr'><strong>prtesertitn</strong></span> <span class='ocrx_word' id='word_1_667' title='bbox 912 4205 1040 4244; x_wconf 88' lang='lat' dir='ltr'><strong>vero</strong></span> <span class='ocrx_word' id='word_1_668' title='bbox 1067 4191 1118 4244; x_wconf 93' lang='lat' dir='ltr'><strong>in</strong></span> <span class='ocrx_word' id='word_1_669' title='bbox 1135 4202 1208 4246; x_wconf 68' lang='lat' dir='ltr'><strong>ea</strong></span> <span class='ocrx_word' id='word_1_670' title='bbox 1237 4205 1356 4260; x_wconf 70' lang='lat' dir='ltr'><strong>qua:</strong></span> <span class='ocrx_word' id='word_1_671' title='bbox 1376 4207 1440 4244; x_wconf 77' lang='lat' dir='ltr'><strong>ex</strong></span> <span class='ocrx_word' id='word_1_672' title='bbox 1469 4190 1750 4258; x_wconf 72' lang='lat' dir='ltr'><strong>praecipuis</strong></span> 
     </span>
    </p>
   </div>
   <div class='ocr_carea' id='block_1_96' title="bbox 159 4260 1753 4328">
    <p class='ocr_par' dir='ltr' id='par_1_96' title="bbox 159 4260 1753 4328">
     <span class='ocr_line' id='line_1_98' title="bbox 159 4260 1753 4328; baseline -0.003 -12"><span class='ocrx_word' id='word_1_673' title='bbox 159 4261 479 4322; x_wconf 77' lang='lat' dir='ltr'><strong>haberetur,</strong></span> <span class='ocrx_word' id='word_1_674' title='bbox 523 4273 576 4316; x_wconf 88' lang='lat' dir='ltr'><strong>et</strong></span> <span class='ocrx_word' id='word_1_675' title='bbox 602 4262 920 4316; x_wconf 88' lang='lat' dir='ltr'><strong>nominatim</strong></span> <span class='ocrx_word' id='word_1_676' title='bbox 960 4261 1016 4314; x_wconf 94' lang='lat' dir='ltr'><strong>in</strong></span> <span class='ocrx_word' id='word_1_677' title='bbox 1059 4260 1301 4315; x_wconf 88' lang='lat' dir='ltr'><strong>Romana</strong></span> <span class='ocrx_word' id='word_1_678' title='bbox 1332 4263 1568 4314; x_wconf 89' lang='lat' dir='ltr'><strong>omnium</strong></span> <span class='ocrx_word' id='word_1_679' title='bbox 1611 4262 1753 4328; x_wconf 88' lang='lat' dir='ltr'><strong>prin-</strong></span> 
     </span>
    </p>
   </div>
   <div class='ocr_carea' id='block_1_97' title="bbox 159 4331 1752 4401">
    <p class='ocr_par' dir='ltr' id='par_1_97' title="bbox 159 4331 1752 4401">
     <span class='ocr_line' id='line_1_99' title="bbox 159 4331 1752 4401; baseline -0.002 -16"><span class='ocrx_word' id='word_1_680' title='bbox 159 4333 309 4400; x_wconf 87' lang='lat' dir='ltr'><strong>cipe,</strong></span> <span class='ocrx_word' id='word_1_681' title='bbox 358 4346 419 4385; x_wconf 85' lang='lat' dir='ltr'><strong>ac</strong></span> <span class='ocrx_word' id='word_1_682' title='bbox 469 4333 742 4401; x_wconf 79' lang='lat' dir='ltr'><strong>magistra,</strong></span> <span class='ocrx_word' id='word_1_683' title='bbox 803 4333 846 4386; x_wconf 87' lang='lat' dir='ltr'><strong>si</strong></span> <span class='ocrx_word' id='word_1_684' title='bbox 883 4332 1136 4400; x_wconf 90' lang='lat' dir='ltr'><strong>proprius</strong></span> <span class='ocrx_word' id='word_1_685' title='bbox 1183 4331 1422 4401; x_wconf 87' lang='lat' dir='ltr'><strong>ejusdem</strong></span> <span class='ocrx_word' id='word_1_686' title='bbox 1470 4332 1752 4401; x_wconf 78' lang='lat' dir='ltr'><strong>cpiscopus</strong></span> 
     </span>
    </p>
   </div>
   <div class='ocr_carea' id='block_1_98' title="bbox 160 4400 1751 4472">
    <p class='ocr_par' dir='ltr' id='par_1_98' title="bbox 160 4400 1751 4472">
     <span class='ocr_line' id='line_1_100' title="bbox 160 4400 1751 4472; baseline -0.003 -16"><span class='ocrx_word' id='word_1_687' title='bbox 160 4401 494 4472; x_wconf 65' lang='lat' dir='ltr'><strong>przeviJcret</strong></span> <span class='ocrx_word' id='word_1_688' title='bbox 521 4400 579 4456; x_wconf 81' lang='lat' dir='ltr'><strong>se</strong></span> <span class='ocrx_word' id='word_1_689' title='bbox 610 4403 927 4470; x_wconf 83' lang='lat' dir='ltr'><strong>impeditura</strong></span> <span class='ocrx_word' id='word_1_690' title='bbox 967 4402 1030 4472; x_wconf 82' lang='lat' dir='ltr'><strong>iri</strong></span> <span class='ocrx_word' id='word_1_691' title='bbox 1073 4401 1396 4456; x_wconf 84' lang='lat' dir='ltr'><strong>necessitate</strong></span> <span class='ocrx_word' id='word_1_692' title='bbox 1421 4400 1751 4472; x_wconf 83' lang='lat' dir='ltr'><strong>ineluctabili</strong></span> 
     </span>
    </p>
   </div>
   <div class='ocr_carea' id='block_1_99' title="bbox 163 4471 1751 4542">
    <p class='ocr_par' dir='ltr' id='par_1_99' title="bbox 163 4471 1751 4542">
     <span class='ocr_line' id='line_1_101' title="bbox 163 4471 1751 4542; baseline 0 -18"><span class='ocrx_word' id='word_1_693' title='bbox 163 4471 236 4525; x_wconf 87' lang='lat' dir='ltr'><strong>ad</strong></span> <span class='ocrx_word' id='word_1_694' title='bbox 288 4472 450 4526; x_wconf 88' lang='lat' dir='ltr'><strong>totius</strong></span> <span class='ocrx_word' id='word_1_695' title='bbox 493 4473 785 4527; x_wconf 79' lang='lat' dir='ltr'><strong>Christiani</strong></span> <span class='ocrx_word' id='word_1_696' title='bbox 840 4471 1017 4542; x_wconf 89' lang='lat' dir='ltr'><strong>populi</strong></span> <span class='ocrx_word' id='word_1_697' title='bbox 1057 4473 1253 4542; x_wconf 87' lang='lat' dir='ltr'><strong>bonum</strong></span> <span class='ocrx_word' id='word_1_698' title='bbox 1290 4471 1493 4526; x_wconf 87' lang='lat' dir='ltr'><strong>directa</strong></span> <span class='ocrx_word' id='word_1_699' title='bbox 1522 4512 1537 4538; x_wconf 95' lang='lat'><strong>,</strong></span> <span class='ocrx_word' id='word_1_700' title='bbox 1594 4488 1623 4525; x_wconf 89' lang='lat' dir='ltr'><strong>a</strong></span> <span class='ocrx_word' id='word_1_701' title='bbox 1671 4471 1751 4524; x_wconf 88' lang='lat' dir='ltr'><strong>sui</strong></span> 
     </span>
    </p>
   </div>
   <div class='ocr_carea' id='block_1_100' title="bbox 1851 3276 3439 3345">
    <p class='ocr_par' dir='ltr' id='par_1_100' title="bbox 1851 3276 3439 3345">
     <span class='ocr_line' id='line_1_102' title="bbox 1851 3276 3439 3345; baseline 0.001 -15"><span class='ocrx_word' id='word_1_702' title='bbox 1851 3277 1904 3330; x_wconf 89' lang='lat' dir='ltr'><strong>itt</strong></span> <span class='ocrx_word' id='word_1_703' title='bbox 1933 3276 2204 3329; x_wconf 85' lang='lat' dir='ltr'><strong>veteribus</strong></span> <span class='ocrx_word' id='word_1_704' title='bbox 2254 3277 2616 3329; x_wconf 81' lang='lat' dir='ltr'><strong>monumentis</strong></span> <span class='ocrx_word' id='word_1_705' title='bbox 2646 3291 2706 3328; x_wconf 88' lang='lat' dir='ltr'><strong>ea</strong></span> <span class='ocrx_word' id='word_1_706' title='bbox 2743 3291 3151 3344; x_wconf 78' lang='lat' dir='ltr'><strong>recognoscere,</strong></span> <span class='ocrx_word' id='word_1_707' title='bbox 3192 3290 3312 3344; x_wconf 82' lang='lat' dir='ltr'><strong>qna:</strong></span> <span class='ocrx_word' id='word_1_708' title='bbox 3342 3292 3439 3345; x_wconf 85' lang='lat' dir='ltr'><strong>pto</strong></span> 
     </span>
    </p>
   </div>
   <div class='ocr_carea' id='block_1_101' title="bbox 1849 3346 3440 3415">
    <p class='ocr_par' dir='ltr' id='par_1_101' title="bbox 1849 3346 3440 3415">
     <span class='ocr_line' id='line_1_103' title="bbox 1849 3346 3440 3415; baseline -0.002 -13"><span class='ocrx_word' id='word_1_709' title='bbox 1849 3346 2239 3402; x_wconf 82' lang='lat' dir='ltr'><strong>consuetudine</strong></span> <span class='ocrx_word' id='word_1_710' title='bbox 2267 3346 2478 3399; x_wconf 91' lang='lat' dir='ltr'><strong>illorum</strong></span> <span class='ocrx_word' id='word_1_711' title='bbox 2501 3355 2801 3415; x_wconf 88' lang='lat' dir='ltr'><strong>temporum</strong></span> <span class='ocrx_word' id='word_1_712' title='bbox 2824 3347 2985 3401; x_wconf 91' lang='lat' dir='ltr'><strong>inseri</strong></span> <span class='ocrx_word' id='word_1_713' title='bbox 3005 3347 3252 3401; x_wconf 85' lang='lat' dir='ltr'><strong>debuisse</strong></span> <span class='ocrx_word' id='word_1_714' title='bbox 3281 3363 3440 3401; x_wconf 90' lang='lat' dir='ltr'><strong>nemo</strong></span> 
     </span>
    </p>
   </div>
   <div class='ocr_carea' id='block_1_102' title="bbox 1850 3415 3434 3487">
    <p class='ocr_par' dir='ltr' id='par_1_102' title="bbox 1850 3415 3434 3487">
     <span class='ocr_line' id='line_1_104' title="bbox 1850 3415 3434 3487; baseline -0.001 -16"><span class='ocrx_word' id='word_1_715' title='bbox 1850 3417 2161 3487; x_wconf 83' lang='lat' dir='ltr'><strong>negaverit?</strong></span> <span class='ocrx_word' id='word_1_716' title='bbox 2194 3415 2496 3487; x_wconf 75' lang='lat' dir='ltr'><strong>Praesertim</strong></span> <span class='ocrx_word' id='word_1_717' title='bbox 2527 3432 2650 3470; x_wconf 83' lang='lat' dir='ltr'><strong>curn</strong></span> <span class='ocrx_word' id='word_1_718' title='bbox 2688 3417 2818 3470; x_wconf 90' lang='lat' dir='ltr'><strong>nihil</strong></span> <span class='ocrx_word' id='word_1_719' title='bbox 2853 3419 3158 3471; x_wconf 81' lang='lat' dir='ltr'><strong>adversans</strong></span> <span class='ocrx_word' id='word_1_720' title='bbox 3185 3416 3434 3486; x_wconf 86' lang='lat' dir='ltr'><strong>apostoli-</strong></span> 
     </span>
    </p>
   </div>
   <div class='ocr_carea' id='block_1_103' title="bbox 1849 3486 3436 3556">
    <p class='ocr_par' dir='ltr' id='par_1_103' title="bbox 1849 3486 3436 3556">
     <span class='ocr_line' id='line_1_105' title="bbox 1849 3486 3436 3556; baseline -0.001 -14"><span class='ocrx_word' id='word_1_721' title='bbox 1849 3486 1943 3542; x_wconf 43' lang='lat' dir='ltr'><strong>cis&quot;</strong></span> <span class='ocrx_word' id='word_1_722' title='bbox 1982 3487 2189 3555; x_wconf 81' lang='lat' dir='ltr'><strong>legibus</strong></span> <span class='ocrx_word' id='word_1_723' title='bbox 2242 3486 2474 3540; x_wconf 84' lang='lat' dir='ltr'><strong>inferant</strong></span> <span class='ocrx_word' id='word_1_724' title='bbox 2523 3488 2894 3555; x_wconf 85' lang='lat' dir='ltr'><strong>cooptationcs</strong></span> <span class='ocrx_word' id='word_1_725' title='bbox 2949 3489 3322 3556; x_wconf 79' lang='lat' dir='ltr'><strong>episcoporum</strong></span> <span class='ocrx_word' id='word_1_726' title='bbox 3383 3488 3436 3541; x_wconf 92' lang='lat' dir='ltr'><strong>in</strong></span> 
     </span>
    </p>
   </div>
   <div class='ocr_carea' id='block_1_104' title="bbox 1850 3557 3434 3612">
    <p class='ocr_par' dir='ltr' id='par_1_104' title="bbox 1850 3557 3434 3612">
     <span class='ocr_line' id='line_1_106' title="bbox 1850 3557 3434 3612; baseline 0 -3"><span class='ocrx_word' id='word_1_727' title='bbox 1850 3558 2100 3612; x_wconf 80' lang='lat' dir='ltr'><strong>vicarios.</strong></span> <span class='ocrx_word' id='word_1_728' title='bbox 2141 3558 2278 3610; x_wconf 86' lang='lat' dir='ltr'><strong>citra</strong></span> <span class='ocrx_word' id='word_1_729' title='bbox 2339 3557 2700 3611; x_wconf 89' lang='lat' dir='ltr'><strong>conditionem</strong></span> <span class='ocrx_word' id='word_1_730' title='bbox 2769 3557 2963 3611; x_wconf 81' lang='lat' dir='ltr'><strong>futura:</strong></span> <span class='ocrx_word' id='word_1_731' title='bbox 3019 3559 3379 3612; x_wconf 89' lang='lat' dir='ltr'><strong>successionis</strong></span> <span class='ocrx_word' id='word_1_732' title='bbox 3423 3576 3434 3609; x_wconf 90' lang='lat'><strong>:</strong></span> 
     </span>
    </p>
   </div>
   <div class='ocr_carea' id='block_1_105' title="bbox 1851 3627 3438 3696">
    <p class='ocr_par' dir='ltr' id='par_1_105' title="bbox 1851 3627 3438 3696">
     <span class='ocr_line' id='line_1_107' title="bbox 1851 3627 3438 3696; baseline 0.001 -15"><span class='ocrx_word' id='word_1_733' title='bbox 1851 3643 2013 3696; x_wconf 90' lang='lat' dir='ltr'><strong>quam</strong></span> <span class='ocrx_word' id='word_1_734' title='bbox 2064 3627 2304 3680; x_wconf 83' lang='lat' dir='ltr'><strong>studiose</strong></span> <span class='ocrx_word' id='word_1_735' title='bbox 2353 3628 2540 3680; x_wconf 86' lang='lat' dir='ltr'><strong>vitavit</strong></span> <span class='ocrx_word' id='word_1_736' title='bbox 2582 3627 2830 3680; x_wconf 73' lang='lat' dir='ltr'><strong>Ecclesia</strong></span> <span class='ocrx_word' id='word_1_737' title='bbox 2886 3628 3170 3692; x_wconf 84' lang='lat' dir='ltr'><strong>Romana;</strong></span> <span class='ocrx_word' id='word_1_738' title='bbox 3225 3628 3438 3682; x_wconf 85' lang='lat' dir='ltr'><strong>etiamsi</strong></span> 
     </span>
    </p>
   </div>
   <div class='ocr_carea' id='block_1_106' title="bbox 1852 3696 3440 3765">
    <p class='ocr_par' dir='ltr' id='par_1_106' title="bbox 1852 3696 3440 3765">
     <span class='ocr_line' id='line_1_108' title="bbox 1852 3696 3440 3765; baseline -0.001 -13"><span class='ocrx_word' id='word_1_739' title='bbox 1852 3696 2101 3757; x_wconf 77' lang='lat' dir='ltr'><strong>facilitas,</strong></span> <span class='ocrx_word' id='word_1_740' title='bbox 2151 3707 2206 3750; x_wconf 91' lang='lat' dir='ltr'><strong>et</strong></span> <span class='ocrx_word' id='word_1_741' title='bbox 2253 3698 2452 3751; x_wconf 86' lang='lat' dir='ltr'><strong>abusus</strong></span> <span class='ocrx_word' id='word_1_742' title='bbox 2492 3697 2804 3763; x_wconf 73' lang='lat' dir='ltr'><strong>designandi</strong></span> <span class='ocrx_word' id='word_1_743' title='bbox 2843 3700 3124 3765; x_wconf 88' lang='lat' dir='ltr'><strong>episcopos</strong></span> <span class='ocrx_word' id='word_1_744' title='bbox 3153 3712 3258 3751; x_wconf 87' lang='lat' dir='ltr'><strong>uoo</strong></span> <span class='ocrx_word' id='word_1_745' title='bbox 3288 3697 3440 3764; x_wconf 86' lang='lat' dir='ltr'><strong>adju-</strong></span> 
     </span>
    </p>
   </div>
   <div class='ocr_carea' id='block_1_107' title="bbox 1853 3767 3443 3834">
    <p class='ocr_par' dir='ltr' id='par_1_107' title="bbox 1853 3767 3443 3834">
     <span class='ocr_line' id='line_1_109' title="bbox 1853 3767 3443 3834; baseline -0.002 -11"><span class='ocrx_word' id='word_1_746' title='bbox 1853 3778 1999 3823; x_wconf 85' lang='lat' dir='ltr'><strong>tores</strong></span> <span class='ocrx_word' id='word_1_747' title='bbox 2025 3768 2199 3829; x_wconf 90' lang='lat' dir='ltr'><strong>modo,</strong></span> <span class='ocrx_word' id='word_1_748' title='bbox 2240 3767 2331 3826; x_wconf 86' lang='lat' dir='ltr'><strong>sed</strong></span> <span class='ocrx_word' id='word_1_749' title='bbox 2361 3781 2706 3820; x_wconf 86' lang='lat' dir='ltr'><strong>successores</strong></span> <span class='ocrx_word' id='word_1_750' title='bbox 2744 3769 2814 3820; x_wconf 90' lang='lat' dir='ltr'><strong>ita</strong></span> <span class='ocrx_word' id='word_1_751' title='bbox 2847 3767 3177 3834; x_wconf 83' lang='lat' dir='ltr'><strong>obrepsisset</strong></span> <span class='ocrx_word' id='word_1_752' title='bbox 3216 3770 3268 3820; x_wconf 90' lang='lat' dir='ltr'><strong>in</strong></span> <span class='ocrx_word' id='word_1_753' title='bbox 3300 3769 3443 3821; x_wconf 79' lang='lat' dir='ltr'><strong>Afri-</strong></span> 
     </span>
    </p>
   </div>
   <div class='ocr_carea' id='block_1_108' title="bbox 1853 3836 3439 3908">
    <p class='ocr_par' dir='ltr' id='par_1_108' title="bbox 1853 3836 3439 3908">
     <span class='ocr_line' id='line_1_110' title="bbox 1853 3836 3439 3908; baseline -0.002 -14"><span class='ocrx_word' id='word_1_754' title='bbox 1853 3854 2016 3894; x_wconf 89' lang='lat' dir='ltr'><strong>canas</strong></span> <span class='ocrx_word' id='word_1_755' title='bbox 2056 3836 2314 3892; x_wconf 87' lang='lat' dir='ltr'><strong>ecclesias</strong></span> <span class='ocrx_word' id='word_1_756' title='bbox 2359 3846 2517 3908; x_wconf 65' lang='lat' dir='ltr'><strong>{etate</strong></span> <span class='ocrx_word' id='word_1_757' title='bbox 2555 3837 2856 3902; x_wconf 79' lang='lat' dir='ltr'><strong>Augustini,</strong></span> <span class='ocrx_word' id='word_1_758' title='bbox 2891 3847 3275 3908; x_wconf 87' lang='lat' dir='ltr'><strong>utmemorata</strong></span> <span class='ocrx_word' id='word_1_759' title='bbox 3311 3839 3439 3908; x_wconf 91' lang='lat' dir='ltr'><strong>llip-</strong></span> 
     </span>
    </p>
   </div>
   <div class='ocr_carea' id='block_1_109' title="bbox 1853 3907 3440 3979">
    <p class='ocr_par' dir='ltr' id='par_1_109' title="bbox 1853 3907 3440 3979">
     <span class='ocr_line' id='line_1_111' title="bbox 1853 3907 3440 3979; baseline 0 -17"><span class='ocrx_word' id='word_1_760' title='bbox 1853 3910 2170 3978; x_wconf 84' lang='lat' dir='ltr'><strong>ponensium</strong></span> <span class='ocrx_word' id='word_1_761' title='bbox 2198 3915 2345 3979; x_wconf 65' lang='lat' dir='ltr'><strong>gesta</strong></span> <span class='ocrx_word' id='word_1_762' title='bbox 2386 3907 2526 3961; x_wconf 91' lang='lat' dir='ltr'><strong>inter</strong></span> <span class='ocrx_word' id='word_1_763' title='bbox 2564 3908 2736 3961; x_wconf 89' lang='lat' dir='ltr'><strong>sancti</strong></span> <span class='ocrx_word' id='word_1_764' title='bbox 2765 3907 3002 3962; x_wconf 85' lang='lat' dir='ltr'><strong>doctoris</strong></span> <span class='ocrx_word' id='word_1_765' title='bbox 3041 3907 3297 3978; x_wconf 84' lang='lat' dir='ltr'><strong>epistolas</strong></span> <span class='ocrx_word' id='word_1_766' title='bbox 3326 3907 3440 3962; x_wconf 85' lang='lat' dir='ltr'><strong>tua-</strong></span> 
     </span>
    </p>
   </div>
   <div class='ocr_carea' id='block_1_110' title="bbox 1853 3980 2129 4033">
    <p class='ocr_par' dir='ltr' id='par_1_110' title="bbox 1853 3980 2129 4033">
     <span class='ocr_line' id='line_1_112' title="bbox 1853 3980 2129 4033; baseline -0.004 0"><span class='ocrx_word' id='word_1_767' title='bbox 1853 3980 2129 4033; x_wconf 83' lang='lat' dir='ltr'><strong>ttil&#39;estant.</strong></span> 
     </span>
    </p>
   </div>
   <div class='ocr_carea' id='block_1_111' title="bbox 1928 4049 3440 4118">
    <p class='ocr_par' dir='ltr' id='par_1_111' title="bbox 1928 4049 3440 4118">
     <span class='ocr_line' id='line_1_113' title="bbox 1928 4049 3440 4118; baseline 0.001 -16"><span class='ocrx_word' id='word_1_768' title='bbox 1928 4049 2122 4103; x_wconf 83' lang='lat' dir='ltr'><strong>Tribus</strong></span> <span class='ocrx_word' id='word_1_769' title='bbox 2167 4049 2315 4103; x_wconf 85' lang='lat' dir='ltr'><strong>ltiscc</strong></span> <span class='ocrx_word' id='word_1_770' title='bbox 2347 4049 2612 4118; x_wconf 86' lang='lat' dir='ltr'><strong>capitibus</strong></span> <span class='ocrx_word' id='word_1_771' title='bbox 2647 4049 2979 4112; x_wconf 67' lang='lat' dir='ltr'><strong>constitutis,</strong></span> <span class='ocrx_word' id='word_1_772' title='bbox 3002 4049 3305 4117; x_wconf 85' lang='lat' dir='ltr'><strong>expeditior</strong></span> <span class='ocrx_word' id='word_1_773' title='bbox 3330 4050 3440 4104; x_wconf 90' lang='lat' dir='ltr'><strong>erit</strong></span> 
     </span>
    </p>
   </div>
   <div class='ocr_carea' id='block_1_112' title="bbox 1894 4121 3440 4191">
    <p class='ocr_par' dir='ltr' id='par_1_112' title="bbox 1894 4121 3440 4191">
     <span class='ocr_line' id='line_1_114' title="bbox 1894 4121 3440 4191; baseline 0.001 -19"><span class='ocrx_word' id='word_1_774' title='bbox 1894 4135 2172 4191; x_wconf 86' lang='lat' dir='ltr'><strong>rogressus</strong></span> <span class='ocrx_word' id='word_1_775' title='bbox 2199 4121 2264 4174; x_wconf 86' lang='lat' dir='ltr'><strong>ad</strong></span> <span class='ocrx_word' id='word_1_776' title='bbox 2287 4121 2622 4188; x_wconf 76' lang='lat' dir='ltr'><strong>sequentium</strong></span> <span class='ocrx_word' id='word_1_777' title='bbox 2650 4121 2964 4189; x_wconf 88' lang='lat' dir='ltr'><strong>pontificum</strong></span> <span class='ocrx_word' id='word_1_778' title='bbox 3009 4123 3248 4191; x_wconf 75' lang='lat' dir='ltr'><strong>tetnpd‘ra</strong></span> <span class='ocrx_word' id='word_1_779' title='bbox 3273 4121 3440 4174; x_wconf 80' lang='lat' dir='ltr'><strong>stabi-</strong></span> 
     </span>
    </p>
   </div>
   <div class='ocr_carea' id='block_1_113' title="bbox 1853 4136 3436 4260">
    <p class='ocr_par' dir='ltr' id='par_1_113' title="bbox 1853 4136 3436 4260">
     <span class='ocr_line' id='line_1_115' title="bbox 1853 4136 3436 4244; baseline 0.001 -72"><span class='ocrx_word' id='word_1_780' title='bbox 1853 4136 2172 4244; x_wconf 67' lang='lat' dir='ltr'><strong>progressus</strong></span> <span class='ocrx_word' id='word_1_781' title='bbox 2199 4136 2264 4174; x_wconf 82' lang='lat' dir='ltr'><strong>au</strong></span> <span class='ocrx_word' id='word_1_782' title='bbox 2287 4136 2622 4188; x_wconf 72' lang='lat' dir='ltr'><strong>sequentum)</strong></span> <span class='ocrx_word' id='word_1_783' title='bbox 2650 4136 2964 4189; x_wconf 89' lang='lat' dir='ltr'><strong>ponuncmn</strong></span> <span class='ocrx_word' id='word_1_784' title='bbox 3009 4136 3248 4188; x_wconf 84' lang='lat' dir='ltr'><strong>tempora</strong></span> <span class='ocrx_word' id='word_1_785' title='bbox 3273 4136 3436 4174; x_wconf 78' lang='lat' dir='ltr'><strong>staut-</strong></span> 
     </span>
     <span class='ocr_line' id='line_1_116' title="bbox 1877 4190 3436 4260; baseline -0.001 -17"><span class='ocrx_word' id='word_1_786' title='bbox 1877 4193 2029 4244; x_wconf 88' lang='lat' dir='ltr'><strong>iettda</strong></span> <span class='ocrx_word' id='word_1_787' title='bbox 2073 4206 2141 4244; x_wconf 85' lang='lat' dir='ltr'><strong>ex</strong></span> <span class='ocrx_word' id='word_1_788' title='bbox 2194 4191 2458 4260; x_wconf 77' lang='lat' dir='ltr'><strong>genuinis</strong></span> <span class='ocrx_word' id='word_1_789' title='bbox 2484 4191 2820 4243; x_wconf 79' lang='lat' dir='ltr'><strong>documentis</strong></span> <span class='ocrx_word' id='word_1_790' title='bbox 2862 4191 3118 4244; x_wconf 76' lang='lat' dir='ltr'><strong>Romana:</strong></span> <span class='ocrx_word' id='word_1_791' title='bbox 3164 4190 3436 4244; x_wconf 74' lang='lat' dir='ltr'><strong>Ecclesizc.</strong></span> 
     </span>
    </p>
   </div>
   <div class='ocr_carea' id='block_1_114' title="bbox 1859 4260 3442 4331">
    <p class='ocr_par' dir='ltr' id='par_1_114' title="bbox 1859 4260 3442 4331">
     <span class='ocr_line' id='line_1_117' title="bbox 1859 4260 3442 4331; baseline -0.001 -16"><span class='ocrx_word' id='word_1_792' title='bbox 1859 4262 2215 4331; x_wconf 77' lang='lat' dir='ltr'><strong>Experiamur</strong></span> <span class='ocrx_word' id='word_1_793' title='bbox 2264 4261 2316 4314; x_wconf 81' lang='grc' dir='ltr'><strong>ιιι</strong></span> <span class='ocrx_word' id='word_1_794' title='bbox 2360 4260 2648 4331; x_wconf 37' lang='grc' dir='ltr'><strong>Ιῦνειιῆδιυε,</strong></span> <span class='ocrx_word' id='word_1_795' title='bbox 2670 4261 2822 4328; x_wconf 86' lang='lat' dir='ltr'><strong>cujus</strong></span> <span class='ocrx_word' id='word_1_796' title='bbox 2851 4261 3097 4331; x_wconf 84' lang='lat' dir='ltr'><strong>martyrii</strong></span> <span class='ocrx_word' id='word_1_797' title='bbox 3129 4261 3268 4314; x_wconf 88' lang='lat' dir='ltr'><strong>diem</strong></span> <span class='ocrx_word' id='word_1_798' title='bbox 3303 4262 3442 4331; x_wconf 83' lang='lat' dir='ltr'><strong>refc-</strong></span> 
     </span>
    </p>
   </div>
   <div class='ocr_carea' id='block_1_115' title="bbox 1857 4330 3444 4393">
    <p class='ocr_par' dir='ltr' id='par_1_115' title="bbox 1857 4330 3444 4393">
     <span class='ocr_line' id='line_1_118' title="bbox 1857 4330 3444 4393; baseline -0.002 -7"><span class='ocrx_word' id='word_1_799' title='bbox 1857 4342 1982 4386; x_wconf 89' lang='lat' dir='ltr'><strong>runt</strong></span> <span class='ocrx_word' id='word_1_800' title='bbox 2007 4330 2290 4387; x_wconf 87' lang='lat' dir='ltr'><strong>&#39;l‘abularia</strong></span> <span class='ocrx_word' id='word_1_801' title='bbox 2341 4331 2595 4385; x_wconf 74' lang='lat' dir='ltr'><strong>Ecclesia:</strong></span> <span class='ocrx_word' id='word_1_802' title='bbox 2623 4330 2898 4393; x_wconf 63' lang='lat' dir='ltr'><strong>Romanae,</strong></span> <span class='ocrx_word' id='word_1_803' title='bbox 2931 4330 3261 4384; x_wconf 87' lang='lat' dir='ltr'><strong>etveternm</strong></span> <span class='ocrx_word' id='word_1_804' title='bbox 3302 4330 3444 4384; x_wconf 88' lang='lat' dir='ltr'><strong>Mar-</strong></span> 
     </span>
    </p>
   </div>
   <div class='ocr_carea' id='block_1_116' title="bbox 1859 4401 3435 4474">
    <p class='ocr_par' dir='ltr' id='par_1_116' title="bbox 1859 4401 3435 4474">
     <span class='ocr_line' id='line_1_119' title="bbox 1859 4401 3435 4474; baseline -0.002 -18"><span class='ocrx_word' id='word_1_805' title='bbox 1859 4403 2147 4474; x_wconf 78' lang='lat' dir='ltr'><strong>tyrologia</strong></span> <span class='ocrx_word' id='word_1_806' title='bbox 2177 4403 2298 4456; x_wconf 89' lang='lat' dir='ltr'><strong>inde</strong></span> <span class='ocrx_word' id='word_1_807' title='bbox 2324 4411 2533 4474; x_wconf 83' lang='lat' dir='ltr'><strong>sumpta</strong></span> <span class='ocrx_word' id='word_1_808' title='bbox 2558 4403 2643 4474; x_wconf 65' lang='lat' dir='ltr'><strong>ad</strong></span> <span class='ocrx_word' id='word_1_809' title='bbox 2665 4401 3203 4474; x_wconf 12' lang='lat' dir='ltr'><strong>dietn2670etobris,</strong></span> <span class='ocrx_word' id='word_1_810' title='bbox 3236 4417 3435 4474; x_wconf 73' lang='lat' dir='ltr'><strong>annum</strong></span> 
     </span>
    </p>
   </div>
   <div class='ocr_carea' id='block_1_117' title="bbox 1855 4471 3436 4544">
    <p class='ocr_par' dir='ltr' id='par_1_117' title="bbox 1855 4471 3436 4544">
     <span class='ocr_line' id='line_1_120' title="bbox 1855 4471 3436 4544; baseline -0.003 -17"><span class='ocrx_word' id='word_1_811' title='bbox 1855 4471 1987 4528; x_wconf 80' lang='lat' dir='ltr'><strong>vero</strong></span> <span class='ocrx_word' id='word_1_812' title='bbox 2012 4471 2239 4544; x_wconf 75' lang='lat' dir='ltr'><strong>catalogi</strong></span> <span class='ocrx_word' id='word_1_813' title='bbox 2273 4473 2467 4526; x_wconf 84' lang='lat' dir='ltr'><strong>Liberii</strong></span> <span class='ocrx_word' id='word_1_814' title='bbox 2489 4472 2751 4526; x_wconf 80' lang='lat' dir='ltr'><strong>etFeliris</strong></span> <span class='ocrx_word' id='word_1_815' title='bbox 2780 4472 2842 4526; x_wconf 83' lang='lat' dir='ltr'><strong>IV</strong></span> <span class='ocrx_word' id='word_1_816' title='bbox 2864 4473 2929 4544; x_wconf 85' lang='lat' dir='ltr'><strong>ad</strong></span> <span class='ocrx_word' id='word_1_817' title='bbox 2957 4472 3204 4528; x_wconf 88' lang='lat' dir='ltr'><strong>consules</strong></span> <span class='ocrx_word' id='word_1_818' title='bbox 3226 4471 3436 4525; x_wconf 86' lang='lat' dir='ltr'><strong>Gallum</strong></span> 
     </span>
    </p>
   </div>
   <div class='ocr_carea' id='block_1_118' title="bbox 162 4540 3441 4613">
    <p class='ocr_par' dir='ltr' id='par_1_118' title="bbox 162 4540 3441 4613">
     <span class='ocr_line' id='line_1_121' title="bbox 162 4540 3441 4613; baseline -0 -17"><span class='ocrx_word' id='word_1_819' title='bbox 162 4543 458 4612; x_wconf 73' lang='lat' dir='ltr'><strong>prmsentia</strong></span> <span class='ocrx_word' id='word_1_820' title='bbox 491 4545 818 4613; x_wconf 63' lang='lat' dir='ltr'><strong>praestanda,</strong></span> <span class='ocrx_word' id='word_1_821' title='bbox 842 4540 924 4598; x_wconf 80' lang='lat' dir='ltr'><strong>ita</strong></span> <span class='ocrx_word' id='word_1_822' title='bbox 953 4551 1010 4595; x_wconf 86' lang='lat' dir='ltr'><strong>ut</strong></span> <span class='ocrx_word' id='word_1_823' title='bbox 1035 4540 1238 4597; x_wconf 87' lang='lat' dir='ltr'><strong>diutius</strong></span> <span class='ocrx_word' id='word_1_824' title='bbox 1263 4553 1542 4613; x_wconf 87' lang='lat' dir='ltr'><strong>arceretur</strong></span> <span class='ocrx_word' id='word_1_825' title='bbox 1564 4559 1592 4595; x_wconf 93' lang='lat' dir='ltr'><strong>a</strong></span> <span class='ocrx_word' id='word_1_826' title='bbox 1625 4557 1756 4596; x_wconf 89' lang='lat' dir='ltr'><strong>cura</strong></span> <span class='ocrx_word' id='word_1_827' title='bbox 1787 4547 1834 4606; x_wconf 85' lang='lat' dir='ltr'>D</span> <span class='ocrx_word' id='word_1_828' title='bbox 1861 4554 1915 4598; x_wconf 82' lang='lat' dir='ltr'><strong>et</strong></span> <span class='ocrx_word' id='word_1_829' title='bbox 1943 4540 2230 4608; x_wconf 75' lang='lat' dir='ltr'><strong>Braduani,</strong></span> <span class='ocrx_word' id='word_1_830' title='bbox 2258 4559 2350 4597; x_wconf 88' lang='lat' dir='ltr'><strong>seu</strong></span> <span class='ocrx_word' id='word_1_831' title='bbox 2394 4558 2592 4597; x_wconf 91' lang='lat' dir='ltr'><strong>annum</strong></span> <span class='ocrx_word' id='word_1_832' title='bbox 2623 4544 2821 4596; x_wconf 83' lang='lat' dir='ltr'><strong>Christi</strong></span> <span class='ocrx_word' id='word_1_833' title='bbox 2849 4543 2968 4598; x_wconf 86' lang='lat' dir='ltr'><strong>l08.</strong></span> <span class='ocrx_word' id='word_1_834' title='bbox 2995 4544 3282 4597; x_wconf 79' lang='lat' dir='ltr'><strong>Terminus</strong></span> <span class='ocrx_word' id='word_1_835' title='bbox 3312 4557 3441 4595; x_wconf 88' lang='lat' dir='ltr'><strong>con-</strong></span> 
     </span>
    </p>
   </div>
   <div class='ocr_carea' id='block_1_119' title="bbox 167 4612 1755 4684">
    <p class='ocr_par' dir='ltr' id='par_1_119' title="bbox 167 4612 1755 4684">
     <span class='ocr_line' id='line_1_122' title="bbox 167 4612 1755 4684; baseline -0.001 -16"><span class='ocrx_word' id='word_1_836' title='bbox 167 4613 374 4668; x_wconf 88' lang='lat' dir='ltr'><strong>Urbani</strong></span> <span class='ocrx_word' id='word_1_837' title='bbox 399 4612 738 4683; x_wconf 78' lang='lat' dir='ltr'><strong>epiScopatus</strong></span> <span class='ocrx_word' id='word_1_838' title='bbox 767 4631 854 4683; x_wconf 90' lang='lat' dir='ltr'><strong>pet</strong></span> <span class='ocrx_word' id='word_1_839' title='bbox 893 4615 1128 4684; x_wconf 87' lang='lat' dir='ltr'><strong>seipsum</strong></span> <span class='ocrx_word' id='word_1_840' title='bbox 1180 4613 1434 4684; x_wconf 79' lang='lat' dir='ltr'><strong>gerenda.</strong></span> <span class='ocrx_word' id='word_1_841' title='bbox 1469 4612 1524 4665; x_wconf 88' lang='lat' dir='ltr'><strong>Id</strong></span> <span class='ocrx_word' id='word_1_842' title='bbox 1551 4627 1678 4665; x_wconf 91' lang='lat' dir='ltr'><strong>vero</strong></span> <span class='ocrx_word' id='word_1_843' title='bbox 1705 4613 1755 4666; x_wconf 90' lang='lat' dir='ltr'><strong>itt</strong></span> 
     </span>
    </p>
   </div>
   <div class='ocr_carea' id='block_1_120' title="bbox 162 4683 1760 4754">
    <p class='ocr_par' dir='ltr' id='par_1_120' title="bbox 162 4683 1760 4754">
     <span class='ocr_line' id='line_1_123' title="bbox 162 4683 1760 4754; baseline -0.001 -16"><span class='ocrx_word' id='word_1_844' title='bbox 162 4684 640 4754; x_wconf 82' lang='lat' dir='ltr'><strong>persecutioniluts</strong></span> <span class='ocrx_word' id='word_1_845' title='bbox 672 4701 777 4738; x_wconf 92' lang='lat' dir='ltr'><strong>non</strong></span> <span class='ocrx_word' id='word_1_846' title='bbox 809 4685 974 4740; x_wconf 90' lang='lat' dir='ltr'><strong>semel</strong></span> <span class='ocrx_word' id='word_1_847' title='bbox 1017 4685 1283 4754; x_wconf 85' lang='lat' dir='ltr'><strong>contigit:</strong></span> <span class='ocrx_word' id='word_1_848' title='bbox 1323 4683 1438 4738; x_wconf 89' lang='lat' dir='ltr'><strong>sive</strong></span> <span class='ocrx_word' id='word_1_849' title='bbox 1475 4692 1760 4753; x_wconf 82' lang='lat' dir='ltr'><strong>cogeretur</strong></span> 
     </span>
    </p>
   </div>
   <div class='ocr_carea' id='block_1_121' title="bbox 165 4754 1760 4824">
    <p class='ocr_par' dir='ltr' id='par_1_121' title="bbox 165 4754 1760 4824">
     <span class='ocr_line' id='line_1_124' title="bbox 165 4754 1760 4824; baseline 0 -17"><span class='ocrx_word' id='word_1_850' title='bbox 165 4754 456 4822; x_wconf 84' lang='lat' dir='ltr'><strong>episcopus</strong></span> <span class='ocrx_word' id='word_1_851' title='bbox 499 4755 566 4807; x_wconf 90' lang='lat' dir='ltr'><strong>ab</strong></span> <span class='ocrx_word' id='word_1_852' title='bbox 619 4755 760 4810; x_wconf 90' lang='lat' dir='ltr'><strong>Urbe</strong></span> <span class='ocrx_word' id='word_1_853' title='bbox 814 4755 1102 4820; x_wconf 75' lang='lat' dir='ltr'><strong>exsulare,</strong></span> <span class='ocrx_word' id='word_1_854' title='bbox 1152 4754 1603 4824; x_wconf 85' lang='lat' dir='ltr'><strong>quemadmodum</strong></span> <span class='ocrx_word' id='word_1_855' title='bbox 1660 4754 1760 4807; x_wconf 90' lang='lat' dir='ltr'><strong>sub</strong></span> 
     </span>
    </p>
   </div>
   <div class='ocr_carea' id='block_1_122' title="bbox 165 4823 1758 4894">
    <p class='ocr_par' dir='ltr' id='par_1_122' title="bbox 165 4823 1758 4894">
     <span class='ocr_line' id='line_1_125' title="bbox 165 4823 1758 4894; baseline -0.001 -17"><span class='ocrx_word' id='word_1_856' title='bbox 165 4824 397 4894; x_wconf 82' lang='lat' dir='ltr'><strong>Claudio</strong></span> <span class='ocrx_word' id='word_1_857' title='bbox 422 4825 666 4894; x_wconf 86' lang='lat' dir='ltr'><strong>principe</strong></span> <span class='ocrx_word' id='word_1_858' title='bbox 696 4827 822 4879; x_wconf 88' lang='lat' dir='ltr'><strong>dum</strong></span> <span class='ocrx_word' id='word_1_859' title='bbox 863 4823 1193 4894; x_wconf 85' lang='lat' dir='ltr'><strong>pellerentur</strong></span> <span class='ocrx_word' id='word_1_860' title='bbox 1230 4823 1422 4889; x_wconf 74' lang='lat' dir='ltr'><strong>Judaei,</strong></span> <span class='ocrx_word' id='word_1_861' title='bbox 1456 4825 1758 4893; x_wconf 80' lang='lat' dir='ltr'><strong>remigran-</strong></span> 
     </span>
    </p>
   </div>
   <div class='ocr_carea' id='block_1_123' title="bbox 168 4893 1761 4959">
    <p class='ocr_par' dir='ltr' id='par_1_123' title="bbox 168 4893 1761 4959">
     <span class='ocr_line' id='line_1_126' title="bbox 168 4893 1761 4959; baseline 0.001 -12"><span class='ocrx_word' id='word_1_862' title='bbox 168 4895 300 4947; x_wconf 88' lang='lat' dir='ltr'><strong>dum</strong></span> <span class='ocrx_word' id='word_1_863' title='bbox 357 4893 455 4947; x_wconf 85' lang='lat' dir='ltr'><strong>fuit</strong></span> <span class='ocrx_word' id='word_1_864' title='bbox 484 4893 646 4949; x_wconf 88' lang='lat' dir='ltr'><strong>etiatn</strong></span> <span class='ocrx_word' id='word_1_865' title='bbox 703 4895 862 4950; x_wconf 87' lang='lat' dir='ltr'><strong>Petro</strong></span> <span class='ocrx_word' id='word_1_866' title='bbox 905 4897 956 4950; x_wconf 93' lang='lat' dir='ltr'><strong>in</strong></span> <span class='ocrx_word' id='word_1_867' title='bbox 1003 4896 1218 4959; x_wconf 82' lang='lat' dir='ltr'><strong>Asiam;</strong></span> <span class='ocrx_word' id='word_1_868' title='bbox 1273 4897 1386 4950; x_wconf 90' lang='lat' dir='ltr'><strong>sive</strong></span> <span class='ocrx_word' id='word_1_869' title='bbox 1435 4895 1761 4950; x_wconf 84' lang='lat' dir='ltr'><strong>arctioribus</strong></span> 
     </span>
    </p>
   </div>
   <div class='ocr_carea' id='block_1_124' title="bbox 167 4965 1762 5034">
    <p class='ocr_par' dir='ltr' id='par_1_124' title="bbox 167 4965 1762 5034">
     <span class='ocr_line' id='line_1_127' title="bbox 167 4965 1762 5034; baseline 0.003 -18"><span class='ocrx_word' id='word_1_870' title='bbox 167 4965 406 5018; x_wconf 87' lang='lat' dir='ltr'><strong>vincu&#39;is</strong></span> <span class='ocrx_word' id='word_1_871' title='bbox 433 4967 503 5018; x_wconf 88' lang='lat' dir='ltr'><strong>ita</strong></span> <span class='ocrx_word' id='word_1_872' title='bbox 531 4969 1012 5034; x_wconf 70' lang='lat' dir='ltr'><strong>constringeretur,</strong></span> <span class='ocrx_word' id='word_1_873' title='bbox 1041 4975 1098 5019; x_wconf 89' lang='lat' dir='ltr'><strong>ut</strong></span> <span class='ocrx_word' id='word_1_874' title='bbox 1123 4967 1311 5020; x_wconf 79' lang='lat' dir='ltr'><strong>adesse</strong></span> <span class='ocrx_word' id='word_1_875' title='bbox 1337 4967 1554 5020; x_wconf 90' lang='lat' dir='ltr'><strong>minime</strong></span> <span class='ocrx_word' id='word_1_876' title='bbox 1579 4974 1762 5034; x_wconf 88' lang='lat' dir='ltr'><strong>posset</strong></span> 
     </span>
    </p>
   </div>
   <div class='ocr_carea' id='block_1_125' title="bbox 169 5036 1756 5100">
    <p class='ocr_par' dir='ltr' id='par_1_125' title="bbox 169 5036 1756 5100">
     <span class='ocr_line' id='line_1_128' title="bbox 169 5036 1756 5100; baseline 0 -10"><span class='ocrx_word' id='word_1_877' title='bbox 169 5036 411 5090; x_wconf 86' lang='lat' dir='ltr'><strong>maximo</strong></span> <span class='ocrx_word' id='word_1_878' title='bbox 456 5037 508 5089; x_wconf 89' lang='lat' dir='ltr'><strong>itt</strong></span> <span class='ocrx_word' id='word_1_879' title='bbox 559 5038 872 5090; x_wconf 86' lang='lat' dir='ltr'><strong>discrimine</strong></span> <span class='ocrx_word' id='word_1_880' title='bbox 918 5036 1162 5090; x_wconf 87' lang='lat' dir='ltr'><strong>fidelibus</strong></span> <span class='ocrx_word' id='word_1_881' title='bbox 1209 5037 1613 5100; x_wconf 86' lang='lat' dir='ltr'><strong>confirmandis,</strong></span> <span class='ocrx_word' id='word_1_882' title='bbox 1665 5045 1756 5090; x_wconf 89' lang='lat' dir='ltr'><strong>aut</strong></span> 
     </span>
    </p>
   </div>
   <div class='ocr_carea' id='block_1_126' title="bbox 103 5105 1757 5176">
    <p class='ocr_par' dir='ltr' id='par_1_126' title="bbox 103 5105 1757 5176">
     <span class='ocr_line' id='line_1_129' title="bbox 103 5105 1757 5176; baseline -0.001 -16"><span class='ocrx_word' id='word_1_883' title='bbox 103 5173 110 5176; x_wconf 97' lang='lat'><em>_</em></span> <span class='ocrx_word' id='word_1_884' title='bbox 171 5105 549 5160; x_wconf 83' lang='lat' dir='ltr'><strong>ministrorum</strong></span> <span class='ocrx_word' id='word_1_885' title='bbox 593 5123 868 5161; x_wconf 88' lang='lat' dir='ltr'><strong>sacrorum</strong></span> <span class='ocrx_word' id='word_1_886' title='bbox 919 5106 1167 5174; x_wconf 84' lang='lat' dir='ltr'><strong>supplere</strong></span> <span class='ocrx_word' id='word_1_887' title='bbox 1219 5122 1542 5170; x_wconf 90' lang='lat' dir='ltr'><strong>numerum,</strong></span> <span class='ocrx_word' id='word_1_888' title='bbox 1597 5105 1757 5174; x_wconf 87' lang='lat' dir='ltr'><strong>quem</strong></span> 
     </span>
    </p>
   </div>
   <div class='ocr_carea' id='block_1_127' title="bbox 171 5177 1780 5245">
    <p class='ocr_par' dir='ltr' id='par_1_127' title="bbox 171 5177 1780 5245">
     <span class='ocr_line' id='line_1_130' title="bbox 171 5177 1780 5245; baseline 0.001 -17"><span class='ocrx_word' id='word_1_889' title='bbox 171 5177 421 5244; x_wconf 87' lang='lat' dir='ltr'><strong>pluribus</strong></span> <span class='ocrx_word' id='word_1_890' title='bbox 448 5178 591 5230; x_wconf 69' lang='lat' dir='ltr'><strong>rredi&#39;</strong></span> <span class='ocrx_word' id='word_1_891' title='bbox 620 5195 681 5230; x_wconf 88' lang='lat' dir='ltr'><strong>us</strong></span> <span class='ocrx_word' id='word_1_892' title='bbox 705 5178 1063 5230; x_wconf 80' lang='lat' dir='ltr'><strong>imminuisset</strong></span> <span class='ocrx_word' id='word_1_893' title='bbox 1090 5186 1492 5245; x_wconf 80' lang='lat' dir='ltr'><strong>persecuturum</strong></span> <span class='ocrx_word' id='word_1_894' title='bbox 1533 5177 1780 5229; x_wconf 63' lang='lat' dir='ltr'><strong>Stevitia:</strong></span> 
     </span>
    </p>
   </div>
   <div class='ocr_carea' id='block_1_128' title="bbox 173 5245 1757 5316">
    <p class='ocr_par' dir='ltr' id='par_1_128' title="bbox 173 5245 1757 5316">
     <span class='ocr_line' id='line_1_131' title="bbox 173 5245 1757 5316; baseline -0.002 -14"><span class='ocrx_word' id='word_1_895' title='bbox 173 5247 235 5302; x_wconf 88' lang='lat' dir='ltr'><strong>ltt</strong></span> <span class='ocrx_word' id='word_1_896' title='bbox 270 5246 507 5301; x_wconf 83' lang='lat' dir='ltr'><strong>Romana</strong></span> <span class='ocrx_word' id='word_1_897' title='bbox 541 5264 666 5301; x_wconf 78' lang='lat' dir='ltr'><strong>vero</strong></span> <span class='ocrx_word' id='word_1_898' title='bbox 707 5249 856 5311; x_wconf 87' lang='lat' dir='ltr'><strong>sede,</strong></span> <span class='ocrx_word' id='word_1_899' title='bbox 895 5245 1137 5305; x_wconf 79' lang='lat' dir='ltr'><strong>universi</strong></span> <span class='ocrx_word' id='word_1_900' title='bbox 1164 5247 1424 5300; x_wconf 86' lang='lat' dir='ltr'><strong>Dotninici</strong></span> <span class='ocrx_word' id='word_1_901' title='bbox 1466 5248 1643 5316; x_wconf 75' lang='lat' dir='ltr'><strong>gregis</strong></span> <span class='ocrx_word' id='word_1_902' title='bbox 1668 5264 1757 5299; x_wconf 90' lang='lat' dir='ltr'><strong>cu-</strong></span> 
     </span>
    </p>
   </div>
   <div class='ocr_carea' id='block_1_129' title="bbox 174 5316 1761 5387">
    <p class='ocr_par' dir='ltr' id='par_1_129' title="bbox 174 5316 1761 5387">
     <span class='ocr_line' id='line_1_132' title="bbox 174 5316 1761 5387; baseline -0.001 -15"><span class='ocrx_word' id='word_1_903' title='bbox 174 5333 295 5372; x_wconf 85' lang='lat' dir='ltr'><strong>ram</strong></span> <span class='ocrx_word' id='word_1_904' title='bbox 329 5318 630 5387; x_wconf 83' lang='lat' dir='ltr'><strong>complexa,</strong></span> <span class='ocrx_word' id='word_1_905' title='bbox 671 5319 716 5372; x_wconf 91' lang='lat' dir='ltr'><strong>si</strong></span> <span class='ocrx_word' id='word_1_906' title='bbox 757 5318 1031 5387; x_wconf 85' lang='lat' dir='ltr'><strong>apostolici</strong></span> <span class='ocrx_word' id='word_1_907' title='bbox 1072 5319 1313 5372; x_wconf 89' lang='lat' dir='ltr'><strong>muneris</strong></span> <span class='ocrx_word' id='word_1_908' title='bbox 1343 5317 1573 5371; x_wconf 88' lang='lat' dir='ltr'><strong>ollictum</strong></span> <span class='ocrx_word' id='word_1_909' title='bbox 1605 5316 1761 5385; x_wconf 87' lang='lat' dir='ltr'><strong>ltujus</strong></span> 
     </span>
    </p>
   </div>
   <div class='ocr_carea' id='block_1_130' title="bbox 173 5388 1760 5457">
    <p class='ocr_par' dir='ltr' id='par_1_130' title="bbox 173 5388 1760 5457">
     <span class='ocr_line' id='line_1_133' title="bbox 173 5388 1760 5457; baseline 0.001 -17"><span class='ocrx_word' id='word_1_910' title='bbox 173 5397 452 5457; x_wconf 88' lang='lat' dir='ltr'><strong>pastorem</strong></span> <span class='ocrx_word' id='word_1_911' title='bbox 480 5389 586 5443; x_wconf 90' lang='lat' dir='ltr'><strong>alio</strong></span> <span class='ocrx_word' id='word_1_912' title='bbox 625 5397 874 5442; x_wconf 88' lang='lat' dir='ltr'><strong>avocaret</strong></span> <span class='ocrx_word' id='word_1_913' title='bbox 911 5390 976 5443; x_wconf 88' lang='lat' dir='ltr'><strong>ad</strong></span> <span class='ocrx_word' id='word_1_914' title='bbox 1009 5389 1250 5456; x_wconf 86' lang='lat' dir='ltr'><strong>corporis</strong></span> <span class='ocrx_word' id='word_1_915' title='bbox 1291 5388 1453 5441; x_wconf 92' lang='lat' dir='ltr'><strong>totius</strong></span> <span class='ocrx_word' id='word_1_916' title='bbox 1501 5388 1760 5441; x_wconf 80' lang='lat' dir='ltr'><strong>unitatem</strong></span> 
     </span>
    </p>
   </div>
   <div class='ocr_carea' id='block_1_131' title="bbox 176 5459 1766 5523">
    <p class='ocr_par' dir='ltr' id='par_1_131' title="bbox 176 5459 1766 5523">
     <span class='ocr_line' id='line_1_134' title="bbox 176 5459 1766 5523; baseline 0 -12"><span class='ocrx_word' id='word_1_917' title='bbox 176 5459 454 5523; x_wconf 85' lang='lat' dir='ltr'><strong>tuendam,</strong></span> <span class='ocrx_word' id='word_1_918' title='bbox 489 5469 581 5512; x_wconf 91' lang='lat' dir='ltr'><strong>ant</strong></span> <span class='ocrx_word' id='word_1_919' title='bbox 610 5460 1034 5514; x_wconf 90' lang='lat' dir='ltr'><strong>connectendunt</strong></span> <span class='ocrx_word' id='word_1_920' title='bbox 1075 5459 1317 5511; x_wconf 73' lang='lat' dir='ltr'><strong>ordinem</strong></span> <span class='ocrx_word' id='word_1_921' title='bbox 1345 5475 1464 5511; x_wconf 91' lang='lat' dir='ltr'><strong>cum</strong></span> <span class='ocrx_word' id='word_1_922' title='bbox 1498 5460 1649 5512; x_wconf 87' lang='lat' dir='ltr'><strong>novis</strong></span> <span class='ocrx_word' id='word_1_923' title='bbox 1681 5475 1766 5511; x_wconf 88' lang='lat' dir='ltr'><strong>rc-</strong></span> 
     </span>
    </p>
   </div>
   <div class='ocr_carea' id='block_1_132' title="bbox 176 5527 1765 5597">
    <p class='ocr_par' dir='ltr' id='par_1_132' title="bbox 176 5527 1765 5597">
     <span class='ocr_line' id='line_1_135' title="bbox 176 5527 1765 5597; baseline 0.002 -18"><span class='ocrx_word' id='word_1_924' title='bbox 176 5527 431 5597; x_wconf 81' lang='lat' dir='ltr'><strong>gionibus</strong></span> <span class='ocrx_word' id='word_1_925' title='bbox 488 5530 592 5584; x_wconf 89' lang='lat' dir='ltr'><strong>fide</strong></span> <span class='ocrx_word' id='word_1_926' title='bbox 652 5529 952 5592; x_wconf 87' lang='lat' dir='ltr'><strong>illustratis,</strong></span> <span class='ocrx_word' id='word_1_927' title='bbox 1017 5529 1130 5582; x_wconf 85' lang='lat' dir='ltr'><strong>sive</strong></span> <span class='ocrx_word' id='word_1_928' title='bbox 1187 5529 1555 5591; x_wconf 82' lang='lat' dir='ltr'><strong>illustrandis,</strong></span> <span class='ocrx_word' id='word_1_929' title='bbox 1626 5531 1765 5582; x_wconf 88' lang='lat' dir='ltr'><strong>hanc</strong></span> 
     </span>
    </p>
   </div>
   <div class='ocr_carea' id='block_1_133' title="bbox 178 5600 1765 5669">
    <p class='ocr_par' dir='ltr' id='par_1_133' title="bbox 178 5600 1765 5669">
     <span class='ocr_line' id='line_1_136' title="bbox 178 5600 1765 5669; baseline -0.001 -16"><span class='ocrx_word' id='word_1_930' title='bbox 178 5601 348 5653; x_wconf 89' lang='lat' dir='ltr'><strong>etiant</strong></span> <span class='ocrx_word' id='word_1_931' title='bbox 403 5615 620 5654; x_wconf 88' lang='lat' dir='ltr'><strong>causam</strong></span> <span class='ocrx_word' id='word_1_932' title='bbox 664 5601 994 5669; x_wconf 83' lang='lat' dir='ltr'><strong>Epiphanius</strong></span> <span class='ocrx_word' id='word_1_933' title='bbox 1034 5601 1185 5652; x_wconf 68' lang='lat' dir='ltr'><strong>dixit</strong></span> <span class='ocrx_word' id='word_1_934' title='bbox 1228 5602 1474 5653; x_wconf 65' lang='lat' dir='ltr'><strong>idoneam</strong></span> <span class='ocrx_word' id='word_1_935' title='bbox 1517 5601 1582 5652; x_wconf 85' lang='lat' dir='ltr'><strong>ad</strong></span> <span class='ocrx_word' id='word_1_936' title='bbox 1622 5600 1765 5652; x_wconf 81' lang='lat' dir='ltr'><strong>vica-</strong></span> 
     </span>
    </p>
   </div>
   <div class='ocr_carea' id='block_1_134' title="bbox 181 5669 1763 5740">
    <p class='ocr_par' dir='ltr' id='par_1_134' title="bbox 181 5669 1763 5740">
     <span class='ocr_line' id='line_1_137' title="bbox 181 5669 1763 5740; baseline -0.001 -16"><span class='ocrx_word' id='word_1_937' title='bbox 181 5669 324 5724; x_wconf 86' lang='lat' dir='ltr'><strong>rium</strong></span> <span class='ocrx_word' id='word_1_938' title='bbox 346 5672 653 5740; x_wconf 84' lang='lat' dir='ltr'><strong>cpiscOputn</strong></span> <span class='ocrx_word' id='word_1_939' title='bbox 687 5671 927 5724; x_wconf 82' lang='lat' dir='ltr'><strong>Romano</strong></span> <span class='ocrx_word' id='word_1_940' title='bbox 959 5670 1318 5734; x_wconf 77' lang='lat' dir='ltr'><strong>tribuendum,</strong></span> <span class='ocrx_word' id='word_1_941' title='bbox 1345 5670 1588 5738; x_wconf 68' lang='grc' dir='ltr'>(ιχιιιιψιο</span> <span class='ocrx_word' id='word_1_942' title='bbox 1621 5669 1763 5722; x_wconf 75' lang='lat' dir='ltr'><strong>Petri</strong></span> 
     </span>
    </p>
   </div>
   <div class='ocr_carea' id='block_1_135' title="bbox 182 5740 1764 5810">
    <p class='ocr_par' dir='ltr' id='par_1_135' title="bbox 182 5740 1764 5810">
     <span class='ocr_line' id='line_1_138' title="bbox 182 5740 1764 5810; baseline -0.001 -18"><span class='ocrx_word' id='word_1_943' title='bbox 182 5740 488 5794; x_wconf 83' lang='lat' dir='ltr'><strong>fundatoris</strong></span> <span class='ocrx_word' id='word_1_944' title='bbox 520 5760 532 5792; x_wconf 92' lang='lat'><strong>:</strong></span> <span class='ocrx_word' id='word_1_945' title='bbox 566 5741 657 5810; x_wconf 90' lang='lat' dir='ltr'><strong>qui</strong></span> <span class='ocrx_word' id='word_1_946' title='bbox 697 5741 888 5794; x_wconf 85' lang='lat' dir='ltr'><strong>Linum</strong></span> <span class='ocrx_word' id='word_1_947' title='bbox 923 5751 972 5796; x_wconf 83' lang='lat' dir='ltr'><strong>et</strong></span> <span class='ocrx_word' id='word_1_948' title='bbox 1028 5742 1237 5795; x_wconf 84' lang='lat' dir='ltr'><strong>Cletnm</strong></span> <span class='ocrx_word' id='word_1_949' title='bbox 1293 5741 1564 5803; x_wconf 44' lang='lat' dir='ltr'><strong>adjutores</strong></span> <span class='ocrx_word' id='word_1_950' title='bbox 1613 5741 1764 5793; x_wconf 80' lang='lat' dir='ltr'><strong>mliti-</strong></span> 
     </span>
    </p>
   </div>
   <div class='ocr_carea' id='block_1_136' title="bbox 175 5811 1764 5881">
    <p class='ocr_par' dir='ltr' id='par_1_136' title="bbox 175 5811 1764 5881">
     <span class='ocr_line' id='line_1_139' title="bbox 175 5811 1764 5881; baseline -0.004 -12"><span class='ocrx_word' id='word_1_951' title='bbox 175 5811 296 5869; x_wconf 72' lang='lat' dir='ltr'><strong>ltuit</strong></span> <span class='ocrx_word' id='word_1_952' title='bbox 337 5825 433 5880; x_wconf 80' lang='lat' dir='ltr'><strong>per</strong></span> <span class='ocrx_word' id='word_1_953' title='bbox 451 5812 532 5866; x_wconf 90' lang='lat' dir='ltr'><strong>sui</strong></span> <span class='ocrx_word' id='word_1_954' title='bbox 565 5813 865 5867; x_wconf 78' lang='lat' dir='ltr'><strong>absentiam</strong></span> <span class='ocrx_word' id='word_1_955' title='bbox 889 5813 956 5867; x_wconf 79' lang='lat' dir='ltr'><strong>ab</strong></span> <span class='ocrx_word' id='word_1_956' title='bbox 993 5811 1152 5875; x_wconf 62' lang='lat' dir='ltr'><strong>Ut&#39;lJC,</strong></span> <span class='ocrx_word' id='word_1_957' title='bbox 1187 5812 1399 5881; x_wconf 70' lang='lat' dir='ltr'><strong>quando</strong></span> <span class='ocrx_word' id='word_1_958' title='bbox 1439 5813 1764 5866; x_wconf 61' lang='lat' dir='ltr'><strong>{avocabatur</strong></span> 
     </span>
    </p>
   </div>
   <div class='ocr_carea' id='block_1_137' title="bbox 1863 4614 3442 4680">
    <p class='ocr_par' dir='ltr' id='par_1_137' title="bbox 1863 4614 3442 4680">
     <span class='ocr_line' id='line_1_140' title="bbox 1863 4614 3442 4680; baseline -0.003 -12"><span class='ocrx_word' id='word_1_959' title='bbox 1863 4615 2109 4668; x_wconf 87' lang='lat' dir='ltr'><strong>firmatur</strong></span> <span class='ocrx_word' id='word_1_960' title='bbox 2159 4630 2223 4667; x_wconf 84' lang='lat' dir='ltr'><strong>ex</strong></span> <span class='ocrx_word' id='word_1_961' title='bbox 2283 4615 2434 4667; x_wconf 90' lang='lat' dir='ltr'><strong>initio</strong></span> <span class='ocrx_word' id='word_1_962' title='bbox 2478 4614 2769 4668; x_wconf 73' lang='lat' dir='ltr'><strong>Alexandri</strong></span> <span class='ocrx_word' id='word_1_963' title='bbox 2821 4615 3183 4676; x_wconf 89' lang='lat' dir='ltr'><strong>successoris,</strong></span> <span class='ocrx_word' id='word_1_964' title='bbox 3232 4615 3442 4680; x_wconf 76' lang='lat' dir='ltr'><strong>signato</strong></span> 
     </span>
    </p>
   </div>
   <div class='ocr_carea' id='block_1_138' title="bbox 1862 4683 3444 4754">
    <p class='ocr_par' dir='ltr' id='par_1_138' title="bbox 1862 4683 3444 4754">
     <span class='ocr_line' id='line_1_141' title="bbox 1862 4683 3444 4754; baseline -0.003 -14"><span class='ocrx_word' id='word_1_965' title='bbox 1862 4701 2002 4740; x_wconf 81' lang='lat' dir='ltr'><strong>coss.</strong></span> <span class='ocrx_word' id='word_1_966' title='bbox 2041 4684 2194 4737; x_wconf 85' lang='lat' dir='ltr'><strong>Tullo</strong></span> <span class='ocrx_word' id='word_1_967' title='bbox 2219 4693 2268 4738; x_wconf 90' lang='lat' dir='ltr'><strong>ct</strong></span> <span class='ocrx_word' id='word_1_968' title='bbox 2301 4685 2506 4749; x_wconf 83' lang='lat' dir='ltr'><strong>Palma,</strong></span> <span class='ocrx_word' id='word_1_969' title='bbox 2544 4685 2935 4754; x_wconf 85' lang='lat' dir='ltr'><strong>pertinentibus</strong></span> <span class='ocrx_word' id='word_1_970' title='bbox 2964 4686 3029 4737; x_wconf 88' lang='lat' dir='ltr'><strong>ad</strong></span> <span class='ocrx_word' id='word_1_971' title='bbox 3059 4700 3257 4736; x_wconf 88' lang='lat' dir='ltr'><strong>annum</strong></span> <span class='ocrx_word' id='word_1_972' title='bbox 3289 4683 3444 4735; x_wconf 86' lang='lat' dir='ltr'><strong>Chri-</strong></span> 
     </span>
    </p>
   </div>
   <div class='ocr_carea' id='block_1_139' title="bbox 1864 4753 3440 4824">
    <p class='ocr_par' dir='ltr' id='par_1_139' title="bbox 1864 4753 3440 4824">
     <span class='ocr_line' id='line_1_142' title="bbox 1864 4753 3440 4824; baseline -0.002 -14"><span class='ocrx_word' id='word_1_973' title='bbox 1864 4756 1932 4810; x_wconf 93' lang='lat' dir='ltr'><strong>sti</strong></span> <span class='ocrx_word' id='word_1_974' title='bbox 1963 4755 2276 4809; x_wconf 71' lang='lat' dir='ltr'><strong>109.1idem</strong></span> <span class='ocrx_word' id='word_1_975' title='bbox 2307 4755 2557 4824; x_wconf 85' lang='lat' dir='ltr'><strong>catalogi,</strong></span> <span class='ocrx_word' id='word_1_976' title='bbox 2609 4755 2834 4823; x_wconf 72' lang='lat' dir='ltr'><strong>pictura:</strong></span> <span class='ocrx_word' id='word_1_977' title='bbox 2869 4754 2925 4807; x_wconf 88' lang='lat' dir='ltr'><strong>S.</strong></span> <span class='ocrx_word' id='word_1_978' title='bbox 2952 4753 3121 4817; x_wconf 82' lang='lat' dir='ltr'><strong>l’auli,</strong></span> <span class='ocrx_word' id='word_1_979' title='bbox 3156 4762 3208 4824; x_wconf 80' lang='lat' dir='ltr'><strong>ct</strong></span> <span class='ocrx_word' id='word_1_980' title='bbox 3241 4761 3440 4807; x_wconf 70' lang='lat' dir='ltr'><strong>czetera</strong></span> 
     </span>
    </p>
   </div>
   <div class='ocr_carea' id='block_1_140' title="bbox 1863 4822 3440 4893">
    <p class='ocr_par' dir='ltr' id='par_1_140' title="bbox 1863 4822 3440 4893">
     <span class='ocr_line' id='line_1_143' title="bbox 1863 4822 3440 4893; baseline -0.004 -13"><span class='ocrx_word' id='word_1_981' title='bbox 1863 4827 2184 4880; x_wconf 86' lang='lat' dir='ltr'><strong>documenta</strong></span> <span class='ocrx_word' id='word_1_982' title='bbox 2233 4826 2458 4880; x_wconf 83' lang='lat' dir='ltr'><strong>collecta</strong></span> <span class='ocrx_word' id='word_1_983' title='bbox 2490 4822 2567 4878; x_wconf 47' lang='lat' dir='ltr'><strong>_in</strong></span> <span class='ocrx_word' id='word_1_984' title='bbox 2610 4822 3026 4893; x_wconf 26' lang='lat' dir='ltr'><strong>’Prolegomcnis</strong></span> <span class='ocrx_word' id='word_1_985' title='bbox 3080 4822 3235 4889; x_wconf 85' lang='lat' dir='ltr'><strong>hujus</strong></span> <span class='ocrx_word' id='word_1_986' title='bbox 3269 4824 3398 4877; x_wconf 91' lang='lat' dir='ltr'><strong>tomi</strong></span> <span class='ocrx_word' id='word_1_987' title='bbox 3427 4863 3440 4884; x_wconf 92' lang='lat'><strong>,</strong></span> 
     </span>
    </p>
   </div>
   <div class='ocr_carea' id='block_1_141' title="bbox 1863 4895 3442 4963">
    <p class='ocr_par' dir='ltr' id='par_1_141' title="bbox 1863 4895 3442 4963">
     <span class='ocr_line' id='line_1_144' title="bbox 1863 4895 3442 4963; baseline -0.002 -14"><span class='ocrx_word' id='word_1_988' title='bbox 1863 4895 1954 4950; x_wconf 92' lang='lat' dir='ltr'><strong>fol.</strong></span> <span class='ocrx_word' id='word_1_989' title='bbox 1977 4896 2066 4957; x_wconf 85' lang='lat'><strong>89,</strong></span> <span class='ocrx_word' id='word_1_990' title='bbox 2100 4896 2399 4949; x_wconf 89' lang='lat' dir='ltr'><strong>attribuunt</strong></span> <span class='ocrx_word' id='word_1_991' title='bbox 2435 4896 2682 4948; x_wconf 80' lang='lat' dir='ltr'><strong>Evaristo</strong></span> <span class='ocrx_word' id='word_1_992' title='bbox 2730 4896 2871 4948; x_wconf 89' lang='lat' dir='ltr'><strong>sedis</strong></span> <span class='ocrx_word' id='word_1_993' title='bbox 2903 4895 3224 4963; x_wconf 81' lang='lat' dir='ltr'><strong>episcOpalis</strong></span> <span class='ocrx_word' id='word_1_994' title='bbox 3275 4909 3442 4946; x_wconf 87' lang='lat' dir='ltr'><strong>annos</strong></span> 
     </span>
    </p>
   </div>
   <div class='ocr_carea' id='block_1_142' title="bbox 1867 4965 3442 5035">
    <p class='ocr_par' dir='ltr' id='par_1_142' title="bbox 1867 4965 3442 5035">
     <span class='ocr_line' id='line_1_145' title="bbox 1867 4965 3442 5035; baseline -0.003 -15"><span class='ocrx_word' id='word_1_995' title='bbox 1867 4966 2144 5028; x_wconf 83' lang='lat' dir='ltr'><strong>tredecim,</strong></span> <span class='ocrx_word' id='word_1_996' title='bbox 2175 4981 2388 5020; x_wconf 87' lang='lat' dir='ltr'><strong>menses</strong></span> <span class='ocrx_word' id='word_1_997' title='bbox 2414 4975 2642 5035; x_wconf 88' lang='lat' dir='ltr'><strong>septem,</strong></span> <span class='ocrx_word' id='word_1_998' title='bbox 2686 4965 2805 5019; x_wconf 84' lang='lat' dir='ltr'><strong>dies</strong></span> <span class='ocrx_word' id='word_1_999' title='bbox 2835 4966 2987 5019; x_wconf 87' lang='lat' dir='ltr'><strong>duos.</strong></span> <span class='ocrx_word' id='word_1_1000' title='bbox 3023 4965 3221 5018; x_wconf 86' lang='lat' dir='ltr'><strong>Incidet</strong></span> <span class='ocrx_word' id='word_1_1001' title='bbox 3263 4965 3442 5035; x_wconf 81' lang='lat' dir='ltr'><strong>itaque</strong></span> 
     </span>
    </p>
   </div>
   <div class='ocr_carea' id='block_1_143' title="bbox 1866 5033 3444 5098">
    <p class='ocr_par' dir='ltr' id='par_1_143' title="bbox 1866 5033 3444 5098">
     <span class='ocr_line' id='line_1_146' title="bbox 1866 5033 3444 5098; baseline -0.003 -6"><span class='ocrx_word' id='word_1_1002' title='bbox 1866 5037 2143 5092; x_wconf 80' lang='lat' dir='ltr'><strong>exordium</strong></span> <span class='ocrx_word' id='word_1_1003' title='bbox 2171 5037 2397 5090; x_wconf 79' lang='lat' dir='ltr'><strong>Evariin</strong></span> <span class='ocrx_word' id='word_1_1004' title='bbox 2433 5033 2485 5089; x_wconf 83' lang='lat' dir='ltr'><strong>in</strong></span> <span class='ocrx_word' id='word_1_1005' title='bbox 2514 5052 2712 5089; x_wconf 88' lang='lat' dir='ltr'><strong>annum</strong></span> <span class='ocrx_word' id='word_1_1006' title='bbox 2745 5036 2944 5089; x_wconf 86' lang='lat' dir='ltr'><strong>Christi</strong></span> <span class='ocrx_word' id='word_1_1007' title='bbox 2980 5035 3066 5098; x_wconf 72' lang='lat'><strong>93,</strong></span> <span class='ocrx_word' id='word_1_1008' title='bbox 3100 5044 3153 5087; x_wconf 79' lang='lat' dir='ltr'><strong>et</strong></span> <span class='ocrx_word' id='word_1_1009' title='bbox 3189 5035 3240 5088; x_wconf 93' lang='lat' dir='ltr'><strong>in</strong></span> <span class='ocrx_word' id='word_1_1010' title='bbox 3268 5033 3444 5088; x_wconf 85' lang='lat' dir='ltr'><strong>Martii</strong></span> 
     </span>
    </p>
   </div>
   <div class='ocr_carea' id='block_1_144' title="bbox 1868 5103 3442 5174">
    <p class='ocr_par' dir='ltr' id='par_1_144' title="bbox 1868 5103 3442 5174">
     <span class='ocr_line' id='line_1_147' title="bbox 1868 5103 3442 5174; baseline -0.003 -13"><span class='ocrx_word' id='word_1_1011' title='bbox 1868 5110 2006 5162; x_wconf 88' lang='lat' dir='ltr'><strong>diem</strong></span> <span class='ocrx_word' id='word_1_1012' title='bbox 2031 5107 2100 5160; x_wconf 75' lang='lat'><strong>9.5</strong></span> <span class='ocrx_word' id='word_1_1013' title='bbox 2120 5107 2384 5174; x_wconf 81' lang='lat' dir='ltr'><strong>signatam</strong></span> <span class='ocrx_word' id='word_1_1014' title='bbox 2415 5116 2469 5160; x_wconf 85' lang='lat' dir='ltr'><strong>et</strong></span> <span class='ocrx_word' id='word_1_1015' title='bbox 2515 5116 2784 5160; x_wconf 84' lang='lat' dir='ltr'><strong>Sacratam</strong></span> <span class='ocrx_word' id='word_1_1016' title='bbox 2815 5107 2979 5159; x_wconf 86' lang='lat' dir='ltr'><strong>etiam</strong></span> <span class='ocrx_word' id='word_1_1017' title='bbox 3015 5105 3313 5174; x_wconf 88' lang='lat' dir='ltr'><strong>antiquitus</strong></span> <span class='ocrx_word' id='word_1_1018' title='bbox 3348 5103 3442 5156; x_wconf 84' lang='lat' dir='ltr'><strong>Iu-</strong></span> 
     </span>
    </p>
   </div>
   <div class='ocr_carea' id='block_1_145' title="bbox 1867 5176 3445 5243">
    <p class='ocr_par' dir='ltr' id='par_1_145' title="bbox 1867 5176 3445 5243">
     <span class='ocr_line' id='line_1_148' title="bbox 1867 5176 3445 5243; baseline -0.006 -12"><span class='ocrx_word' id='word_1_1019' title='bbox 1867 5180 2170 5231; x_wconf 75' lang='lat' dir='ltr'><strong>cat&#39;ttrttionc</strong></span> <span class='ocrx_word' id='word_1_1020' title='bbox 2207 5187 2252 5228; x_wconf 79' lang='lat' dir='ltr'><strong>et</strong></span> <span class='ocrx_word' id='word_1_1021' title='bbox 2286 5176 2532 5230; x_wconf 81' lang='lat' dir='ltr'><strong>Passione</strong></span> <span class='ocrx_word' id='word_1_1022' title='bbox 2571 5176 2802 5237; x_wconf 74' lang='lat' dir='ltr'><strong>Domini,</strong></span> <span class='ocrx_word' id='word_1_1023' title='bbox 2840 5177 3286 5243; x_wconf 85' lang='lat' dir='ltr'><strong>quemadmodtuu</strong></span> <span class='ocrx_word' id='word_1_1024' title='bbox 3323 5189 3445 5241; x_wconf 63' lang='lat' dir='ltr'><strong>spr-</strong></span> 
     </span>
    </p>
   </div>
   <div class='ocr_carea' id='block_1_146' title="bbox 1869 5246 3442 5314">
    <p class='ocr_par' dir='ltr' id='par_1_146' title="bbox 1869 5246 3442 5314">
     <span class='ocr_line' id='line_1_149' title="bbox 1869 5246 3442 5314; baseline -0.004 -12"><span class='ocrx_word' id='word_1_1025' title='bbox 1869 5257 2048 5302; x_wconf 84' lang='lat' dir='ltr'><strong>ctatnr</strong></span> <span class='ocrx_word' id='word_1_1026' title='bbox 2092 5249 2258 5301; x_wconf 88' lang='lat' dir='ltr'><strong>incisa</strong></span> <span class='ocrx_word' id='word_1_1027' title='bbox 2311 5248 2363 5300; x_wconf 88' lang='lat' dir='ltr'><strong>itt</strong></span> <span class='ocrx_word' id='word_1_1028' title='bbox 2419 5263 2719 5299; x_wconf 81' lang='lat' dir='ltr'><strong>marmorea</strong></span> <span class='ocrx_word' id='word_1_1029' title='bbox 2763 5249 3019 5300; x_wconf 85' lang='lat' dir='ltr'><strong>cathedra</strong></span> <span class='ocrx_word' id='word_1_1030' title='bbox 3066 5246 3122 5299; x_wconf 86' lang='lat' dir='ltr'><strong>S.</strong></span> <span class='ocrx_word' id='word_1_1031' title='bbox 3177 5246 3442 5314; x_wconf 70' lang='lat' dir='ltr'><strong>Hippolyti</strong></span> 
     </span>
    </p>
   </div>
   <div class='ocr_carea' id='block_1_147' title="bbox 1869 5316 3438 5387">
    <p class='ocr_par' dir='ltr' id='par_1_147' title="bbox 1869 5316 3438 5387">
     <span class='ocr_line' id='line_1_150' title="bbox 1869 5316 3438 5387; baseline -0.003 -15"><span class='ocrx_word' id='word_1_1032' title='bbox 1869 5319 2106 5386; x_wconf 80' lang='lat' dir='ltr'><strong>episcopi</strong></span> <span class='ocrx_word' id='word_1_1033' title='bbox 2143 5328 2194 5372; x_wconf 88' lang='lat' dir='ltr'><strong>et</strong></span> <span class='ocrx_word' id='word_1_1034' title='bbox 2251 5319 2503 5387; x_wconf 85' lang='lat' dir='ltr'><strong>martyris</strong></span> <span class='ocrx_word' id='word_1_1035' title='bbox 2542 5335 2682 5370; x_wconf 86' lang='lat' dir='ltr'><strong>anno</strong></span> <span class='ocrx_word' id='word_1_1036' title='bbox 2714 5319 2886 5384; x_wconf 86' lang='lat' dir='ltr'><strong>primo</strong></span> <span class='ocrx_word' id='word_1_1037' title='bbox 2917 5317 3100 5370; x_wconf 83' lang='lat' dir='ltr'><strong>Severi</strong></span> <span class='ocrx_word' id='word_1_1038' title='bbox 3121 5316 3438 5387; x_wconf 70' lang='lat' dir='ltr'><strong>Alexandri,</strong></span> 
     </span>
    </p>
   </div>
   <div class='ocr_carea' id='block_1_148' title="bbox 1872 5385 3444 5448">
    <p class='ocr_par' dir='ltr' id='par_1_148' title="bbox 1872 5385 3444 5448">
     <span class='ocr_line' id='line_1_151' title="bbox 1872 5385 3444 5448; baseline -0.001 -10"><span class='ocrx_word' id='word_1_1039' title='bbox 1872 5385 2237 5443; x_wconf 42' lang='lat' dir='ltr'><strong>consectetur</strong></span> <span class='ocrx_word' id='word_1_1040' title='bbox 2269 5390 2324 5441; x_wconf 84' lang='lat' dir='ltr'><strong>S.</strong></span> <span class='ocrx_word' id='word_1_1041' title='bbox 2361 5385 2634 5441; x_wconf 72' lang='lat' dir='ltr'><strong>Laurentii</strong></span> <span class='ocrx_word' id='word_1_1042' title='bbox 2669 5399 2822 5440; x_wconf 75' lang='lat' dir='ltr'><strong>extra</strong></span> <span class='ocrx_word' id='word_1_1043' title='bbox 2865 5404 3047 5441; x_wconf 88' lang='lat' dir='ltr'><strong>tnuros</strong></span> <span class='ocrx_word' id='word_1_1044' title='bbox 3074 5385 3285 5448; x_wconf 73' lang='lat' dir='ltr'><strong>cll’ossa,</strong></span> <span class='ocrx_word' id='word_1_1045' title='bbox 3320 5397 3372 5438; x_wconf 90' lang='lat' dir='ltr'><strong>ct</strong></span> <span class='ocrx_word' id='word_1_1046' title='bbox 3415 5402 3444 5438; x_wconf 92' lang='lat' dir='ltr'><strong>a</strong></span> 
     </span>
    </p>
   </div>
   <div class='ocr_carea' id='block_1_149' title="bbox 1872 5458 3445 5528">
    <p class='ocr_par' dir='ltr' id='par_1_149' title="bbox 1872 5458 3445 5528">
     <span class='ocr_line' id='line_1_152' title="bbox 1872 5458 3445 5528; baseline -0.001 -19"><span class='ocrx_word' id='word_1_1047' title='bbox 1872 5458 2114 5528; x_wconf 84' lang='lat' dir='ltr'><strong>pluribus</strong></span> <span class='ocrx_word' id='word_1_1048' title='bbox 2141 5460 2281 5511; x_wconf 82' lang='lat' dir='ltr'><strong>edita</strong></span> <span class='ocrx_word' id='word_1_1049' title='bbox 2335 5468 2495 5524; x_wconf 87' lang='lat' dir='ltr'><strong>atque</strong></span> <span class='ocrx_word' id='word_1_1050' title='bbox 2539 5459 2825 5519; x_wconf 77' lang='lat' dir='ltr'><strong>illustrata,</strong></span> <span class='ocrx_word' id='word_1_1051' title='bbox 2856 5458 3008 5522; x_wconf 86' lang='lat' dir='ltr'><strong>cujus</strong></span> <span class='ocrx_word' id='word_1_1052' title='bbox 3040 5469 3220 5527; x_wconf 78' lang='lat' dir='ltr'><strong>typum</strong></span> <span class='ocrx_word' id='word_1_1053' title='bbox 3254 5458 3445 5528; x_wconf 73' lang='lat' dir='ltr'><strong>affet-e-</strong></span> 
     </span>
    </p>
   </div>
   <div class='ocr_carea' id='block_1_150' title="bbox 1874 5527 3444 5582">
    <p class='ocr_par' dir='ltr' id='par_1_150' title="bbox 1874 5527 3444 5582">
     <span class='ocr_line' id='line_1_153' title="bbox 1874 5527 3444 5582; baseline -0.003 0"><span class='ocrx_word' id='word_1_1054' title='bbox 1874 5527 1990 5582; x_wconf 88' lang='lat' dir='ltr'><strong>tnns</strong></span> <span class='ocrx_word' id='word_1_1055' title='bbox 2041 5529 2090 5580; x_wconf 88' lang='lat' dir='ltr'><strong>itt</strong></span> <span class='ocrx_word' id='word_1_1056' title='bbox 2159 5530 2297 5582; x_wconf 75' lang='lat' dir='ltr'><strong>notis</strong></span> <span class='ocrx_word' id='word_1_1057' title='bbox 2350 5531 2416 5581; x_wconf 91' lang='lat' dir='ltr'><strong>ad</strong></span> <span class='ocrx_word' id='word_1_1058' title='bbox 2465 5528 2639 5582; x_wconf 70' lang='lat' dir='ltr'><strong>Vitam</strong></span> <span class='ocrx_word' id='word_1_1059' title='bbox 2697 5531 2754 5582; x_wconf 64' lang='grc' dir='ltr'><strong>ὃ.</strong></span> <span class='ocrx_word' id='word_1_1060' title='bbox 2803 5530 3050 5582; x_wconf 75' lang='lat' dir='ltr'><strong>Victoris.</strong></span> <span class='ocrx_word' id='word_1_1061' title='bbox 3084 5527 3342 5582; x_wconf 84' lang='lat' dir='ltr'><strong>Consules</strong></span> <span class='ocrx_word' id='word_1_1062' title='bbox 3370 5527 3444 5578; x_wconf 89' lang='lat' dir='ltr'><strong>si-</strong></span> 
     </span>
    </p>
   </div>
   <div class='ocr_carea' id='block_1_151' title="bbox 1871 5597 3446 5670">
    <p class='ocr_par' dir='ltr' id='par_1_151' title="bbox 1871 5597 3446 5670">
     <span class='ocr_line' id='line_1_154' title="bbox 1871 5597 3446 5670; baseline -0.001 -20"><span class='ocrx_word' id='word_1_1063' title='bbox 1871 5609 2096 5670; x_wconf 73' lang='lat' dir='ltr'><strong>gnantes</strong></span> <span class='ocrx_word' id='word_1_1064' title='bbox 2136 5615 2333 5652; x_wconf 89' lang='lat' dir='ltr'><strong>annum</strong></span> <span class='ocrx_word' id='word_1_1065' title='bbox 2377 5615 2499 5670; x_wconf 65' lang='lat' dir='ltr'><strong>:Bfal</strong></span> <span class='ocrx_word' id='word_1_1066' title='bbox 2527 5600 2725 5654; x_wconf 70' lang='lat' dir='ltr'><strong>Christi</strong></span> <span class='ocrx_word' id='word_1_1067' title='bbox 2758 5600 3060 5654; x_wconf 73' lang='lat' dir='ltr'><strong>mtmmmis</strong></span> <span class='ocrx_word' id='word_1_1068' title='bbox 3089 5599 3158 5653; x_wconf 79' lang='lat'><strong>95</strong></span> <span class='ocrx_word' id='word_1_1069' title='bbox 3185 5607 3309 5652; x_wconf 90' lang='lat' dir='ltr'><strong>sunt</strong></span> <span class='ocrx_word' id='word_1_1070' title='bbox 3341 5597 3446 5670; x_wconf 68' lang='grc' dir='ltr'><strong>ι)οτ</strong></span> 
     </span>
    </p>
   </div>
   <div class='ocr_carea' id='block_1_152' title="bbox 1872 5667 3443 5739">
    <p class='ocr_par' dir='ltr' id='par_1_152' title="bbox 1872 5667 3443 5739">
     <span class='ocr_line' id='line_1_155' title="bbox 1872 5667 3443 5739; baseline -0.002 -19"><span class='ocrx_word' id='word_1_1071' title='bbox 1872 5667 2118 5723; x_wconf 61' lang='lat' dir='ltr'><strong>{uitii/nus</strong></span> <span class='ocrx_word' id='word_1_1072' title='bbox 2165 5685 2272 5724; x_wconf 79' lang='lat' dir='ltr'><strong>xvrt</strong></span> <span class='ocrx_word' id='word_1_1073' title='bbox 2311 5680 2358 5723; x_wconf 81' lang='lat' dir='ltr'><strong>et</strong></span> <span class='ocrx_word' id='word_1_1074' title='bbox 2395 5669 2630 5723; x_wconf 81' lang='lat' dir='ltr'><strong>Clemens</strong></span> <span class='ocrx_word' id='word_1_1075' title='bbox 2660 5685 2676 5721; x_wconf 94' lang='grc'><strong>.·</strong></span> <span class='ocrx_word' id='word_1_1076' title='bbox 2706 5672 2794 5739; x_wconf 88' lang='lat' dir='ltr'><strong>qui</strong></span> <span class='ocrx_word' id='word_1_1077' title='bbox 2840 5671 3147 5724; x_wconf 83' lang='lat' dir='ltr'><strong>tribuuntur</strong></span> <span class='ocrx_word' id='word_1_1078' title='bbox 3188 5667 3443 5737; x_wconf 83' lang='lat' dir='ltr'><strong>postremi</strong></span> 
     </span>
    </p>
   </div>
   <div class='ocr_carea' id='block_1_153' title="bbox 1860 5739 3448 5813">
    <p class='ocr_par' dir='ltr' id='par_1_153' title="bbox 1860 5739 3448 5813">
     <span class='ocr_line' id='line_1_156' title="bbox 1860 5739 3448 5813; baseline -0.002 -21"><span class='ocrx_word' id='word_1_1079' title='bbox 1860 5741 2129 5813; x_wconf 63' lang='lat' dir='ltr'><strong>Attat-leto</strong></span> <span class='ocrx_word' id='word_1_1080' title='bbox 2182 5741 2429 5810; x_wconf 76' lang='lat' dir='ltr'><strong>proximo</strong></span> <span class='ocrx_word' id='word_1_1081' title='bbox 2473 5740 2742 5813; x_wconf 75' lang='lat' dir='ltr'><strong>decessori</strong></span> <span class='ocrx_word' id='word_1_1082' title='bbox 2785 5758 2796 5791; x_wconf 91' lang='lat'><strong>:</strong></span> <span class='ocrx_word' id='word_1_1083' title='bbox 2836 5739 3288 5813; x_wconf 70' lang='lat' dir='ltr'><strong>qucnmdmodutn</strong></span> <span class='ocrx_word' id='word_1_1084' title='bbox 3310 5739 3448 5813; x_wconf 67' lang='lat' dir='ltr'><strong>Eva—</strong></span> 
     </span>
    </p>
   </div>
   <div class='ocr_carea' id='block_1_154' title="bbox 1874 5808 3446 5882">
    <p class='ocr_par' dir='ltr' id='par_1_154' title="bbox 1874 5808 3446 5882">
     <span class='ocr_line' id='line_1_157' title="bbox 1874 5808 3446 5882; baseline -0.003 -17"><span class='ocrx_word' id='word_1_1085' title='bbox 1874 5813 1984 5865; x_wconf 74' lang='lat' dir='ltr'><strong>rrsti</strong></span> <span class='ocrx_word' id='word_1_1086' title='bbox 2018 5808 2347 5866; x_wconf 68' lang='lat' dir='ltr'><strong>snccchoris</strong></span> <span class='ocrx_word' id='word_1_1087' title='bbox 2370 5812 2590 5866; x_wconf 80' lang='lat' dir='ltr'><strong>exordio</strong></span> <span class='ocrx_word' id='word_1_1088' title='bbox 2627 5808 2970 5882; x_wconf 76' lang='lat' dir='ltr'><strong>assignantur</strong></span> <span class='ocrx_word' id='word_1_1089' title='bbox 2995 5809 3224 5879; x_wconf 78' lang='lat' dir='ltr'><strong>proximi</strong></span> <span class='ocrx_word' id='word_1_1090' title='bbox 3252 5808 3446 5862; x_wconf 77' lang='lat' dir='ltr'><strong>Valens</strong></span> 
     </span>
    </p>
   </div>
  </div>
