3964 6320
69 368 158 421 161

798 359 1120 417 HISTORIA
1163 358 1251 414 DE
1291 357 1472 412 VlTlS
1511 355 1676 411 ROM.
1720 356 1924 413 PONT.
1960 385 2031 396 -—
2069 355 2129 411 S.
2171 354 2442 411 SIXTUS.

2731 320 2770 340 7"

3153 357 3290 414 “63

60 478 458 535 ommunionem
486 473 634 529 sedis
658 472 982 541 apostolicae.
1013 471 1282 526 Formano
1305 478 1466 523 erant
1505 467 1604 541 _lit-
1631 471 1678 530 Α
1705 467 1852 541 dine,
1875 476 1927 520 et
1949 465 2192 541 periculo
2214 467 2484 531 maculari,
2511 475 2638 520 ante
2659 466 2848 521 oculos
2873 466 2996 536 plus
3023 469 3291 541 habentes

59 566 159 603 crte
181 547 373 617 quibus
400 539 823 626 signiﬁcabatur,
859 543 1148 626 portitnres
1173 539 1602 626 litterarumnhaf

60 635 159 674 ere
196 609 627 672 communionem
668 613 813 668 sedis
854 609 1398 682 apostolica}._0ptat.
1436 609 1528 682 l_ih.
1562 621 1599 661 ιι

60 699 150 744 ost
182 688 374 742 editam
404 685 598 738 seriem
631 679 993 737 Romanorum
1024 680 1340 750 pontificum
1367 695 1396 732 a
1438 679 1600 750 Petro

65 773 200 828 sque
241 757 311 828 ad
354 755 646 828 Siricium:
685 772 702 805 ι
733 752 866 828 cum
913 748 1038 821 quo
1070 751 1224 804 nobis
1261 748 1602 828 totus-orbis

60 819 353 883 enimet-cio
375 824 752 881 formaturam,
785 824 838 876 in
869 819 974 876 una
1005 819 1401 892 communionis
1431 819 1602 892 socie-

59 912 142 954 ate
188 895 500 952 concordat.
537 912 555 944 ι
612 895 679 948 Ει
720 894 1004 960 Augustin.
1059 892 1218 960 epist.
1268 887 1369 943 165
1405 905 1420 943 :
1457 909 1475 940 ‹
1502 888 1602 942 llic

67 971 202 1022 n'mo
245 980 489 1022 asserere
520 972 749 1018 conatus
771 972 880 1026 est,
926 962 1127 1030 ubique
1173 969 1442 1014 terrarum
1481 973 1604 1030 esse

59 1039 455 1092 ommunionem
509 1050 683 1089 suam.
733 1029 1052 1098 Quaerebam
1107 1040 1287 1084 utrum
1350 1029 1604 1100 epistolas

60 1107 556 1167 ommunicatorias,
606 1120 742 1174 quas
794 1103 1074 1158 Formatas
1125 1101 1374 1164 dicimus,
1421 1108 1604 1171 posset

63 1197 137 1233 uo
165 1178 349 1233 vellem
376 1177 524 1230 dare.
550 1195 568 1227 ι

675 1241 967 1298 BENCINI.

99 1319 264 1373 Linea
298 1318 353 1371 4.
380 1346 445 1356 -—
470 1315 571 1368 Hic
611 1315 905 1374 constituit,
937 1323 992 1366 ut
1027 1313 1323 1381 quicunque
1364 1322 1604 1366 evocatus

59 1392 192 1444 uerit
223 1389 288 1441 ad
315 1388 489 1440 sedem
511 1383 871 1452 apostolicam.
887 1384 1138 1437 Secundo
1157 1383 1465 1438 Christiano
1502 1397 1608 1452 sa:-

62 1461 155 1513 nlo
183 1457 444 1513 actualem
495 1456 660 1510 fuisse
697 1455 1102 1522 persuasionem
1149 1452 1395 1521 obsequii
1425 1451 1605 1519 hujus

60 1541 185 1584 erto
227 1527 479 1598 supponit
502 1526 739 1598 ircnanis
759 1524 969 1598 endem
1001 1533 1242 1598 tempo_re
1266 1525 1485 1598 vivens,
1515 1522 1607 1591 qui

59 1593 341 1658 cnstanter
380 1597 610 1650 asserit:
645 1613 662 1644 ι
691 1593 770 1646 Ad
813 1594 1110 1647 Romanam
1153 1593 1607 1661 Ecclesiainqpro-

65 1682 153 1726 ter
197 1668 552 1738 potentiorein
598 1663 1046 1738 principalitatem
1095 1679 1315 1738 necesse
1361 1672 1605 1738 est_om_-_

65 1740 156 1795 e'm
199 1731 486 1793 convenire
515 1731 834 1789 Ecclesium.
855 1754 873 1786 ι
922 1731 1228 1789 Necessitas
1255 1733 1606 1789 conveniendi

63 1815 99 1866 b
133 1809 484 1878 potentiorem
515 1805 876 1878 principatum
904 1804 1081 1878 exigit
1124 1805 1289 1878 etiam
1337 1805 1608 1878 evocatio-

65 1873 179 1934 em.
206 1879 516 1932 Recurrisse
536 1891 664 1930 vero
689 1875 741 1928 in
770 1873 1108 1944 gravioribus
1132 1876 1310 1928 causis
1337 1874 1608 1944 Ecclesias

61 1954 95 2005 il
131 1951 310 2005 sedem
336 1947 688 2018 apostolicam
712 1943 905 2018 probat
934 1944 1121 1998 missio
1128 1943 1606 2018 fjiisdentlrentei

65 2023 103 2074 tl
136 2015 440 2089 pontiﬁcem
471 2016 612 2089 facta
640 2017 709 2089 ab
739 2015 1009 2089 episcopo,
1039 2015 1366 2089 et_E_ccles_ia
1387 2015 1610 2089 _[_._ugdu-

64 2085 188 2146 ensi
213 2104 331 2143 eum
359 2088 606 2158 epistola,
638 2087 692 2140 in
722 2100 829 2156 qna
855 2085 933 2158 sic
983 2085 1132 2158 apud
1156 2085 1354 2138 Euseb.
1387 2085 1480 2138 lib.
1512 2099 1602 2158 iv:

85 2162 200 2216 llas
237 2154 440 2213 litteras
475 2169 531 2210 ut
570 2158 638 2211 ad
678 2154 1053 2226 te‘perferret,
1107 2154 1330 2209 fratrem
1361 2164 1416 2210 et
1443 2154 1611 2226 colle-

62 2249 156 2286 am
203 2239 442 2284 nostrum
493 2229 750 2282 Irenaeum
795 2226 992 2279 hortati
1035 2241 1240 2280 sunms.
1278 2226 1448 2292 Quem
1487 2225 1612 2296 qui-

70 2319 161 2356 em
190 2341 206 2364 ,
256 2309 312 2354 ιιι
363 2297 794 2354 commendatum
851 2296 1051 2350 habeas
1106 2311 1360 2363 rogamus
1427 2303 1613 2363 utpote

60 2371 404 2426 amula-“orem
432 2367 739 2422 testamenti
759 2365 1016 2420 Christi.-
1042 2366 1121 2436 VEt
1150 2367 1204 2420 iu
1234 2366 1342 2420 ﬁne
1369 2365 1614 2436 ejusdem

59 2443 218 2496 monii
251 2439 609 2514 Tertullianus
640 2441 706 2491 de
748 2435 1050 2514 istiusmodi
1081 2434 1409 2514 evocatione
1423 2434 1612 2514 ﬁcale-

60 2516 237 2567 iarnm
289 2511 663 2565 Africanarum
715 2505 782 2560 ad
841 2507 1022 2560 sedem
1081 2505 1478 2574 apostolicam"
1503 2520 1612 2561 non

67 2586 264 2638 bscure
298 2581 550 2650 loquitur,
593 2594 719 2650 curn
759 2577 948 2650 scribit
991 2577 1063 2650 de
1099 2577 1354 2650 Ecclesiis
1400 2585 1618 2650 aposto-

60 2656 150 2708 icis
198 2646 453 2707 adeundis
481 2665 578 2719 pro
607 2648 864 2719 veritatis,
890 2646 1139 2719 examine
1179 2647 1264 2717 (de
1307 2646 1614 2719 Prtescript.

66 2767 76 2778 .
109 2725 206 2782 56)
236 2741 251 2776 :
279 2720 454 2775 Habes
483 2716 733 2780 Romam,
761 2718 896 2771 unde
930 2716 1078 2770 uobis
1097 2716 1304 2786 queque
1330 2717 1618 2770 auctoritas

67 2805 225 2850 uesta
281 2803 378 2846 est.
434 2789 701 2844 Particula
753 2803 881 2842 vero
941 2786 1027 2840 illa
1077 2803 1280 2857 quoque
1339 2787 1616 2858 designat,

62 2861 177 2918 ient
201 2865 267 2918 ab
292 2861 540 2916 Africana
571 2858 831 2920 Ecclesia,
868 2859 948 2912 sic
979 2873 1008 2910 a
1039 2858 1260 2926 reliquis
1281 2857 1619 2925 expostulata

59 2935 233 2989 udicia
263 2930 657 2986 auctoritativa.
688 2928 838 2995 Quod
877 2927 1122 2996 exemplo
1161 2928 1354 2997 probat
1393 2927 1621 2982 Asiana-

63 3023 154 3058 um
189 3003 546 3058 Ecclesiarum
577 2998 930 3066 quarumdam
970 2998 1021 3051 in
1051 3012 1217 3051 causa
1249 2997 1622 3051 discernendae

59 3075 357 3143 .rophetim,
388 3087 509 3143 quin
536 3069 602 3143 ad
633 3069 914 3143 Anicetum
952 3083 1232 3143 recursum
1270 3069 1536 3143 fecerant,
1547 3077 1619 3143 et

59 3138 248 3200 ιιᾱῖεἰίε
267 3138 536 3197 eniaiiatis
561 3140 924 3205 (auctoritates
953 3145 1110 3193 vocat
1133 3138 1496 3192 Tertullianus
1524 3138 1616 3192 lib.

1705 538 1955 591 timorem
1998 536 2112 600 Dei,
2162 545 2218 590 et
2260 551 2450 605 pinnas
2493 545 2803 606 perpetuas,
2851 552 3014 606 quam
3044 540 3294 595 timorem

1705 608 2007 669 hominum,
2044 617 2100 661 et
2141 606 2358 661 brevem
2389 607 2662 676 injuriam,
2703 623 2810 662 non
2841 608 3155 664 deserentes
3181 609 3294 662 friv-

1707 679 2053 739 ternitatem,
2085 685 2141 731 et
2184 677 2463 730 hortantes
2505 692 2600 732 eos
2641 685 2786 732 stare
2829 677 2886 732 in
2934 679 3060 733 (ide.
3105 697 3122 728 ι
3171 678 3299 734 Haec

1704 747 2089 816 epistularum,
2130 755 2190 800 et
2230 746 2520 817 missorum
2570 747 2798 802 directio
2851 757 3000 803 certo
3043 750 3302 817 supponit

1707 817 2018 890 frequentes
2047 826 2103 890 et
2143 816 2392 890 assiduos
2413 825 2751 890 commeatus
2783 818 3076 890 utriusque
3104 816 3296 890 partis.
3326 858 3337 890 ,

1704 888 1786 943 Ad
1808 885 1952 957 quod
1983 885 2134 950 facit,
2159 901 2279 956 qua:
2313 887 2674 957 observantur
2697 888 2751 941 in
2782 885 3009 957 epistola
3039 885 3334 957 Cypriani‘

1705 960 1772 1012 ad
1804 956 2354 1027 Antonianumtdum
2393 956 2584 1013 scribit
2615 956 2830 1026 aliquos
2858 957 3056 1013 Africa:
3086 956 3304 1027 episco—

1707 1044 1823 1098 pos,
1855 1029 1994 1082 inter
2033 1042 2168 1096 quos
2199 1026 2492 1098 Pompeius
2525 1036 2580 1082 et
2619 1027 2951 1097 Stephanus,
3003 1026 3301 1098 praesentes

1707 1095 1872 1154 fuisse
1897 1095 2146 1153 electioni
2183 1095 2445 1161 Cornelii,
2465 1098 2566 1153 etsi
2594 1095 3038 1153 tunc—saevissima
3063 1097 3301 1153 Daciana

1712 1168 2014 1240 persecutio
2049 1169 2256 1240 vigeret
2297 1167 2469 1240 (epist.
2501 1168 2592 1239 52)
2638 1187 2652 1222 :
2689 1167 2888 1240 Factus
2925 1178 2998 1222 est
3029 1168 3303 1240 episcopus

1708 1238 1740 1293 lt
1765 1238 2004 1309 plurimis
2026 1238 2238 1309 collegis
2270 1239 2483 1309 nostris,
2509 1240 2599 1309 qui
2621 1248 2745 1293 tunc
2773 1241 2828 1292 in
2851 1238 3019 1291 Roma
3041 1238 3302 1300 aderant;

1709 1308 1916 1379 legatur
1954 1315 2010 1379 et
2035 1308 2260 1377 epistola
2300 1308 2390 1374 4|,
2433 1308 2526 1364 ubi
2561 1309 2626 1364 de
2670 1310 3048 1378 episcoporum
3075 1322 3304 1364 accessu

1708 1377 1785 1450 ad?
1800 1377 2110 1450 Cornelium
2157 1379 2469 1450 pontiﬁcem
2507 1377 2770 1450 loquitur,
2800 1389 2856 1435 et
2891 1379 3206 1450 earumdem
3248 1379 3306 1431 in

1708 1449 1947 1505 Africam
1991 1447 2272 1518 regressu,
2313 1449 2380 1502 ad
2421 1447 2892 1504 schismatieorum
2929 1461 3152 1503 causam
3186 1447 3304 1514 jam

1711 1527 2036 1591 prostratam
2075 1519 2494 1591 denuntiandam
2537 1536 2633 1590 per
2657 1519 3000 1581 Caldonium,
3036 1518 3307 1591 Fortuna-

1711 1588 1849 1654 inm,
1881 1588 2215 1658 Pompeium,
2267 1599 2322 1645 et
2365 1588 2700 1658 Stephanum
2747 1591 3048 1660 episcopos,
3099 1589 3190 1657 qui
3250 1588 3305 1642 in

1708 1661 1868 1730 pleno
1923 1661 2087 1714 totius
2137 1660 2336 1714 Africa:
2377 1661 2606 1715 concilio
2658 1675 2772 1715 rem
2821 1674 3164 1730 exposuere,
3225 1661 3308 1730 uti

1712 1729 2016 1803 Cyprianus
2038 1731 2340 1803 rescripsit.
2379 1749 2397 1783 (
2445 1730 2579 1785 Nam
2619 1739 2673 1786 et
2705 1744 2825 1801 ego,
2852 1729 3163 1803 etcollegae
3189 1729 3308 1797 plu-

1715 1800 1835 1857 riini
1861 1800 2050 1870 qui.ad
2087 1816 2174 1855 me
2209 1811 2596 1870 convenerant,
2630 1800 3062 1870 exspectavimus
3100 1801 3305 1854 adven-

1715 1883 1828 1927 tum
1869 1869 2198 1941 collegarum
2264 1869 2589 1927 nostrorum
2619 1871 2862 1927 Caldonii
2901 1879 2958 1924 et
2993 1869 3302 1926 Fortunati.

1710 1957 1849 2013 quos
1891 1942 1958 1995 ad
1985 1950 2036 1995 te
2059 1956 2250 2013 nuper,
2289 1952 2347 1997 et
2379 1943 2736 2013 coepiscopos
2767 1951 3003 2004 nostros,
3045 1942 3138 2013 qui
3159 1941 3310 1995 ordi-

1711 2011 1917 2068 riationi
1942 2021 2046 2065 tuae
2067 2011 2351 2083 adfuerant
2376 2012 2580 2083 legatos
2603 2014 2947 2076 miseramus,
2969 2021 3028 2083 ut
3047 2011 3128 2066 eis
3150 2013 3310 2083 adve-

1711 2083 2008 2144 nientibus,
2028 2090 2088 2136 et
2115 2082 2189 2136 rei
2210 2092 2373 2151 gesta:
2400 2081 2684 2137 veritatem
2712 2081 3117 2152 reportantibus
3138 2081 3312 2150 partis

1713 2155 1955 2224 adversa:
1983 2153 2302 2224 improbitas
2329 2153 2695 2224 frangeretur.
2715 2153 3159 2224 Supervenerunt
3181 2167 3313 2224 vero

1713 2223 2013 2295 Pompeius
2028 2220 2083 2295 et
2115 2220 2705 2295 Stephanusfcollegae
2737 2220 2908 2295 nostri
2935 2263 2951 2286 ,
2982 2222 3076 2291 qui
3114 2232 3170 2277 et
3203 2223 3308 2295 ipsi

1714 2308 1929 2364 quoque
1951 2292 2016 2346 ad
2044 2291 2393 2349 instruendus
2416 2294 2539 2348 istic
2564 2291 2680 2352 nos,
2700 2293 2989 2348 manifesta
3012 2291 3314 2364 secundum

1715 2363 2054 2437 gravitatem,
2082 2365 2314 2419 ettidem
2335 2379 2486 2437 suam
2515 2365 2734 2437 indicia,
2760 2373 2822 2437 et
2839 2363 3148 2437 testimonia
3185 2378 3314 2437 pro-

1718 2433 1979 2496 tulerunt,
2004 2442 2063 2487 ut
2088 2448 2190 2489 nec
2216 2449 2438 2489 necesse
2458 2433 2623 2490 fuerit
2652 2435 2825 2488 audiri
2848 2434 2986 2487 ultra
3013 2448 3128 2496 eos,
3157 2433 3249 2502 qui
3277 2449 3311 2486 a

1716 2505 2018 2560 Novatiauo
2041 2515 2304 2559 venerunt
2334 2505 2508 2560 missi.
2541 2524 2560 2556 ι
2597 2504 2878 2574 Frequens
2928 2503 3314 2572 episcoporum

1718 2592 1780 2631 ac
1804 2575 2038 2629 ﬁdelium
2064 2643 2067 2644 ν
2092 2586 2456 2640 commeatus,
2489 2584 2542 2630 et
2596 2575 2837 2644 epistolae
2874 2575 3204 2644 reSponsivaa
3241 2576 3313 2627 ad

1719 2645 1992 2701 Ecclesias
2021 2643 2242 2700 directa:
2265 2648 2336 2700 ob
2371 2643 2737 2700 Romanorum
2792 2643 3109 2714 pontificum
3150 2644 3318 2697 disci-

1721 2719 1933 2788 plintth
1971 2717 2391 2788 ecclesiasticam
2440 2715 2848 2788 instaurandam
2892 2715 3207 2788 ostendunt,
3248 2714 3315 2766 li-

1720 2785 1876 2844 brum
1907 2786 2273 2841 Pontilicalem
2305 2786 2548 2857 potuisse
2574 2787 2832 2840 adnotare
2861 2785 3160 2857 admissam
3186 2799 3315 2838 evo—

1721 2857 1990 2914 cationem
2034 2859 2101 2912 ad
2147 2856 2329 2912 sedem
2363 2857 2748 2926 apostolicam,
2797 2864 2852 2910 et
2889 2856 3108 2910 certiori
3139 2856 3314 2908 forma

1721 2929 1790 2982 ab
1825 2927 2132 2986 Alexandro
2184 2927 2584 2983 constabilitain
2617 2941 2770 2990 esse,
2819 2941 2939 2995 qua:
2982 2941 3052 2980 ex
3101 2941 3199 2981 usu
3228 2940 3314 2979 re-

1719 3007 1876 3068 cepto
1905 3007 1961 3051 et
1983 2998 2373 3057 consuetudine
2394 2998 2560 3068 priori
2589 2998 3000 3068 observabatur.

1792 3069 1960 3123 Linea
1985 3072 2038 3126 6.
2065 3100 2137 3110 --
2168 3069 2288 3122 Nisi
2311 3067 2430 3122 cum
2461 3068 2650 3122 litteris
2680 3067 3019 3137 patriarchae.
3055 3069 3183 3124 Huic
3227 3079 3313 3123 est

1722 3155 1830 3195 una
1862 3141 1927 3194 de
1948 3140 2311 3196 additionibus
2355 3139 2592 3193 secundo
2623 3139 2867 3208 catalogo
2895 3138 3048 3192 Rom.
3098 3140 3316 3208 pontiﬁ-

65 3219 217 3269 dver.
257 3213 543 3281 Praxeam)
568 3201 785 3262 deinde
837 3209 1144 3281 utebantur.
1188 3209 1264 3263 lla
1305 3209 1446 3262 enim
1485 3210 1618 3263 ille:
1647 3201 1693 3264 C
1727 3225 1849 3265 cum
1893 3209 2134 3275 insertis,
2175 3220 2231 3263 et
2265 3209 2483 3279 quidem
2515 3201 2827 3281 posteriori
2851 3224 3058 3281 (manu,
3101 3201 3227 3263 'cum
3260 3210 3318 3265 in

94 3285 232 3339 Nam
264 3285 400 3339 idem
425 3278 552 3346 tunc
571 3281 887 3350 episcopum
914 3278 1212 3333 Romanum
1239 3289 1623 3350 agnoscentem

60 3373 140 3409 im
182 3353 496 3424 prophetias
538 3349 1069 3424 illontani,_Prisc_:_e,
1108 3349 1538 3424 et_1\laxiini_ll:c,
1561 3358 1626 3424 ‘et

68 3444 96 3479 κ
159 3418 222 3478 ea
265 3418 536 3495 agnitione
574 3435 760 3495 pacem
799 3419 1238 3495 EcclesiisAsite
1288 3429 1344 3474 et
1380 3418 1625 3490 Phrygia:

59 3490 386 3555 nfereutein,
433 3492 568 3545 falsa
606 3492 672 3544 de
713 3491 843 3559 ipsis
869 3499 925 3544 et
965 3490 1219 3545 Ecclesiis
1258 3505 1444 3543 eorum
1475 3506 1623 3544 asse-

64 3566 301 3627 erando,
346 3571 402 3617 et
446 3562 840 3616 Prmcessnruin
895 3560 1010 3628 ejus
1048 3561 1398 3614 auctoritates
1443 3560 1625 3614 defen-

65 3635 242 3700 cudo,
268 3634 465 3704 coegit,
495 3642 550 3686 et
576 3632 780 3704 litteras
805 3632 951 3699 pacis
978 3630 1358 3704 revocarejam
1374 3631 1622 3697 emissas,

65 3719 85 3760 t
127 3722 157 3758 τι
205 3701 478 3774 proposito
518 3703 940 3774 revocandoruni
983 3701 1371 3774 charismntum
1404 3715 1628 3774 conces-

60 3771 265 3831 ιιι-εξ»
306 3771 581 3843 Ἐῇιιδιιθιιι
643 3771 822 3843 saaan
877 3771 1161 3843 Dionysius
1218 3771 1627 3825 Corinthiorum

64 3847 328 3918 piscopns
370 3841 529 3918 iestis
570 3841 811 3918 accedit,
853 3842 942 3910 qui
976 3842 1198 3918 “fratres
1238 3850 1628 3918 commemorat

63 3911 407 3970 omméantes
447 3913 514 3966 ad
561 3915 742 3966 sedem
784 3911 1150 3980 apostolicam,
1195 3921 1250 3966 et
1287 3912 1629 3966 sermonibus

93 3987 358 4056 pontitice
394 3986 634 4056 tirtnatos
667 3982 718 4034 in
744 3982 984 4056 epistola
1028 3982 1285 4056 Romanis
1322 3983 1466 4044 data,
1499 3982 1626 4036 dum

59 4053 258 4110 Boleris
289 4055 698 4108 beneﬁcentiam
742 4053 944 4105 laudat.
979 4072 996 4102 ι
1027 4054 1204 4120 Atque
1241 4053 1383 4106 hunc
1419 4066 1626 4108 morem

65 4130 331 4196 piscopus
363 4133 542 4196 vester
573 4122 732 4176 Soter
782 4139 885 4175 non
933 4123 1172 4196 servavit
1201 4123 1397 4196 solum,
1441 4139 1626 4196 verum

66 4193 206 4252 tiam
251 4195 490 4257 adauxit,
526 4204 636 4247 tum
684 4207 904 4246 munera
951 4193 1152 4248 sanctis
1191 4193 1456 4248 destinata
1503 4194 1630 4247 sub-

60 4267 384 4329 ninistrans,
437 4274 547 4317 tum
597 4263 792 4316 fratres
834 4278 1058 4332 peregre
1115 4263 1463 4317 advenientes
1519 4271 1631 4316 tan-

71 4352 204 4390 nam
231 4336 430 4389 liberos
455 4349 582 4388 suos
603 4341 757 4402 pater
785 4334 1191 4387 amantissimus
1216 4335 1386 4387 beatis
1412 4349 1627 4387 sermo-

59 4408 205 4460 libus
263 4403 610 4459 consolando.
675 4423 692 4454 ι
746 4403 1084 4458 Comniercia
1140 4404 1444 4462 litterarum
1503 4419 1627 4458 cum

71 4476 254 4530 issitis
287 4477 358 4530 ab
400 4475 541 4530 Urbe
572 4473 864 4544 provinciis
891 4489 921 4526 a
952 4475 1079 4528 sede
1105 4475 1400 4543 apostolica
1435 4475 1624 4528 eodem

1726 3279 2564 3364 praisenti‘Alexamlrinstecnlo
2599 3279 2920 3349 patriarcha:
2950 3281 3318 3364 nomenclatio

1729 3351 1870 3406 inter
1899 3352 2294 3408 ecclesiasticas
2316 3351 2748 3406 Christianorum
2773 3363 2930 3404 voces
2969 3352 3317 3420 frequentata

1725 3438 1832 3494 non
1860 3421 2068 3494 legatur
2083 3422 2206 3492 (etsi
2233 3422 2374 3494 inter
2388 3420 2767 3492 [Egyptiornm
2795 3433 2982 3475 sacros
2997 3421 3316 3494 gentilitatis

1728 3493 1864 3547 ritus
1884 3492 2240 3562 usurparetur
2259 3493 2360 3546 hoc
2383 3501 2648 3562 tempore,
2668 3500 2728 3544 nt
2755 3500 2973 3546 constat
2994 3507 3059 3545 ex
3091 3492 3318 3562 Adriani

1727 3562 2070 3631 imperatoris
2125 3562 2494 3633 epistola),_et
2543 3561 2718 3615 aliena
2772 3571 3058 3633 censeatur
3110 3561 3179 3615 ab
3215 3577 3320 3615 usu

1725 3631 2220 3687 ecclesiasticarum
2246 3631 2596 3700 epistularum
2627 3633 2788 3684 trium
2821 3632 3064 3700 priorum
3094 3633 3319 3685 smcnlo‘

1726 3717 1868 3756 rmn.
1911 3704 2022 3757 lmo
2051 3702 2489 3770 interpolatorem
2532 3702 2751 3755 secundi
2783 3701 3011 3769 catalogi
3043 3718 3147 3754 non
3182 3705 3320 3755 srri—

1726 3773 1897 3842 psisse
1915 3773 2250 3842 pntriarrlur,
2285 3773 2377 3826 sed
2405 3772 2574 3825 solam
2600 3771 2834 3825 litteram
2869 3770 3146 3842 P.7neinpc
3171 3771 3319 3839 Petri

1728 3841 1922 3897 nomen
1980 3843 2370 3913 exprimentem
2412 3852 2707 3913 pntmnus,
2759 3855 2868 3913 qua
2919 3841 3098 3913 littera
3152 3842 3322 3897 veluti

1729 3921 1932 3967 tessera
1957 3911 2232 3983 episcopi,
2265 3922 2334 3983 et
2381 3913 2576 3983 ﬁdeles
2598 3911 3004 3983 dignescebant,
3043 3911 3320 3965 discrimi-

1728 3981 2036 4054 nabantque
2085 3981 2338 4053 epistolas
2390 3982 2680 4037 canonicas
2709 3995 2758 4054 _a
2800 3981 3028 4054 reliquis
3048 4021 3078 4054 ,_
3111 3991 3167 4035 et
3221 3998 3320 4051 per

1728 4051 1972 4108 eamdem
2028 4051 2402 4108 innotescehat
2448 4051 2842 4107 communionis
2883 4051 3164 4106 catholica:
3191 4068 3321 4107 eum

1727 4138 1870 4187 esse,
1902 4125 1992 4194 qui
2025 4125 2214 4178 eadem
2249 4140 2277 4176 a
2307 4125 2433 4178 sede
2480 4123 2773 4194 apostolica
2806 4122 3155 4194 dignabatur.
3190 4122 3321 4194 Nec

1729 4195 1888 4249 aliter
1920 4191 2154 4262 intelligi
2210 4194 2406 4249 debere
2436 4191 2763 4248 additionem
2812 4206 2878 4244 ex
2909 4207 2974 4245 co
3022 4191 3318 4261 colligitur,

1729 4267 1871 4334 quod
1910 4266 2058 4320 hisce
2105 4265 2375 4334 prioribus
2428 4263 2760 4333 temporibus
2804 4262 2948 4316 sicut
2992 4263 3321 4334 patriarcha:

1730 4333 1922 4390 nomen
1965 4333 2282 4398 inauditum,
2314 4336 2394 4390 sic
2441 4335 2645 4389 nullum
2676 4341 2856 4387 exstat
2882 4333 3189 4402 vestigium,
3226 4343 3321 4387 aut

1733 4407 2101 4462 testimonium
2145 4406 2406 4460 formatas
2444 4405 2702 4475 epistolas
2753 4418 2818 4457 eo
2859 4403 3186 4475 patriarcha:
3223 4419 3322 4459 uo-

1731 4477 1875 4531 Inine
1931 4477 2172 4544 insigniri
2221 4497 2234 4530 2
2288 4491 2409 4530 cum
2466 4474 2644 4530 tamen
2688 4474 3184 4543 frequentissimum
3235 4491 3324 4530 esi

59 4546 246 4627 :eculo
270 4545 705 4627 frequentata,et
725 4544 969 4627 sequncuti
992 4544 1150 4627 docet
1176 4545 1312 4597 alter
1344 4544 1626 4627 Qiainysins
1659 4569 1704 4627 υ
1732 4557 1814 4627 set
1857 4547 2202 4627 in.epis_toli‘s
2252 4563 2349 4616 pro
2400 4555 2606 4627 tessera
2654 4545 3034 4627 noniennPetri
3082 4547 3321 4627 apponi,
3389 4563 3400 4568 -

59 4613 463 4678 ilesandrimis,
497 4631 618 4670 cum
653 4615 720 4668 de
746 4613 960 4680 profusa
1005 4615 1148 4667 sedis
1181 4613 1488 4682 apostolicaé
1523 4614 1630 4666 lar-

59 4689 216 4741 'itate
247 4687 301 4740 in
333 4685 695 4740 subveniendo
731 4683 985 4739 Ecclesiis
1012 4685 1126 4738 lucc
1156 4683 1427 4754 Stephano
1454 4685 1632 4748 ponti-

59 4759 129 4810 ici
187 4756 464 4825 rescripsit
496 4755 635 4824 apud
674 4755 871 4808 Euseb.
917 4755 1007 4808 lib.
1049 4769 1149 4818 vn,
1181 4771 1230 4809 c.
1261 4755 1330 4808 5:
1377 4772 1394 4804 ι
1446 4754 1630 4824 Syria-

67 4842 164 4879 um
202 4843 419 4894 quoque
460 4825 748 4894 provincia:
775 4839 964 4878 omnes
1008 4839 1130 4878 cum
1172 4825 1390 4885 Arabia.
1426 4825 1631 4894 quibus

59 4889 346 4951 ilentideni
377 4889 677 4950 necessaria
710 4895 1083 4962 suppeditans,
1112 4902 1167 4948 et
1194 4896 1386 4963 quibus
1426 4889 1634 4949 litteras

59 4982 194 5020 IIIIIC
220 4967 537 5034 scripsistis.
577 4984 596 5015 ι
629 4965 758 5018 Erat
791 4965 1092 5018 litterarum
1127 4980 1156 5017 a
1193 4968 1468 5034 Stephano
1495 4967 1637 5019 dire-

72 5049 260 5090 tamm
281 5045 655 5106 argiunentum
682 5037 748 5089 de
776 5050 880 5088 non
905 5035 1302 5106 rebaptizandis
1343 5035 1636 5099 haereticis,

59 5122 182 5175 luas
203 5104 464 5174 epistolas
499 5105 644 5160 dedit
671 5107 882 5159 cunctis
910 5104 1164 5159 Ecclesiis
1187 5105 1474 5173 (Lirinensi
1504 5115 1642 5160 teste

59 5197 92 5230 ιι
122 5176 314 5244 primo
353 5175 788 5242 commonitorio)
829 5190 896 5229 ne
938 5175 1157 5229 lueresis
1190 5177 1640 5244 rebaptizantium

59 5249 213 5300 atius
254 5255 519 5315 serperet,
562 5260 696 5300 neve
735 5261 800 5299 eo
830 5260 1036 5308 errore,
1067 5245 1119 5298 in
1159 5246 1368 5315 oriente
1393 5245 1642 5299 dissemi-

59 5327 200 5380 iato,
225 5314 441 5372 creteraa
465 5317 950 5384 coinquiuarentur
973 5315 1243 5370 Ecclesia.
1264 5314 1338 5368 De
1369 5317 1469 5368 hac
1494 5317 1639 5369 sedis

59 5386 374 5455 ipostolica:
413 5385 772 5440 sollicitudine
813 5388 865 5438 in
902 5385 1196 5452 dirigendis
1237 5385 1527 5454 encyclicis
1572 5386 1641 5440 ad

59 5459 190 5511 uala
248 5457 603 5525 praecavenda
663 5457 898 5523 loquitur
957 5456 1135 5509 clerus
1188 5455 1633 5518 Ilomanus,sedc

59 5537 304 5590 'acante,
351 5527 404 5580 in
444 5526 666 5595 cpistola
703 5527 829 5580 data
869 5525 1014 5579 clero
1043 5525 1472 5595 Carthaginiensi,
1495 5527 1634 5595 apud

59 5599 212 5669 Zypt'.
239 5598 403 5666 epist.
439 5599 490 5669 ὃν
515 5615 526 5650 :
552 5615 591 5669 γι
637 5595 745 5650 Nec
783 5596 943 5669 enim
974 5598 1075 5669 hoc
1116 5595 1287 5669 solum
1319 5597 1497 5650 verbis
1539 5612 1635 5669 vos

66 5665 361 5730 ortamur,
402 5668 494 5722 sed
531 5668 740 5721 discere
777 5665 1022 5736 poteritis
1059 5682 1088 5718 a
1133 5665 1374 5733 pluribtts
1409 5681 1439 5720 e
1481 5667 1637 5720 nohis

63 5743 100 5792 ,Ι
154 5754 261 5791 vos
312 5738 680 5800 Venieutibus,
727 5739 980 5805 quoniam
1029 5751 1092 5789 ca
1145 5736 1328 5790 omnia
1383 5750 1480 5789 nos
1528 5736 1636 5791 Deo

63 5808 345 5878 Jjuvantc
383 5808 627 5870 fecimus,
657 5816 712 5861 et
755 5807 1011 5860 faciemus
1045 5823 1166 5859 cum
1205 5806 1352 5862 omni
1377 5805 1642 5863 sollicitu-

541 5897 812 5957 Pn'ttOL.
859 5895 962 5955 CX
979 5894 1175 5957 XVII.

1739 4618 1815 4670 uti
1873 4615 2105 4671 advertit
2155 4615 2366 4672 Atticus
2417 4615 3083 4685 Constantinopolitanus,
3124 4617 3213 4684 qui
3255 4618 3323 4669 de

1740 4689 1982 4756 epistolis
2019 4689 2296 4742 canonicis
2337 4689 2466 4757 agit,
2494 4688 2694 4756 quique
2721 4688 2914 4740 asserit
2959 4695 3140 4757 notam
3179 4702 3320 4756 prir-

1741 4753 1942 4812 dictum
1991 4760 2287 4828 appositam
2343 4753 2884 4828 episto'lis‘formatis
2931 4757 2995 4828 de
3033 4753 3192 4809 Petri
3210 4772 3323 4828 gno—

1745 4829 1887 4881 mine
1914 4869 1927 4892 ,
1970 4826 2135 4882 fuisse
2172 4844 2200 4882 a
2240 4826 2484 4882 Concilio
2512 4827 2730 4882 Nicmno
2769 4827 3139 4896 approbatam.
3185 4826 3319 4881 Cum

1745 4900 1927 4967 itaque
1965 4900 2150 4953 uullibi
2217 4899 2445 4969 legatur,
2489 4899 2542 4952 in
2597 4897 2841 4968 epistolis
2893 4896 3170 4969 canonicis
3227 4912 3323 4966 ap-

1743 4965 1975 5036 positam
2038 4969 2226 5039 primis
2273 4965 2648 5039 icmporibus'
2682 4979 2866 5023 notam
2928 4965 3163 5039 nominis
3224 4965 3321 5036 pa-

1735 5035 1996 5093 triarchae
2016 5035 2194 5102 {bene
2225 5035 2412 5092 tamen
2433 5040 2490 5093 S.
2531 5039 2698 5103 Petri,
2727 5048 2783 5092 et
2813 5037 3006 5106 apponi
3052 5035 3154 5088 illis
3189 5045 3323 5090 tein-

1744 5111 1962 5178 poribus
2013 5118 2267 5162 testatum
2323 5109 2602 5178 reliquerit
2649 5110 2890 5171 Atticus;
2947 5107 3320 5178 allirmandum

1744 5176 1906 5242 inde,
1963 5176 2458 5233 consarcinatmeni
2512 5181 2702 5234 horum
2753 5187 2994 5233 actorum
3051 5176 3324 5232 addidisse

1745 5257 1952 5303 tantum
2004 5249 2238 5302 litteram
2275 5249 2359 5311 P.,
2413 5249 2761 5319 intelligendo
2807 5262 2998 5316 nempe
3028 5245 3198 5319 Petri,
3229 5249 3324 5305 sed

1743 5322 2156 5373 amanuensium
2200 5321 2446 5382 licentia,
2489 5315 2665 5388 potius
2723 5315 3025 5389 ignorantia
3086 5315 3326 5374 litteram

1743 5389 2082 5456 explanatam
2115 5403 2212 5457 per
2259 5391 2580 5459 patriarchae
2603 5405 2812 5444 vocem.
2844 5389 2937 5442 Hze
2975 5403 3139 5459 porro
3183 5399 3327 5443 notae

1740 5458 2272 5530 nominumadditze,
2324 5469 2381 5513 ut
2414 5461 2654 5530 epistolae
2701 5459 2958 5530 symbola.
3007 5458 3327 5530 pLerumque

1741 5529 1936 5584 litteris
1965 5529 2094 5583 solis
2139 5528 2870 5596 initialibusindicabantur,
2924 5529 2998 5582 uti
3042 5528 3328 5584 Ferrarius

1743 5599 1850 5654 late
1890 5599 2144 5652 observat
2171 5601 2221 5653 in
2254 5600 2510 5669 opusculo
2559 5600 2627 5654 de
2677 5601 2870 5654 litteris
2902 5598 3284 5669 ecclesiasticis
3307 5639 3324 5661 ,

1742 5679 1794 5723 et
1825 5669 1912 5722 alii
1941 5680 2060 5738 post
2102 5665 2304 5738 ipsum.
2343 5669 2610 5724 Credibile
2659 5670 2822 5739 igitur
2857 5669 3072 5739 videtur
3113 5665 3324 5724 Sixtum

1743 5755 1840 5793 suo
1871 5736 2090 5810 decreto
2115 5736 2390 5804 statuisse,
2423 5751 2482 5793 ut
2507 5736 2856 5810 imposternm
2882 5736 3095 5810 propria
3127 5738 3328 5806 episto—

1743 5811 1917 5866 larum
1951 5808 2303 5867 formaturam
2338 5820 2462 5866 uota
2491 5807 2633 5866 esset
2681 5807 2738 5865 S.
2771 5807 2918 5862 Petri
2953 5819 3150 5863 nomen
3200 5823 3330 5864 con-

2804 5895 2886 5963 ει
