3964 6320
59 299 202 354 1175

916 299 1235 355 HISTORIA
1278 298 1364 355 DE
1400 296 1577 354 VlTlS
1609 297 1772 353 BOM.
1811 295 2014 354 PONT.
2038 329 2111 341 —
2145 298 2204 355 S.
2245 299 2518 358 SlXTUS.
2606 345 2614 354 .

3205 305 3340 360 tl“

58 417 365 480 ψοςιοιίςτι
413 414 740 480 ostenderet,
794 430 891 485 per
947 415 1247 484 encyclicas
1304 414 1510 485 litteras
1533 411 1658 485 _de-
1692 416 1734 472 Λ
1767 411 2032 485 sententia
2068 409 2292 485 Romam
2324 413 2643 485 appellasse.
2669 412 2917 485 Fundant
2940 415 3076 470 sein
3104 413 3349 469 referen-

57 488 369 540 monslrari
427 495 679 554 oportere
741 480 1173 540 communionem
1239 500 1359 538 cum
1423 480 1660 554 Ecclesia

65 555 333 608 a‘tholira
379 552 566 609 eorum
623 556 712 624 qui
771 565 952 610 essent
1002 555 1234 623 leg‘tima
1289 552 1542 624 missione
1575 554 1662 624 ab

59 627 251 679 eadem
306 626 547 680 Ecclesia
593 621 822 696 ablegati
871 627 936 678 ad
985 621 1408 696 annuntiandum
1458 621 1661 676 Citriin

57 696 445 766 Evangelium,
472 711 646 765 neque
676 693 924 749 sul'ticere
953 695 995 748 si
1034 695 1300 766 quondam
1334 693 1563 746 luisscnt
1596 707 1662 745 ex

56 764 366 820 :u'tu—cum
415 764 671 835 apostolis
702 776 1053 834 congregato,
1102 764 1201 817 nisi
1237 770 1504 842 constaret
1539 778 1659 842 cum

55 837 157 889 eod
183 852 254 888 an
290 834 611 906 cmtuipsos
655 851 970 906 permanere
997 846 1064 906 et»
1088 848 1440 906 perseverare
1476 834 1528 906 in
1571 834 1665 906 do-

56 907 238 958 .ttrina
271 908 448 960 eidem
476 902 636 961 cmtui
657 902 988 967 concredita,
1021 904 1178 957 aliter
1208 921 1296 957 nec
1338 902 1661 968 rccipirudos

55 977 108 1026 in
138 977 387 1039 dmuum,
413 993 504 1038 nec
532 977 640 1030 Ave
661 978 733 1030 eis
760 975 1073 1039 dicendum;
1100 974 1266 1027 nmlto
1289 972 1663 1041 diligentinsid

55 1047 395 1115 exigendum
457 1063 576 1101 esse
633 1047 1010 1100 intellexerunt
1073 1044 1326 1117 Ecclesize
1383 1044 1662 1117 praesules,

53 1121 375 1184 praesertim
408 1117 594 1170 Sixtus
620 1118 830 1170 czeteris
858 1125 1117 1184 pnestans
1148 1117 1198 1168 in
1230 1115 1472 1168 Romana
1512 1115 1660 1177 sedc,

53 1188 290 1251 quando
327 1188 427 1242 sub
474 1189 712 1252 ejusdem
765 1187 1077 1256 pontilicatu
1118 1186 1169 1240 id
1211 1197 1451 1256 monstro
1489 1185 1665 1256 simile

53 1259 306 1323 primum
363 1259 603 1311 auditum
653 1254 775 1318 fait,
827 1257 1057 1310 lucreses
1105 1254 1444 1310 disseminari
1487 1255 1554 1307 ab
1599 1255 1665 1310 iis

53 1328 156 1394 nui
191 1328 562 1398 episcopatum
589 1327 972 1390 obtinuissent,
1000 1326 1078 1398 vel
1109 1327 1470 1398 episcopatum
1505 1342 1666 1394 appe-

51 1395 254 1450 terent
277 1413 290 1450 :
315 1395 542 1468 quorum
576 1398 963 1467 antesignanus
988 1397 1065 1449 uti
1092 1395 1452 1468 apostolorum
1503 1407 1664 1468 relate

51 1468 169 1519 fuit
227 1466 455 1529 Simon,
505 1469 576 1522 ita
632 1466 772 1537 post
806 1477 1032 1520 mortem
1081 1466 1440 1536 apostolorum
1490 1466 1588 1537 fuit
1635 1482 1666 1519 e

51 1538 256 1590 schola
285 1536 644 1592 sectariorum
671 1537 906 1590 Simonis
937 1537 1253 1606 (Menandri.
1291 1537 1528 1600 libiouis,
1567 1536 1665 1588 Br-

51 1607 267 1677 silidis)
293 1608 624 1662 Valentinus.
663 1607 956 1677 Menander
983 1607 1124 1660 enim
1167 1617 1226 1677 et
1244 1606 1502 1661 Basilides
1546 1624 1662 1659 ma-

53 1674 262 1748 gustet
309 1679 658 1748 philosophos
702 1693 820 1732 sese
849 1674 1148 1744 jactahaut.
1191 1676 1504 1748 Valentinus
1534 1693 1663 1730 vero

1765 483 1847 534 ihs
1883 482 2018 554 infra
2059 497 2122 534 ex
2159 482 2214 534 S.
2251 481 2571 554 Epiphanio.
2608 503 2626 535 ι
2667 482 2835 552 llujus
2865 494 3065 540 textum
3093 486 3342 554 producit

1765 565 1885 622 pag.
1919 551 2044 611 481.
2079 561 2272 622 etcum
2305 553 2394 605 illo
2426 554 2604 608 varias
2629 551 2908 622 opiniones
2937 555 3002 609 de
3029 551 3340 622 episcopatu

1767 621 2073 675 Marcionis.
2101 621 2208 676 Sed
2233 624 2346 676 sive
2372 623 2607 677 Marcion
2638 621 3341 681 fuerittantummodoIllius

1763 692 2024 759 episcopi,
2056 692 2170 746 sive
2191 702 2243 744 et
2267 694 2379 762 ipse
2412 695 2732 763 episcopus;
2765 709 2885 748 cum
2914 696 3158 763 haeresim
3189 710 3344 749 suam

1764 763 2122 816 (lisseminarc
2175 764 2401 830 emperit
2436 763 2535 816 sub
2561 762 2824 830 Adriano;
2863 773 2918 818 et
2951 781 3072 818 cum
3108 762 3346 819 Valenti-

1765 833 2256 903 nus_episcopatum
2299 833 2585 887 ambiverit
2623 833 2674 887 iu
2717 835 2888 888 insula
2920 833 3117 903 Cypro,
3148 835 3226 887 uti
3269 847 3342 889 ex

1767 902 1823 953 S.
1865 901 2154 974 Philastrio
2181 903 2433 974 aduionet
2455 904 2514 958 P.
2548 904 2728 971 Lupus
2749 921 2884 974 pag.
2913 901 3039 967 480,
3068 905 3155 958 ubi
3177 905 3346 960 etiam

1766 973 1960 1040 probat
1992 973 2091 1026 sub
2119 972 2431 1040 pontilicatu
2466 973 2524 1026 B.
2551 972 2884 1044 'felespliori,
2916 976 3005 1044 qui
3030 976 3153 1029 huic
3185 975 3345 1029 Sixto

1768 1044 2036 1113 successit
2060 1044 2322 1110 proxime,
2375 1044 2637 1098 delirasse
2682 1044 2881 1113 palam.
2919 1061 2981 1098 ac
3019 1046 3350 1113 praedicasse

1767 1111 2111 1184 \j’alcutinum
2136 1112 2222 1182 (ex
2250 1113 2444 1184 Justini
2473 1111 2752 1184 Apologia)
2780 1125 2832 1169 et
2865 1111 3188 1170 Marci—onem
3216 1115 3343 1170 Cer-

1766 1182 2263 1254 donisdiscipulum
2295 1183 2396 1238 sub
2427 1185 2618 1238 eodem
2650 1182 2977 1254 Telesphore
3027 1195 3353 1254 corrupturu—

1766 1262 1819 1326 et
1841 1253 2153 1326 seductum;
2223 1254 2630 1323 Cerdoncmque
2709 1253 2883 1326 ipsum
2940 1265 3205 1326 memoret
3272 1270 3353 1326 ex.

1767 1325 1825 1376 δῖ.
1861 1323 2060 1376 lrcnzeo
2089 1323 2180 1397 lib.
2215 1340 2294 1387 Ill,
2319 1339 2436 1397 cap.
2466 1326 2521 1384 4.
2556 1326 2716 1379 modo
2731 1323 3164 1397 'exomologesim
3183 1324 3343 1380 fecis-

1767 1407 1825 1445 se
1874 1403 1928 1445 et
1977 1394 2350 1460 paenitentiam
2395 1395 2712 1458 simulasse,
2762 1397 2920 1450 modo
2974 1394 3040 1450 ad
3079 1397 3347 1450 vomitum

1769 1463 2022 1534 rediisse;
2078 1465 2326 1534 universa
2351 1466 2450 1518 ista
2492 1465 2720 1534 probant
2745 1507 2758 1524 .
2799 1466 3133 1533 providentia
3167 1465 3356 1526 Sixti,

1759 1533 1871 1603 jam
1925 1533 2300 1603 perspicientis
2357 1533 2623 1589 lucresum
2685 1537 2869 1590 afllatu
2921 1536 3147 1590 siderari
3198 1535 3347 1589 viros

1768 1605 2141 1675 sacratissimo
2179 1605 2354 1658 ordini
2405 1606 2781 1675 episcopatus,
2827 1605 2910 1660 vel
2963 1607 3218 1666 initiatos,
3261 1603 3346 1657 vel

1769 1675 2013 1745 proxime
2044 1673 2338 1728 iuitiaudos
2368 1717 2382 1738 ,
2437 1673 2655 1728 cautum
2697 1677 2865 1729 fuisse
2923 1693 3018 1745 per
3050 1676 3348 1730 saluberrio

53 1743 243 1827 pridie
270 1743 391 1800 cum
425 1743 627 1829 nosset,
657 1764 781 1829 _nou
832 1747 962 1799 satis
1005 1747 1342 1829 auctoritatis
1367 1765 1430 1800 ex
1480 1749 1543 1829 iis
1569 1763 1664 1800 no-
1699 1772 1738 1829 Β
1769 1759 1909 1796 mam
1949 1743 2090 1799 illius
2115 1746 2318 1829 decreti
2351 1747 2704 1829 sanctionem,
2745 1763 2814 1829 ne
2839 1743 3106 1815 quispiam
3132 1745 3348 1829 episco-

57 1817 311 1888 n.iuib_us
357 1819 496 1886 apud
543 1818 876 1872 Christianos
919 1831 1039 1870 sese
1091 1818 1421 1888 habiturmn.
1452 1819 1662 1888 cpisco-

60 1887 195 1955 pale
227 1885 497 1956 fastigium
531 1889 800 1942 ambiebat
831 1905 844 1940 :
881 1889 1332 1954 quemadnmdum
1378 1885 1666 1941 Tertullia-

60 1973 178 2009 nus
217 1957 391 2026 capite
409 1957 664 2022 4,contra
695 1958 942 2027 eunulcm
968 1967 1263 2011 asseverat.
1287 1957 1545 2012 Providus
1569 1958 1666 2027 igi-

63 2037 166 2078 tur
192 2024 428 2094 pontifex
459 2029 645 2082 Sixtus
669 2028 801 2082 vidit
827 2024 1000 2092 majus
1029 2027 1320 2095 periculum
1349 2024 1666 2082 seduceuda:

59 2097 400 2150 Christiauzc
433 2099 604 2167 plebis
643 2099 711 2151 ab
752 2099 818 2151 iis
844 2096 1152 2160 imminere,
1181 2099 1272 2166 qui
1307 2097 1429 2163 jure
1456 2099 1668 2167 episco—

67 2177 241 2234 patus
266 2183 388 2220 cum
415 2168 740 2222 haberentur
773 2181 1116 2221 successores
1155 2167 1536 2236 apostolorum,
1571 2170 1667 2221 do-

64 2238 234 2290 cendi
258 2253 473 2306 quoque
495 2247 813 2305 potestatem
840 2239 983 2290 inter
1008 2235 1215 2305 potiora
1240 2238 1320 2292 sui
1356 2235 1519 2291 ollicii
1551 2256 1666 2293 mu-

66 2321 209 2360 nera
267 2307 662 2371 obtinuissent;
714 2307 757 2361 si
806 2313 926 2377 post
984 2309 1235 2376 adeptum
1294 2307 1663 2376 episcopatum

66 2377 358 2441 dignitatis
413 2393 523 2431 sua:
564 2377 778 2448 juribus
826 2378 1196 2431 abuterentur.
1254 2378 1433 2433 Edixit
1485 2380 1665 2448 itaque

65 2449 359 2515 cpiscOpos
388 2449 451 2500 a:l
492 2449 723 2502 tribunal
758 2447 901 2502 Petri
949 2456 1202 2502 evocatos
1249 2449 1320 2503 ita
1371 2461 1430 2501 se
1474 2447 1667 2504 sistere

64 2527 352 2589 oportere,
385 2527 461 2582 ut,
499 2534 660 2572 causa
699 2519 965 2580 discussa,
1016 2520 1178 2588 recipi
1205 2535 1234 2572 a
1266 2521 1379 2574 suis
1419 2520 1666 2589 plebibus

67 2588 301 2660 minime
327 2598 544 2660 possent
571 2589 685 2642 sine
718 2589 914 2644 litteris
955 2589 1244 2660 encyclicis
1288 2588 1559 2660 primaria:
1583 2606 1665 2644 se-

67 2657 179 2711 dis.
227 2658 548 2732 l’rovide‘id
595 2660 816 2732 factum,
848 2675 908 2713 ea
942 2657 1301 2732 potissimum
1322 2669 1662 2728 tempestate,

66 2743 180 2794 qua
211 2728 614 2795 persecutiones
643 2728 957 2797 frequentes
981 2745 1082 2782 non
1115 2730 1185 2782 ita
1226 2729 1437 2787 facilem
1480 2732 1665 2785 redde-

66 2797 207 2850 b-nt
244 2807 564 2868 conventum
601 2814 998 2868 episcoporum,
1030 2800 1202 2865 qualis
1249 2800 1424 2855 fuerat
1452 2810 1665 2868 aposto-

69 2868 250 2920 lorum
278 2866 354 2938 tad
395 2866 680 2922 concilium
711 2866 874 2938 super
903 2870 1140 2926 dissidiis
1193 2872 1332 2936 apud
1373 2866 1665 2925 Antioche-

69 2954 178 2991 llos
207 2937 438 3009 subortis
473 2939 523 2991 in
550 2954 710 2993 causa
731 2937 980 3009 legalium
1004 2941 1460 2995 Observationum.
1489 2942 1667 3006 Quare

71 3007 364 3060 dictatori:
402 3009 562 3062 Veluti
595 3007 938 3073 auctoritate,
968 3012 1020 3066 in
1061 3009 1204 3063 Petri
1234 3011 1360 3065 sede
1388 3027 1418 3064 a
1449 3011 1666 3066 Clitislo

75 3078 310 3130 ηιιιιίιιο
348 3076 458 3145 jam
502 3080 812 3142 constituta,
851 3081 1107 3136 utendmn
1155 3079 1249 3133 fuit
1282 3081 1347 3135 ad
1377 3082 1666 3135 consulen-

73 3150 210 3200 dum
258 3134 444 3201 unilati
497 3149 750 3206 Ecclesia:
794 3134 972 3219 atque
1003 3134 1338 3205 intletnuila-ti
1387 3134 1526 3208 lidei.
1575 3134 1738 3204 ubi-C

75 3220 374 3289 maximum
406 3219 708 3275 immineret
734 3221 1025 3275 discrimen
1055 3223 1123 3272 ab
1145 3221 1411 3289 episcopis
1437 3221 1502 3274 ad
1533 3222 1667 3275 falsa

72 3288 332 3359 dogmata
376 3289 792 3354 declinantibus,
840 3307 941 3346 nec
987 3289 1126 3344 ratio
1163 3288 1419 3359 temporis
1463 3292 1668 3346 sineret

74 3357 308 3411 concilia
362 3359 645 3427 praesulum
698 3361 816 3429 cogi
866 3363 979 3430 sub
1013 3360 1184 3415 oculis
1238 3357 1665 3430 persecuturum,

76 3436 176 3481 an:
217 3438 458 3495 pastores
490 3431 748 3483 removeri
781 3431 849 3483 ab
880 3429 1071 3484 ovibus
1109 3430 1208 3483 sibi
1241 3429 1571 3486 concreditis
1612 3432 1663 3484 in

76 3499 170 3550 illa
204 3509 498 3580 temporum
531 3499 1000 3581 difficultatemqua
1049 3499 1289 3581 plc‘bibus
1334 3501 1385 3553 iu
1430 3502 1666 3581 terit:qu

75 3569 392 3648 constitutis
428 3570 710 3637 pncscntia
748 3569 983 3625 fidelium
1013 3569 1232 3640 vigilum
1273 3581 1390 3624 erat
1435 3573 1666 3625 maxime

76 3653 410 3692 llf‘CCSéal'la.

159 3707 363 3761 ltnrsus
417 3707 664 3762 Clemens
739 3708 1135 3764 Alexandrinus
1200 3707 1535 3764 Stromatum
1595 3710 1663 3763 li-

75 3778 184 3829 bro
197 3792 270 3830 vlt
298 3779 472 3842 docet,
503 3779 770 3842 Basilidis,
790 3779 1083 3840 Valentini,
1109 3789 1165 3834 ct
1187 3779 1474 3834 Marcionis
1495 3779 1666 3833 luere-

75 3865 174 3901 scs
204 3848 429 3916 cmpisse
475 3849 574 3920 sub
601 3848 857 3903 Adriano.
891 3849 982 3903 Ait
1003 3850 1145 3903 enim
1175 3865 1296 3920 pag.
1331 3850 1462 3905 769:
1495 3849 1668 3904 «Infe-

79 3920 201 3990 tius
275 3919 648 3990 autezu_circa
713 3927 954 3988 tempora
1030 3919 1264 3974 Adriani
1319 3921 1666 3990 imperatoris

78 3987 302 4040 fuerunt
345 3987 434 4057 qui
476 3987 709 4061 limrescs
757 3991 1245 4060 excogitaverunt,
1299 4001 1355 4045 et
1396 3987 1665 4061 pervenc-

81 4065 220 4130 ruut
292 4059 579 4130 usquead
639 4063 876 4130 :cmtetn'
905 4059 1165 4113 Antonini
1235 4069 1362 4114 natu
1407 4059 1658 4130 majoris.

81 4129 245 4181 Sicut
292 4126 571 4190 Basilides,
629 4129 727 4181 etsi
778 4129 1056 4183 Glauciam
1100 4131 1199 4182 sibi
1252 4126 1516 4184 ascribat'
1545 4146 1660 4182 ma-

78 4201 329 4269 gistrum,
365 4206 422 4250 ut
461 4198 559 4266 ipsi
589 4198 912 4269 gloriantur,
942 4201 1032 4269 qui
1063 4199 1163 4253 fuit
1193 4199 1335 4255 Petri
1367 4201 1657 4267 interpres.

78 4267 348 4320 Similiter
366 4274 542 4320 autem
581 4268 918 4322 Valentinum
963 4267 1154 4322 dicunt
1215 4271 1429 4325 audisse
1481 4271 1659 4324 Theo;

79 4337 298 4391 dadem.
368 4335 418 4390 Is
459 4345 636 4391 autem
696 4338 796 4391 fuit
855 4339 1003 4391 Pauli
1044 4339 1344 4394 familiaris.
1419 4339 1658 4395 Marcion

78 4408 234 4459 enim
259 4422 378 4460 cum
418 4417 576 4462 natus
602 4415 747 4462 esset
775 4410 962 4462 eadem
995 4425 1099 4477 qua
1132 4410 1229 4477 ipsi
1270 4419 1442 4468 aetate,
1478 4426 1662 4466 versa-

1770 1829 1958 1882 pormn
2011 1815 2309 1884 postulatus
2352 1815 2417 1867 ad
2473 1814 2735 1882 judicium
2776 1814 3032 1870 Roman-.1:
3077 1816 3246 1878 sedis,
3277 1815 3366 1867 ab.

1768 1900 1941 1952 caque
1968 1887 2133 1938 redux
2171 1887 2502 1956 reciperetur
2526 1886 2642 1940 sine
2665 1886 2861 1940 litteris
2883 1886 3194 1956 cucyclicis,
3227 1899 3353 1939 cer-

1769 1963 1880 2006 ttun
1908 1956 2275 2009 testimonium
2309 1955 2710 2025 proferentihus
2735 1956 2802 2010 de
2851 1955 3084 2010 veritate
3132 1965 3187 2008 et
3215 1970 3349 2009 con-

1771 2025 2005 2080 fessione
2027 2026 2288 2079 doctrinae
2315 2025 2624 2094 apostolicis
2647 2027 2986 2094 dogmatibus
3005 2041 3276 2080 consonate.

1839 2095 2008 2166 Satist
2038 2112 2183 2166 ergo,
2212 2096 2530 2165 intelligitur
2579 2111 2644 2150 ex
2691 2097 2948 2150 Ecclesia:
2993 2096 3344 2150 constitutio-

1768 2180 1836 2218 ne
1860 2167 1958 2218 sub
1991 2164 2146 2220 Sixto
2167 2165 2210 2229 l,
2251 2164 2550 2235 imperante
2570 2166 2827 2228 Adriano,
2871 2182 3061 2234 nempe
3093 2183 3156 2220 ex
3179 2165 3349 2218 histo-

1769 2236 1846 2288 ria
1872 2238 2160 2300 haereseos,
2189 2245 2300 2290 tum
2327 2237 2558 2306 primum
2601 2252 2747 2290 ansa:
2786 2237 2929 2289 inter
2973 2237 3351 2306 episcoporum

1767 2307 2053 2376 cathedras
2088 2321 2149 2361 se
2177 2303 2434 2360 audacter
2461 2307 2762 2368 intrudere,
2804 2303 3086 2376 postquam
3129 2303 3349 2376 mortali

1770 2375 1899 2430 huic
1923 2377 2051 2431 vita:
2070 2377 2254 2447 erepti
2282 2376 2496 2430 fuerant
2517 2377 2777 2445 apostoli,
2806 2373 2870 2429 ac
2916 2373 3164 2447 discipuli
3189 2415 3211 2447 ,_
3257 2373 3354 2442 qui

1767 2447 2043 2502 Christum
2067 2445 2351 2501 Dominum
2385 2447 2436 2500 in
2476 2461 2642 2500 carne
2668 2447 2940 2506 viderant,
2987 2445 3361 2507 intelligitur,

1769 2485 2010 2594 itiquain‘,
2045 2485 2264 2594 occasio
2292 2525 2347 2594 et
2378 2518 2462 2594 vis
2501 2516 2707 2594 decreti
2739 2487 2961 2594 Sixtini,
2987 2485 3352 2594 providenter?

1768 2584 2145 2658 prospicientis
2195 2587 2452 2658 Ecclesia:
2511 2585 2702 2658 unitati
2759 2602 2850 2658 ach
2880 2585 2998 2639 lidei
3049 2584 3350 2654 integritati

1767 2655 2042 2712 servanda:
2069 2671 2162 2726 per
2183 2657 2484 2726 encyclicas
2499 2655 2804 2722 lmjusmodi
2823 2657 3052 2726 litteras,
3071 2671 3190 2724 qua:
3210 2663 3354 2726 post-

1767 2729 1984 2782 modqu
2017 2721 2257 2796 [oratque
2281 2721 2440 2781 dicta:
2463 2721 2606 2788 sunt,
2629 2736 2778 2807 certa
2809 2721 3346 2807 documenti—apida-

1769 2807 1972 2858 lClliCS,
1999 2814 2061 2850 εις
2087 2807 2346 2851 ιρεερηιιη
2383 2811 2781 2850 (ἷΟΙὩΙΙΙΙΙΙἸΙΟΙΙΙΒ
2811 2809 3356 2865 ommumcptscopo-

1769 2884 1886 2921 rum
1913 2883 2036 2920 cum
2055 2868 2195 2920 Petri
2227 2868 2352 2921 sede
2379 2866 2635 2936 primaria
2659 2875 2720 2936 ut
2739 2867 2789 2919 in
2816 2866 2985 2919 reditu
3013 2865 3078 2918 ad
3103 2865 3352 2934 proprias

1777 2937 1964 3007 plebes
1998 2946 2113 2991 tuto
2141 2935 2512 3008 reciperentur
2531 2951 2562 2990 a
2599 2935 2849 2992 ﬁdelibus
2869 2937 3184 2991 earumdem
3209 2949 3372 2990 cum-

1769 3008 2120 3063 concreditis.

2405 3137 2722 3195 (SUCO-Nil.

1838 3248 2004 3303 Linea
2035 3248 2086 3304 5.
2119 3280 2205 3322 et
2225 3249 2453 3322 Rediens
2486 3251 2556 3322 ad
2603 3252 2908 3322 parochiam
2951 3269 3102 3306 suam
3131 3270 3235 3307 non
3263 3269 3372 3308 stt--

1767 3321 2071 3386 sciperetur,
2108 3321 2212 3390 nisi,
2231 3337 2348 3373 cum
2399 3321 2585 3374 litteris
2613 3322 2948 3390 patriarchrv.
2975 3322 3199 3376 Censuit
3223 3339 3351 3377 san-

1767 3400 1888 3462 etus
1922 3390 2159 3456 pontifex
2192 3389 2377 3444 Sixtus
2399 3429 2415 3453 ,
2457 3407 2521 3444 ne
2556 3392 2792 3459 episcopi
2822 3433 2837 3454 ,
2877 3393 2943 3445 ad
2981 3408 3040 3446 se
3063 3395 3164 3446 lem
3220 3408 3354 3462 apo-

1769 3459 2015 3512 stolicam
2065 3475 2388 3528 quacunque
2427 3475 2492 3515 ex
2534 3476 2696 3514 causa
2738 3463 2933 3525 vocati,
2970 3459 3280 3526 redeuntes,
3322 3482 3356 3516 ιι

1767 3545 1879 3580 suis
1917 3530 2161 3597 plebibus
2220 3531 2633 3598 reciperentur,
2687 3531 2787 3585 nisi
2833 3547 3019 3586 secum
3073 3533 3356 3588 deferrent

1767 3598 1976 3652 litteras
2002 3600 2225 3651 Romani
2257 3600 2556 3670 pontificis,
2584 3601 2837 3670 populum
2863 3602 3184 3664 salutantes.
3217 3619 3351 3657 cos-

1767 3682 1872 3743 qne
1928 3680 2219 3743 purgatos,
2260 3669 2344 3722 vel
2402 3669 2737 3734 instructos,
2786 3687 3116 3743 causamque
3153 3688 3366 3728 eorum.

1766 3737 2062 3792 discussam
2091 3737 2258 3793 fuisse
2293 3749 2708 3808 cognoscerent.

2451 3871 2661 3928 PAGIL

1833 3987 1996 4042 Linea
2019 3987 2073 4041 5.
2094 4016 2163 4026 ——
2190 3985 2291 4039 Hic
2320 3986 2586 4038 constituit
2605 4025 2618 4045 ,
2651 3995 2704 4037 ut
2732 3985 3046 4048 ministeria,
3079 3995 3185 4039 etc.
3205 3985 3360 4040 (Ἷθιιο

1764 4059 1940 4112 stituit
1988 4059 2152 4111 etiam
2195 4072 2263 4110 ex
2301 4056 2490 4110 eodem
2527 4057 2664 4110 libro
2687 4055 2990 4108 Pontilicali
3023 4096 3037 4118 ,
3091 4065 3151 4109 ut
3193 4071 3351 4110 sacra

1767 4144 1896 4182 vasa
1948 4129 2018 4180 ab
2057 4127 2179 4180 aliis
2221 4141 2382 4194 quam
2425 4141 2453 4179 a
2505 4127 2675 4179 sacris
2706 4125 2972 4179 ministris
3022 4142 3128 4178 non
3168 4136 3353 4195 tange-

1768 4209 1974 4252 rcntur.
2001 4196 2122 4250 ldeo
2145 4207 2324 4251 autem
2355 4195 2408 4247 id
2435 4197 2604 4249 vetuit
2635 4196 2842 4258 Sistus,
2869 4195 2994 4264 quia
3037 4205 3142 4249 tam
3171 4195 3311 4248 calix
3331 4236 3352 4260 ,

1762 4284 1921 4338 quam
1951 4279 2147 4338 patena
2171 4277 2328 4320 erant
2357 4281 2478 4338 vasa
2507 4274 2822 4320 consecrata
2847 4283 2860 4329 ;
2902 4274 3084 4338 exstat
3111 4265 3256 4338 enim
3287 4266 3343 4319 in

1761 4335 1966 4393 ordine
2021 4337 2268 4390 Romano
2319 4337 2604 4405 utriusque
2658 4335 3033 4399 consecratio,
3089 4335 3354 4405 unctione

1763 4408 2116 4470 (llirismatis,
2162 4409 2436 4475 certisque
2471 4404 2726 4475 precibus
2771 4405 3046 4460 adhibitis.
3088 4404 3358 4460 ldemde—

79 4478 276 4548 [ratur
302 4486 358 4530 ut
389 4492 554 4548 senex
595 4492 717 4548 cum
762 4475 1088 4546 junioribus.
1121 4475 1300 4534 i'llzec
1332 4496 1360 4533 a
1416 4480 1663 4534 Clemen-
1693 4479 1738 4536 D
1766 4480 1936 4533 crevit
1989 4487 2177 4548 postea
2241 4477 2529 4532 concilium
2577 4477 2940 4531 Laodicenum
2977 4491 3146 4548 _anno
3187 4475 3357 4548 circi-

82 4556 139 4618 te
172 4545 373 4618 scripta
394 4547 642 4618 recitans
697 4545 876 4616 Lupus
929 4549 1251 4618 intscholiis
1295 4551 1362 4604 ad
1414 4565 1534 4618 cap.
1590 4552 1660 4606 50

81 4616 402 4686 Tertulliani
429 4619 494 4670 de
525 4618 857 4686 Przesc.ript.,
880 4617 1062 4673 subdit
1094 4635 1107 4670 :
1145 4636 1162 4668 ι
1211 4619 1268 4672 S.
1299 4616 1547 4674 Clemens
1571 4636 1658 4673 se-

80 4685 438 4756 cundodicit,
469 4688 609 4756 quod
634 4685 915 4751 Basilides,
957 4697 1014 4741 et
1045 4688 1390 4752 Valentinus,
1432 4699 1487 4744 et
1517 4690 1660 4743 illar-

85 4757 240 4829 ciou,
271 4753 693 4829 fceriut'coaevi,
720 4767 774 4812 et
802 4773 990 4812 omnes
1020 4760 1282 4826 cmperint
1313 4761 1410 4812 sub
1435 4760 1661 4829 imperio

81 4825 328 4896 Adriani.
362 4825 597 4892 Qu:estio
619 4837 721 4889 est,
749 4829 876 4896 quid
904 4825 1204 4895 coeperint?
1238 4830 1320 4884 An
1354 4825 1538 4893 vitam,
1591 4846 1662 4884 an

83 4895 399 4968 bzereticam
432 4895 1272 4968 praedicationem?Bespondro,
1323 4901 1463 4968 quod
1491 4900 1659 4954 luere-

83 4967 734 5038 ticamprtedicationem.
771 4967 981 5022 Etenim
1028 4968 1312 5023 Basilidem
1343 4967 1450 5024 sub
1491 4971 1651 5038 impe-

84 5036 176 5088 rio
201 5034 420 5112 Adriani
463 5038 787 5112 praedicasse
825 5038 1024 5112 diserte
1059 5039 1254 5112 scribit
1283 5039 1341 5093 S.
1397 5034 1660 5112 Hierony-

84 5118 214 5178 irtus
263 5105 318 5178 in
366 5107 612 5161 encomio
649 5107 870 5162 illustris
908 5109 1006 5178 viri
1044 5109 1292 5178 Agrippa:
1331 5105 1654 5164 tiastorisfi

84 5175 237 5250 [vitim
263 5174 862 5250 Lupusuobscrvaverat
887 5177 1046 5246 paulo
1084 5174 1252 5250 ante,
1285 5179 1490 5250 scilicet
1536 5197 1656 5250 pag.

86 5243 220 5317 479,
257 5260 319 5298 ex
354 5246 411 5300 S.
449 5247 763 5315 Epiphanio,
796 5257 850 5302 et
872 5243 936 5302 ex
973 5249 1264 5317 appendice
1300 5249 1419 5303 libri
1445 5243 1658 5305 Tertul-

89 5315 225 5388 liaui
281 5317 346 5369 de
383 5317 691 5388 l’iwscript.
722 5315 1057 5388 Marcionem
1095 5319 1259 5373 fuisse
1286 5320 1520 5388 episcopi
1550 5362 1562 5382 ,
1605 5329 1668 5374 et.

87 5385 308 5456 quidem
354 5385 679 5456 szmctissitni
720 5387 843 5450 viri,
873 5389 1192 5456 degenerem
1247 5385 1433 5443 filium.
1464 5385 1656 5454 Addit,

90 5457 162 5508 ab
197 5453 391 5526 Optato
418 5455 724 5511 Milevitano
747 5453 1030 5519 altirma'ri,
1056 5466 1106 5511 et
1137 5459 1310 5526 ipsum
1334 5453 1659 5514 Marcionem

87 5526 259 5597 fuisse
279 5525 611 5595 episcopum.
665 5545 682 5577 ι
716 5528 887 5591 Sunt,
937 5525 1272 5597 iuquit,qui
1326 5530 1660 5596 existimant,

88 5593 421 5667 Marcionem
458 5593 557 5650 sub
612 5605 764 5667 patre
802 5593 1072 5667 Amasene
1114 5593 1368 5667 episcopo
1399 5616 1462 5654 ac
1497 5593 1663 5654 totius

90 5663 390 5740 provinciae
425 5663 985 5740 metropolitafuisse
1042 5663 1396 5740 Sinopensem
1460 5672 1665 5740 cpisco-

91 5751 136 5803 νε
185 5749 243 5798 n,
265 5746 318 5790 et
346 5735 411 5792 ab
440 5736 582 5792 illius
625 5737 865 5809 synodali
897 5779 910 5806 ,
943 5753 1048 5810 qua
1092 5735 1414 5813 degradatas
1454 5735 1669 5810 fuerat,

1765 4559 1848 4603 tcr
1901 4546 2009 4602 363
2053 4547 2423 4609 celebratum,
2458 4549 2511 4602 in
2555 4562 2663 4616 quo
2716 4561 2924 4602 canone
2967 4546 3029 4602 2|
3085 4547 3353 4602 sancitum

1763 4629 1869 4682 est.
1901 4636 2006 4674 uou
2033 4629 2284 4689 oportere
2311 4618 2699 4672 sululiaconum
2732 4632 2857 4671 vasa
2886 4629 3100 4689 sacrata
3143 4618 3355 4689 contin-

1766 4705 1920 4760 gere;
1949 4699 2002 4743 et
2030 4687 2316 4760 concilium
2363 4689 2671 4757 Agathense
2719 4703 2860 4741 anno
2897 4687 3027 4752 506,
3053 4689 3158 4760 sub
3195 4687 3358 4757 Sym-

1765 4761 1978 4823 macho,
2018 4775 2222 4814 canone
2246 4759 2334 4820 66.
2369 4760 2558 4812 statuit
2610 4774 2714 4812 non
2750 4767 3004 4826 oportere
3050 4759 3354 4811 insacratos

1765 4831 2044 4884 ministros
2088 4830 2403 4898 contingere
2452 4845 2578 4882 vasa
2633 4827 2940 4898 Dominica.
2991 4826 3360 4898 Sttbtliaconis

1771 4909 1948 4952 tamen
1991 4901 2114 4953 data
2149 4895 2371 4953 facultas
2409 4899 2510 4951 ista
2540 4909 2622 4953 est
2649 4899 2702 4950 in
2750 4897 2982 4950 concilio
3030 4895 3360 4951 Bracarensi

1771 4970 1873 5024 sub
1896 4971 2104 5024 Joanne
2131 4969 2218 5030 lll,
2267 4984 2410 5022 anno
2435 4968 2558 5031 565,
2609 4983 2814 5021 canone
2846 4968 2912 5020 ltt
2941 5008 2952 5020 .
3005 4987 3022 5017 α
3059 4966 3269 5021 Placuit
3298 4973 3357 5017 ut

1771 5054 1876 5093 non
1899 5042 2059 5094 liceat
2104 5040 2325 5094 cuilibet
2351 5055 2416 5091 ex
2459 5039 2751 5094 lectoribus
2782 5053 2939 5092 sacra
2986 5037 3174 5091 altaris
3221 5051 3354 5088 vasa

1769 5119 2008 5178 portare,
2039 5109 2142 5164 nisi
2173 5110 2257 5164 his
2287 5109 2374 5176 qui
2417 5109 2486 5163 ab
2507 5111 2759 5179 episcopo
2791 5106 3104 5179 subdiaconi
3138 5107 3355 5159 fuerunt

1768 5177 2026 5234 Ordinati.
2059 5199 2076 5229 ι
2134 5179 2410 5250 Acolyttiis
2437 5177 2601 5234 etiam
2641 5179 2885 5250 eamdem
2914 5177 3187 5232 licentiam
3225 5189 3358 5231 con-

1767 5265 1976 5304 cessam
2007 5266 2071 5302 ex
2105 5248 2295 5303 ordine
2322 5249 2562 5302 Romano
2579 5248 2919 5303 manifestum
2950 5258 3053 5302 est.

1839 5320 2087 5390 Plerique
2117 5321 2379 5390 scribunt,
2413 5317 2655 5380 Sanctus,
2685 5328 2918 5381 sanctus,
2948 5326 3180 5390 sanctus,
3221 5324 3356 5390 etc.,

1766 5405 1795 5442 a
1829 5385 2270 5444 Sixtosacrilicio
2309 5390 2488 5443 missa:
2534 5390 2775 5442 additum
2819 5403 2961 5453 esse,
3006 5387 3101 5442 sed
3143 5385 3358 5440 auctius

1765 5461 2069 5515 Chronicon
2125 5469 2368 5513 veterum
2415 5460 2744 5528 pontificum
2778 5459 2831 5511 id
2885 5463 3135 5528 soluura
3200 5457 3357 5528 Sixto

1767 5532 2114 5584 constitutum
2154 5531 2247 5594 ait,
2280 5539 2356 5590 nt,
2401 5526 2680 5584 sacerdote
2732 5528 2986 5598 hymnum
3031 5527 3180 5580 illum
3223 5526 3358 5579 inci-

1767 5602 1966 5670 piente.
1995 5602 2156 5654 etiam
2200 5600 2428 5669 populus
2472 5601 2718 5670 eumdem
2765 5606 3026 5670 cantaret.
3060 5598 3196 5663 Quia
3228 5610 3358 5650 vero

1768 5669 2052 5740 progressu
2097 5671 2355 5738 temporis
2395 5671 2611 5738 quidam
2661 5669 2857 5723 abusus
2906 5669 3255 5740 irrepseratit,
3299 5673 3358 5740 ut

1769 5735 1980 5796 nonnisi
2026 5741 2076 5795 in
2117 5735 2444 5797 sole-mnibus
2490 5740 2665 5796 missis
2697 5740 2990 5808 diceretur,
3017 5735 3081 5795 eo
3123 5735 3356 5794 tollendo
