3964 6320
76 321 220 378 1189

879 317 1196 376 ιιεδτοιιιλ
1239 320 1324 375 DE
1363 318 1540 374 VlTlS
1578 319 1742 377 HOH.
1783 317 1984 378 PONT.
2038 351 2093 363 -
2128 321 2186 376 S.
2227 318 2555 381 HYGINUS.

3217 337 3355 393 H90

73 435 340 517 Anicetus
365 431 808 517 Pio_pr:epositns
822 432 976 517 'l'uil._
997 433 1149 517 Hune
1176 449 1416 516 errorem
1443 434 1662 517 agnovit
1689 441 1736 498 Α
1767 433 2132 517 [ξριιιειιονιιιη
2183 434 2514 517 pontificum
2545 437 2614 490 ita
2657 439 2853 517 scribit
2887 441 3196 517 :_Ilygintts,
3238 461 3356 517 pou

74 515 198 575 post
230 507 433 575 obitum
470 503 789 575 Heusehcnii
822 504 1237 573 Papebrochius,
1263 504 1352 573 qui
1384 504 1436 557 in
1464 503 1660 559 conatu

74 572 656 628 illn'onico-llistOrieo
688 572 910 635 fatetur,
943 575 1085 643 quod
1115 589 1172 627 se
1203 572 1290 631 diu
1325 575 1662 643 multumque

78 646 135 699 in
181 660 397 698 onmem
445 654 650 712 partem
687 645 939 709 verterit,
979 655 1036 697 ut
1069 645 1388 714 antiquioris
1433 645 1662 714 catalogi

74 716 437 769 chronotaxis
479 730 546 768 ex
595 716 905 767 consulibus
951 714 1236 784 desumpta
1286 730 1412 767 vero
1457 715 1663 769 ealculo

77 785 454 854 responderet.
491 803 508 833 ι
544 784 598 838 In
630 793 773 836 tanta
816 783 1188 854 perplexitate,
1220 785 1391 853 inquit
1421 801 1539 853 pag.
1568 785 1661 847 22,

79 856 371 924 ambiguus
407 853 574 916 btesi,
627 854 814 912 fateor,
856 853 943 907 diu
1002 855 1354 923 nmltumque,
1393 864 1445 907 et
1493 872 1578 909 me
1611 858 1661 909 in

74 941 300 978 onmem
337 933 543 992 partem
587 925 741 977 torsi.
787 924 1022 978 Tandem
1071 935 1245 979 tamen
1297 925 1481 978 incidit
1511 926 1662 978 anci-

74 997 214 1065 pilis
247 993 455 1065 consilii
489 994 768 1056 divinatio,
804 1010 922 1062 qum
952 995 1146 1048 nodum
1179 1011 1280 1048 non
1312 995 1540 1058 solvere,
1570 995 1664 1050 sed

73 1063 331 1120 iscindere
370 1063 646 1134 videatur;
693 1064 776 1118 bis
813 1065 1027 1134 gemino
1053 1066 1330 1119 consulum
1362 1065 1474 1134 pari
1525 1067 1666 1119 inter

73 1135 220 1189 duos
273 1133 553 1204 pontiﬁces
610 1133 766 1187 aliter
817 1133 1044 1203 digesto,
1100 1136 1177 1189 sic
1218 1133 1428 1195 tamen,
1465 1144 1521 1187 ut
1573 1152 1664 1189 eo-

74 1206 329 1258 rumdem
382 1204 600 1258 nmuina
654 1214 937 1257 serventur
989 1205 1219 1268 intacta,
1265 1218 1320 1258 et
1364 1206 1492 1258 Pius
1530 1221 1666 1274 pra:-

73 1284 316 1344 ponatur
354 1274 600 1335 Aniceto,
647 1274 745 1328 levi
793 1274 932 1328 facta
979 1277 1273 1329 mutatione.
1317 1276 1368 1328 in
1401 1276 1664 1344 antiquis-

73 1348 222 1399 simo
265 1345 503 1398 onmimn
547 1345 812 1414 catalogo,
859 1347 997 1399 unde
1040 1347 1286 1399 confusio
1333 1347 1384 1398 in
1442 1357 1664 1400 earteros

73 1414 454 1486 nuuiesrvelut
497 1430 560 1467 ex
608 1415 755 1486 fonte
795 1415 1109 1484 proﬂuxisse
1139 1416 1332 1486 potuit.
1358 1438 1374 1466 ι
1418 1414 1664 1486 Mutatio:

73 1501 205 1538 nem
240 1485 381 1538 illam
412 1485 661 1554 proponit
688 1484 739 1538 in
778 1486 1108 1539 divinatione
1142 1484 1240 1540 sua
1285 1501 1403 1555 pag.
1433 1485 1526 1548 ‘25,
1573 1485 1661 1540 ubi

73 1570 181 1624 pro
227 1555 555 1626 consul-ibus,
595 1555 686 1624 qui
735 1556 981 1626 nunciita
1025 1555 1089 1626 in
1119 1556 1362 1626 catalogo
1405 1557 1664 1626 exhiben-

75 1623 172 1678 tur
210 1643 223 1678 :
263 1623 578 1678 Anicetus...
615 1623 672 1676 'n
725 1625 999 1678 consulatu
1053 1623 1314 1680 Gallicani
1360 1637 1406 1679 et
1470 1624 1662 1679 Veteris

74 1711 244 1765 usque
293 1692 554 1765 Praesenti:
597 1703 644 1747 et
702 1693 908 1763 [tu/ina.
947 1725 1017 1734 —
1053 1693 1251 1755 Pius...
1303 1715 1336 1748 a
1385 1696 1660 1749 consulum

73 1761 228 1817 cuii-5
276 1774 321 1816 ct
369 1761 544 1817 Severi
584 1781 744 1833 usque
783 1761 1008 1818 Duobus
1047 1766 1339 1834 Augustis;
1383 1768 1516 1834 petit
1559 1766 1656 1818 sibi

75 1835 243 1887 licere
273 1834 385 1887 lucc
417 1834 576 1887 verba
608 1835 674 1887 ita
703 1836 986 1888 invertere.
1005 1865 1074 1874 —-
1101 1836 1296 1889 Pius...
1326 1855 1356 1887 ιι
1383 1835 1659 1889 consulatu

75 1903 229 1958 (Πανί
285 1914 330 1957 et
389 1902 570 1958 Severi
602 1922 762 1972 usque
791 1904 1063 1974 ,Prtrseute
1102 1917 1148 1958 et
1201 1905 1412 1974 lin/ina.
1434 1936 1503 1944 —
1535 1907 1663 1958 Aui-

73 1986 352 2046 (διείληφε
375 1974 651 2028 consulatu
676 1973 936 2028 Gallicani
959 1988 1005 2028 et
1041 1974 1235 2030 Veteris
1262 1973 1420 2046 usque
1449 1975 1662 2028 Duobus

74 2044 360 2114 Augustis.
437 2113 440 2114 ν
733 2113 738 2114 γ
782 2048 787 2053 ’

155 2113 182 2164 ι
208 2115 315 2168 Hac
361 2113 515 2184 enim
554 2113 851 2167 mutatione
896 2116 1184 2183 permissa,
1221 2135 1238 2166 ι
1269 2116 1442 2184 inquit
1468 2131 1660 2170 consc-

73 2195 310 2252 quenter
364 2183 792 2252 Papebrochtus,
827 2203 846 2234 ς
879 2185 1063 2238 videor
1111 2186 1240 2240 mihi
1287 2183 1364 2239 sic
1411 2188 1663 2238 ordinare

73 2256 282 2316 nnmia,
319 2263 377 2306 ut
413 2253 731 2325 cmitinuata
761 2256 1102 2325 successione
1137 2257 1472 2325 pontilicum,
1522 2256 1662 2307 vica-

73 2327 413 2393 riorumque,
448 2325 609 2394 etiam
639 2323 690 2377 in
722 2323 803 2377 his
832 2325 1060 2389 duobus,
1093 2323 1148 2380 et
1175 2325 1521 2394 consequenti
1563 2326 1662 2378 So-

73 2407 215 2456 terc,
246 2410 312 2448 eo
338 2394 472 2453 loco,
503 2393 590 2447 ubi
623 2394 758 2447 alias
787 2396 1152 2462 requireretur
1184 2393 1658 2464 interpontilicium

73 2464 360 2534 plusquam
411 2471 703 2534 semestre,
753 2465 910 2534 pauci
960 2467 1073 2520 dies
1121 2464 1418 2530 sulliciaut,
1466 2467 1661 2534 quibus

73 2533 234 2590 Sedes
264 2533 550 2588 vacaverit.
576 2552 594 2584 ι

147 2605 200 2656 5.
245 2603 510 2656 Hactenus
545 2603 962 2672 Papebrochius,
993 2605 1081 2673 qui
1111 2613 1172 2659 ut
1211 2604 1534 2673 antiquioris
1568 2618 1663 2657 ca-

73 2674 240 2744 talogi
272 2673 648 2728 auctoritatem
683 2685 914 2744 tueatur,
944 2675 1078 2730 duos
1122 2677 1173 2728 iu
1214 2677 1405 2744 prims
1443 2690 1661 2728 errores

73 2743 428 2814 corrigendos
461 2759 582 2798 esse
629 2754 802 2814 putat.
849 2743 1044 2799 Verum
1084 2743 1529 2812 cuurcatalogus
1573 2745 1660 2798 ille

73 2831 215 2883 Opus
256 2815 449 2866 habeat
483 2814 600 2868 istis
645 2816 1089 2878 correctionilms,
1139 2832 1296 2869 nemo
1343 2832 1448 2869 non
1495 2816 1658 2876 videt,

73 2885 327 2936 Ptlllltielﬂ
355 2884 422 2937 ab
447 2899 512 2937 eo
541 2886 918 2938 concinnatum
965 2887 1148 2950 fuisse,
1195 2887 1284 2955 qui
1335 2886 1659 2939 accuratiori

74 2955 447 3008 Horitattorum
494 2955 804 3026 pontificum
839 2957 1030 3009 notitia
1076 2957 1368 3026 indigebat.
1407 2955 1544 3008 Etsi
1585 2955 1658 3008 ita

74 3027 270 3078 liceret
302 3035 508 3078 minare
547 3025 598 3078 iu
640 3026 809 3086 Actis,
843 3035 1000 3092 prout
1043 3026 1142 3080 sibi
1169 3025 1313 3080 circa
1346 3027 1485 3080 hunc
1511 3034 1660 3080 cata-

76 3097 266 3165 logum
315 3094 476 3147 licere
511 3095 664 3164 petiit
706 3096 787 3147 vir
827 3097 1092 3160 crmlitus,
1122 3096 1210 3149 vix
1259 3097 1422 3149 ullum
1469 3111 1656 3148 monu-

75 3175 323 3219 mentum
370 3166 766 3232 supposititinm
804 3165 1135 3233 reperiretur
1183 3169 1325 3235 quod
1369 3166 1662 3219 verisimile

75 3235 236 3289 reddi
275 3251 379 3286 non
428 3245 626 3303 posset.
674 3235 906 3302 Agnovit
960 3237 1060 3290 hoc
1106 3236 1504 3304 Papebroeltius
1551 3237 1664 3304 ipse

76 3308 138 3358 in
180 3304 471 3376 Anamncsi
513 3305 580 3358 de
637 3306 787 3358 Cleto
835 3316 890 3358 et
922 3305 1179 3360 Anacleto
1232 3322 1352 3376 pag.
1397 3306 1521 3374 ‘217‘,
1574 3306 1663 3358 ubi

74 3377 314 3443 ingenue
365 3374 582 3438 fatetur,
633 3377 866 3444 primunt
914 3374 1458 3445 antiquissiutuntquc
1507 3383 1661 3428 cata-

77 3447 264 3514 logum
296 3445 345 3496 in
388 3445 535 3497 hisce
584 3445 864 3513 principiis
915 3461 1018 3498 non
1065 3447 1136 3499 ita
1186 3456 1393 3499 certum
1437 3461 1574 3507 csse,
1608 3454 1664 3497 ut

74 3516 244 3583 possit
291 3515 446 3582 ﬁdem
489 3515 660 3584 facere
707 3515 1054 3567 indubitatam
1082 3526 1198 3584 post
1245 3516 1665 3568 animadversum

74 3589 135 3638 in
173 3585 410 3646 Auiceto,
457 3595 503 3637 et
539 3583 641 3637 Pio
673 3584 1046 3652 difﬁcultatem.
1083 3583 1315 3639 Relictis
1348 3587 1528 3652 itaque
1575 3584 1662 3645 iis,

75 3671 206 3724 qua:
235 3655 299 3707 ad
329 3653 650 3722 antiquioris
689 3655 918 3722 catalngi
965 3656 1342 3709 auctoritatem
1393 3663 1660 3722 spectant,

74 3725 364 3778 veniamus
393 3726 460 3777 ad
503 3725 734 3793 primum
765 3739 1026 3788 errorem,
1069 3724 1664 3794 quemiPapebrochins

74 3795 460 3863 corrigendum
505 3795 679 3857 duxit,
721 3805 776 3847 et
831 3793 1194 3848 monstremus
1239 3793 1390 3847 Pium
1439 3795 1663 3847 Aniceto

75 3866 500 3936 praeponendum
531 3878 674 3926 esse,
706 3873 866 3932 prout
893 3877 1210 3936 prtcpounnt
1240 3863 1546 3936 complures
1570 3879 1664 3936 ca-

79 3934 248 4002 ialogi
291 3942 437 3994 ante,
480 3943 532 3988 et
587 3943 709 4002 post
761 3943 997 4002 tempora
1053 3934 1322 3987 Anastasii
1372 3934 1663 3987 Bibliothe-

77 4007 254 4067 Carit,
305 4006 444 4056 inter
481 4018 617 4072 quos
666 4003 934 4071 reperitur
969 4020 1105 4058 unus
1145 4003 1434 4060 Vaticanus
1483 4003 1663 4057 smeuli

79 4073 371 4131 undecimi,
411 4074 547 4127 alter
588 4074 936 4144 Bibliothecze
961 4075 1228 4144 quondam
1249 4073 1666 4144 sapientissimi}?

79 4145 289 4214 regina:
337 4144 541 4214 Sueciae
585 4144 764 4198 δευουιὶ
798 4143 1198 4214 ίιιοιιίίᾼιρινιίιιε
1243 4143 1668 4197 Palatino-Vati-

75 4212 257 4269 canus
297 4213 477 4267 s:cculi
517 4215 715 4276 octavi,
762 4213 848 4266 alii
891 4212 1242 4269 Corbcienses
1272 4215 1400 4276 duo,
1436 4229 1665 4282 quorum

75 4287 228 4338 alter
269 4283 422 4336 initio
467 4283 646 4338 smculi
691 4283 898 4346 octavi,
947 4284 1084 4337 alter
1125 4283 1322 4338 saeculo
1370 4295 1524 4338 sexto
1568 4284 1667 4335 sub

79 4354 286 4423 Vigilio
332 4369 500 4422 papa,
548 4353 854 4407 concinuati
905 4363 1051 4406 sunt.
1103 4354 1484 4425 Catalognrum
1537 4368 1666 4425 vero

78 4434 343 4478 auctores
389 4425 570 4477 hacin
603 4439 659 4477 re
699 4425 867 4476 secuti
913 4431 1040 4477 sunt
1076 4423 1441 4478 testimonium
1492 4423 1665 4477 sancti

1766 501 1935 580 Pius,
1977 515 2090 571 post
2138 501 2288 580 quem
2337 507 2618 580 Anicetus.
2654 507 2933 580 llegcsippi
2985 501 3351 576 tvé'stimouiuni

1764 576 2193 657 reperituLapud
2223 575 2534 657 Eusebium,
2571 575 2764 657 lih.htv',
2793 575 2909 649 cap.
2936 583 3028 644 9.],
3064 586 3150 657 ubi
3183 575 3358 657 "ego;

1764 643 1947 725 sippus
1967 643 2197 725 alliciunt
2220 662 2232 725 ξ
2259 664 2274 694 t
2302 645 2432 725 (ium
2455 663 2629 700 essent
2661 643 2870 725 Hotnar,
2889 643 3057 725 mansi
3085 653 3155 707 ibi
3184 643 3354 725 usque

1764 714 1829 791 ad
1853 715 2117 791 pontiﬁcis
2136 716 2339 768 Aniceti
2371 724 2631 791 tempora»,
2653 718 2806 785 cujus
2830 731 2938 774 tum
2961 724 3176 791 quidem
3201 714 3356 782 Elian;

1767 785 1976 837 therius
2022 785 2278 864 diaconus
2316 796 2483 866 erat:
2522 787 2656 866 Huic
2702 785 3197 866 successit:Soter,
3247 813 3355 866 quo

1763 865 1938 931 morte
1982 856 2266 931 exstincto.
2299 856 2654 931 .Eleutherius
2686 876 2880 914 munus
2909 862 3212 931 episcopale
3258 856 3354 919 ea-

1765 925 1949 999 pessit.
1979 944 1994 975 ι
2036 927 2150 990 Quo
2187 925 2497 999 testimonio
2541 928 2741 981 nullum
2775 925 3109 986 manifestius
3143 935 3356 990 deside-

1769 996 1876 1047 rari
1909 1004 2106 1064 potest,
2137 1012 2257 1048 cum
2285 997 2428 1050 omni
2457 999 2774 1066 exceptione
2804 1000 2976 1067 majus
3006 1005 3096 1065 sit,
3129 1013 3183 1056 et
3211 1006 3355 1059 clare

1764 1079 1830 1140 ex
1888 1080 1954 1119 eo
2013 1075 2320 1140 appareat,
2375 1068 2601 1121 Auieeto
2673 1074 3000 1126 successisse
3065 1074 3352 1140 Sotercm,

1763 1135 2004 1206 adeoque
2041 1134 2193 1189 Pium
2225 1135 2448 1190 Auieeto
2487 1141 2898 1206 prccpoucndum
2931 1158 3067 1195 esse.

1834 1205 1894 1279 4.
1928 1205 2060 1279 Cum
2112 1207 2291 1279 itaque
2319 1223 2382 1279 ex
2417 1205 2576 1261 dictis
2602 1205 2814 1263 constet
2844 1212 2973 1279 quid
3004 1214 3349 1269 statuendum

1765 1273 1928 1351 s_it_de
1966 1276 2134 1351 prima
2173 1273 2481 1351 dill_ieu_l_tate
2513 1279 2653 1332 circa
2683 1273 2927 1333 ordinem
2982 1298 3088 1351 quo
3117 1281 3242 1338 Pius
3299 1293 3357 1338 et

1764 1345 2021 1419 Anicetus
2069 1346 2120 1398 iu
2169 1349 2307 1419 serie
2336 1346 2701 1403 Romanorum
2740 1345 3053 1419 pontilicuin
3096 1354 3353 1408 collocari

1765 1415 1990 1479 debent;
2039 1417 2300 1489 agendum
2351 1433 2490 1471 nunc
2531 1428 2614 1472 est
2645 1419 2710 1473 de
2741 1415 2979 1474 Secunda
3016 1423 3351 1489 dillicultate,

1765 1500 1884 1558 qua:
1930 1496 2172 1558 movetur
2211 1487 2353 1540 circa
2406 1496 2615 1558 tempus
2653 1506 2759 1557 quo
2809 1491 2968 1543 Soter
3011 1501 3065 1544 et
3109 1487 3356 1550 Eleuthe-

1765 1556 1897 1618 rius,
1932 1555 2139 1628 Aniceti
2177 1555 2547 1628 successores,
2583 1555 2764 1613 sedem
2811 1562 3162 1628 apostolicam
3211 1565 3354 1618 obti-

1765 1635 2017 1699 nuerunt.
2053 1626 2129 1679 Ac
2156 1627 2221 1679 de
2246 1628 2400 1680 annis
2433 1630 2648 1695 quidem
2682 1626 2888 1683 Soteris
2931 1645 3080 1699 papae
3125 1649 3357 1688 consen-

1767 1695 1903 1773 tiunt
1955 1694 2068 1773 fere
2121 1711 2309 1773 otiiues
2355 1694 2582 1773 catalogi
2638 1699 2733 1773 Ms.
2779 1709 2835 1752 et
2889 1694 3034 1770 typis
3085 1703 3252 1773 editi,
3300 1705 3354 1757 in

1693 1790 1735 1848 Β
1764 1766 1958 1848 quibus
1983 1766 2158 1848 .S'oteri
2189 1782 2377 1848 novem
2403 1769 2547 1848 anui,
2574 1780 2628 1822 ct
2655 1769 2862 1848 aliquot
2887 1766 3120 1837 menses,
3146 1766 3356 1848 acgdies

1767 1837 2096 1888 tribuuntur.
2128 1837 2548 1910 Antiquissimus
2574 1840 2852 1908 catalogus
2882 1850 3121 1910 tempore
3152 1843 3354 1898 Liberii

1765 1921 1916 1974 papa:
1948 1907 2286 1974 conscriptus
2318 1907 2516 1971 refert,
2551 1907 2796 1962 Soterem
2829 1907 3032 1965 sedisse
3060 1915 3216 1966 armis
3253 1930 3352 1967 no-

1766 1991 1905 2036 vein,
1940 1976 2213 2030 mensibus
2254 1977 2448 2040 tribus,
2489 1978 2678 2032 diebus
2709 1979 2918 2033 duobus
2954 1998 2968 2033 ε
3002 1982 3088 2035 cui
3119 1984 3356 2037 concinit

1763 2045 2040 2114 catalogus
2101 2044 2388 2101 Vaticanus
2441 2048 2638 2101 sarculo
2700 2065 2844 2102 nono
2897 2061 3169 2105 exoratus.
3222 2054 3355 2106 Cor-

1764 2116 1999 2188 beiensis
2029 2126 2269 2185 tempore
2302 2117 2477 2188 V’igilii
2519 2135 2666 2187 papre
2700 2120 3051 2175 concinnatus
3083 2121 3243 2177 habet
3275 2135 3357 2178 to-

1766 2186 1929 2260 tidem
1973 2202 2167 2260 annos,
2201 2186 2413 2260 menses
2460 2186 2614 2252 duos,
2658 2191 2873 2260 ctrdies
2921 2191 3108 2260 viginti
3159 2209 3348 2248 unum.

1763 2254 2087 2310 Membrana:
2113 2255 2536 2326 Antuerpienses
2563 2258 2739 2311 seculi
2779 2260 2916 2315 sexti
2952 2254 3154 2315 h'abcut
3181 2279 3352 2317 annos

1764 2341 1986 2399 novent,
2014 2341 2250 2399 menses
2295 2336 2426 2390 tres,
2455 2328 2572 2381 dies
2617 2329 2823 2399 viginti.
2855 2330 3145 2399 (Iatalogus
3195 2333 3355 2386 Pala-

1768 2395 2200 2450 tino-VatiCanus
2229 2399 2408 2450 sreculi
2451 2399 2626 2452 Octavi
2674 2395 2903 2452 allirmat
2944 2395 3147 2455 sedisse
3183 2419 3356 2458 annos

1762 2481 1988 2531 novem,
2035 2482 2418 2539 mensessex,
2477 2468 2590 2539 dies
2647 2469 2966 2530 duodecim,
3018 2480 3148 2539 quot
3184 2487 3358 2528 annos

1761 2537 2159 2609 etmensesei
2199 2537 2441 2590 tribmmt
2479 2537 2566 2591 alii
2613 2540 2840 2608 ratalogi
2883 2537 3121 2609 antiqui,
3157 2543 3208 2594 in
3253 2544 3357 2597 hoc

1762 2607 1934 2660 solum
1964 2607 2183 2670 diversi,
2215 2609 2355 2674 quod
2384 2609 2498 2661 dies
2542 2607 2820 2662 duodecim
2865 2610 2916 2663 in
2964 2607 3153 2674 viginti
3187 2628 3355 2668 unum

1762 2686 2112 2730 commutent.
2137 2678 2344 2742 Quibus
2365 2680 2634 2732 couSentit
2659 2680 2983 2732 auctorlibri
3013 2678 3350 2736 Pontiliealis

1763 2746 1815 2800 in
1865 2747 2040 2800 tribus
2080 2746 2206 2800 Mss.
2247 2748 2542 2811 codicibus,
2586 2747 2900 2803 Florentino
2935 2752 3209 2814 nimirum,
3249 2751 3359 2806 ΒΘ·

1761 2818 1848 2886 gio
1873 2827 1926 2870 et
1950 2817 2207 2871 Vaticano
2239 2835 2250 2870 :
2288 2834 2431 2881 nam,
2456 2818 2608 2885 juxta
2641 2820 2852 2872 illurmn
2881 2821 3186 2881 lectionem.
3218 2823 3353 2876 sedit

1760 2904 1926 2940 annos
1967 2905 2164 2950 norem,
2193 2905 2390 2941 menses
2430 2905 2540 2950 sex,
2580 2890 2689 2942 dies
2734 2890 2914 2957 viginti
2952 2907 3134 2943 unum.
3174 2892 3356 2946 Series

1760 2957 2072 3027 pontificum
2106 2959 2158 3010 in
2199 2958 2424 3012 ecclesia
2474 2960 2530 3012 S.
2562 2958 2710 3012 Pauli
2743 2972 2868 3012 ante
2913 2961 3234 3028 quingentos
3261 2977 3357 3014 an-

1763 3044 1861 3080 nos
1902 3029 2111 3095 depicta
2159 3028 2344 3090 habet,
2400 3045 2566 3081 annos
2606 3045 2803 3091 norem,
2841 3045 3040 3082 menses
3079 3040 3204 3092 tres,
3245 3032 3355 3084 dies

1765 3097 2132 3168 rigiutiguuum
2158 3113 2174 3150 :
2200 3114 2229 3151 ει
2259 3099 2453 3164 qu.hus
2482 3099 2569 3152 alii
2599 3099 2826 3168 catalogi
2855 3116 2959 3153 non
2987 3099 3310 3153 dissentiunt
3338 3118 3353 3154 :

1690 3147 1733 3206 ε
1767 3155 1838 3220 ita
1873 3179 1929 3219 ut
1949 3165 2102 3231 juxta
2134 3147 2474 3220 conuinmem
2513 3169 2702 3221 horum
2731 3147 3098 3238 czi’talogortlttl
3125 3187 3361 3225 consen-

1765 3253 1884 3292 sum
1913 3239 2074 3292 Sotcr
2102 3238 2303 3291 sederit
2343 3254 2514 3290 annos
2552 3255 2761 3292 novem.
2795 3239 2980 3293 Dilfet't
3007 3239 3075 3292 ab
3118 3240 3219 3294 bac
3247 3250 3359 3294 tra-

1765 3308 1966 3362 ditioue
2013 3309 2290 3376 catalogus
2322 3316 2560 3376 tempore
2587 3307 2781 3362 .lnstiui
2835 3310 3175 3377 imperatoris
3227 3327 3361 3364 cou-

1764 3378 2017 3446 scriptus,
2053 3379 2104 3431 in
2129 3394 2235 3445 quo
2268 3377 2445 3435 Solert
2479 3377 2791 3431 tribuuntur
2834 3381 2958 3431 anni
2986 3390 3119 3442 orto,
3153 3397 3354 3433 menses

1763 3463 1873 3510 sex,
1898 3447 2010 3499 dies
2049 3448 2228 3517 viginti
2252 3464 2409 3511 unus,
2441 3447 2664 3516 ejusque
2695 3457 2883 3500 auctor
2914 3450 3015 3502 hac
3042 3450 3092 3502 in
3123 3465 3180 3503 re
3205 3465 3360 3503 seru-

1766 3527 1852 3572 tus
1875 3526 1958 3571 est
1979 3518 2287 3588 _(_2hronicon
2331 3517 2387 3588 ὃ.
2439 3518 2714 3585 Prosperi,
2749 3519 2800 3570 in
2841 3535 2948 3586 quo
2976 3519 3171 3588 legitur
3203 3536 3218 3572 :
3255 3519 3356 3571 ιιο.

1764 3604 1935 3640 manu:
1967 3584 2214 3639 Ecclesia:
2257 3584 2611 3655 episcopatum
2648 3604 2699 3640 xt
2745 3584 2964 3655 suscepit
3005 3584 3158 3643 Soter
3200 3592 3355 3642 (mnis

1763 3668 1898 3708 octo.
1932 3657 2236 3723 Desumps‘tt
2260 3667 2438 3709 autem
2468 3657 2524 3710 S.
2558 3656 2790 3725 Prosper
2816 3666 3026 3720 tempus
3056 3658 3264 3712 Soteris
3288 3675 3358 3713 cx.

1763 3726 2032 3778 Chronico
2079 3726 2313 3789 Eusebii,
2348 3727 2399 3778 in
2430 3742 2538 3794 quo
2586 3729 2772 3780 eadem
2819 3728 3038 3780 omnino
3069 3728 3232 3780 verba
3265 3730 3360 3780 ha-

1764 3796 1977 3848 bentur.
2004 3795 2300 3848 Confirmat
2347 3797 2461 3848 luce
2499 3797 2679 3848 omnia
2722 3797 2986 3850 Eusebius
3036 3798 3089 3850 iu
3131 3799 3358 3852 historia

1765 3865 1857 3918 lib.
1911 3880 1960 3926 ν,
2005 3865 2093 3918 ubi
2150 3865 2578 3933 persecutionem
2633 3866 2684 3919 in
2735 3867 2922 3920 Galliis
2959 3868 3058 3920 sub
3098 3869 3358 3921 Ant0uiui

1765 3935 1874 3988 lilio
1904 3945 2102 3989 motam
2134 3936 2520 4004 descripturus,
2563 3936 2645 3989 his
2667 3937 2845 3990 verbis
2871 3936 3192 4005 prommium
3225 3937 3356 3990 dicti

1767 4005 1888 4060 libri
1916 4006 2138 4073 incipit;
2173 4023 2190 4056 ε
2225 4005 2390 4084 Igitur
2413 4005 2602 4059 Sotere
2639 4005 2898 4084 Romana:
2919 4007 3079 4084 _urbis
3106 4007 3360 4084 episeopo

1765 4084 1887 4145 post
1914 4086 2162 4129 octavum
2194 4077 2536 4142 episcopatus
2563 4092 2762 4129 annum
2784 4078 2891 4130 vita
2913 4077 3121 4140 functo,
3153 4079 3361 4131 duode-

1767 4146 1939 4199 cinms
1959 4145 2026 4198 ab
2045 4147 2300 4213 apostolis
2325 4146 2642 4200 Eleutherus
2666 4147 2716 4199 in
2737 4147 2852 4215 cjus
2877 4147 3048 4201 locum
3072 4150 3354 4200 successit.

1765 4215 1955 4269 Annus
1994 4224 2120 4268 tmte
2149 4216 2407 4284 agebatur
2443 4215 2687 4268 decin'tus
2727 4217 3219 4284 si-ptinmsimperii
3242 4218 3357 4269 Au-

1770 4287 1936 4339 tonini
1972 4286 2115 4338 Veri.
2143 4286 2259 4349 Quo
2287 4295 2524 4352 tempore
2546 4301 2667 4340 cum
2706 4287 2758 4339 in
2788 4286 3058 4340 nonnullis
3087 4295 3358 4340 terrarum

1770 4355 2014 4425 partibus
2039 4353 2324 4426 violentior
2346 4358 2603 4410 adversus
2635 4365 2850 4410 nostros
2877 4357 3183 4426 persecutio
3210 4371 3360 4408 com-

1773 4435 1916 4478 mota
1943 4435 2087 4479 esset
2107 4440 2170 4478 cx
2205 4425 2512 4479 incursione
2547 4425 2906 4494 popularium,
2938 4426 3360 4480 innumerabiles

81 4494 480 4576 Prospei-Loqui
512 4493 563 4547 in
595 4493 1308 4576 Chronicopestnllygiuuiu
1341 4494 1514 4576 Piunt,
1548 4505 1668 4576 post
1699 4489 1745 4546 1)
1773 4511 1938 4564 prope
1974 4505 2248 4576 martyres
2287 4513 2383 4564 per
2419 4489 2726 4576 universum
2767 4498 2953 4576 orbem
2983 4497 3260 4576 enituisse.
3291 4510 3359 4549 ex

79 4563 245 4618 Piuui
276 4565 554 4618 Anicetum
587 4564 796 4627 retulit;
839 4563 980 4616 sicut
1003 4563 1338 4632 Epiphanius
1372 4565 1562 4618 lucresi
1597 4564 1666 4616 27

77 4649 188 4690 eos
223 4633 446 4687 exhibet
482 4635 564 4688 bis
595 4635 772 4688 verbis
810 4651 821 4686 :
862 4633 1129 4696 Anicetus,
1171 4634 1259 4703 qui
1305 4632 1422 4697 l’io,
1451 4634 1669 4701 aliisque

77 4704 420 4774 ponti/icilius
447 4705 711 4774 successit.
743 4705 1062 4771 Desumptus
1085 4711 1168 4757 est
1203 4711 1379 4774 autem
1413 4704 1498 4756 hic
1535 4705 1669 4774 ordo

79 4772 153 4827 cx
194 4773 410 4827 Eusebii
463 4772 720 4840 Pamphili
771 4774 1055 4835 Chronico,
1104 4783 1158 4826 et
1209 4773 1442 4827 Historia
1490 4773 1668 4827 eccle—

74 4844 311 4912 siastica
338 4859 350 4894 :
381 4842 518 4897 libro
555 4859 784 4910 namque
813 4843 868 4905 4,
897 4859 1014 4912 cap.
1049 4843 1128 4905 li,
1166 4844 1365 4896 diserte
1395 4842 1625 4896 allii-mat
1651 4859 1664 4894 :

88 4933 110 4964 ς
147 4911 358 4983 Hygino
386 4923 507 4981 post
534 4923 783 4981 quartum
832 4913 1173 4982 episcopatus
1201 4929 1399 4966 atmmn
1433 4922 1667 4974 mortuo,

84 4982 352 5052 lttunanze
388 4983 640 5038 Ecclesia:
688 4985 1044 5037 sacerdotium
1085 4983 1321 5052 suscepit
1367 4983 1513 5037 Pius.
1539 5001 1557 5033 ι
1609 4982 1672 5035 ΕΙ.

83 5051 331 5106 ibidem:
365 5072 382 5104 ι
411 5052 542 5106 Cum
572 5052 698 5106 Pius
727 5069 868 5106 anno
914 5051 1256 5122 episcopatus
1283 5054 1364 5107 sui
1411 5069 1476 5106 xv
1507 5053 1668 5105 vitam

83 5137 219 5176 cum
267 5133 439 5176 morte
482 5131 894 5186 commutasset,
934 5124 1190 5178 Anicetus
1233 5123 1483 5178 Ecclesiae
1533 5123 1673 5176 illius

87 5191 328 5245 antistes
357 5191 530 5247 factus
557 5204 658 5247 est.
684 5212 702 5241 ι
736 5193 906 5248 Porro
944 5193 1081 5246 hanc
1111 5192 1472 5246 Romanorum
1504 5193 1675 5260 ponti-

86 5263 258 5315 ﬁcum
279 5265 669 5317 successionem
703 5263 962 5317 Eusebius
987 5264 1055 5315 ab
1087 5263 1150 5317 iis
1184 5263 1388 5326 didicit,
1417 5264 1506 5332 qui
1543 5263 1674 5315 Ani-

84 5339 296 5390 cetum,
320 5341 374 5385 et
404 5333 555 5386 Pium
585 5349 678 5403 per
703 5342 915 5387 aetatem
948 5333 1128 5387 videre
1155 5342 1462 5401 potuerunt,
1493 5342 1547 5385 et
1573 5333 1674 5386 sub

85 5403 368 5461 Anieetor
397 5414 452 5456 et
508 5403 816 5457 Eleutherio
859 5403 1068 5457 Aniceti
1121 5419 1432 5457 SllCCCSs‘Ol‘c
1491 5404 1673 5456 Horme

88 5471 332 5526 fuentnt.
357 5471 594 5526 Primum
621 5474 759 5528 inter
781 5474 878 5526 hos
907 5473 1078 5527 locum
1102 5473 1309 5526 obtinet
1339 5473 1396 5525 υ.
1421 5473 1671 5534 lrenteus,

85 5542 186 5609 qui
233 5543 332 5612 sub
374 5542 675 5597 Eleutherio
703 5545 768 5596 ad
819 5542 1015 5598 Urbem
1058 5544 1258 5612 missus
1291 5552 1374 5596 est
1400 5560 1429 5596 a
1473 5551 1674 5612 marty-

90 5612 248 5664 ribus
298 5610 776 5680 Lugdunensibns;
831 5613 1124 5666 secundum
1171 5611 1530 5682 Hegesippus,
1577 5610 1671 5682 qui

93 5682 284 5763 Bonna:
322 5697 489 5760 usque
521 5683 586 5735 ad
622 5691 856 5763 tempora
884 5682 1092 5736 Aniceti
1122 5685 1442 5763 permansit.
1487 5683 1674 5763 Iretuei

89 5750 464 5808 testimonium
507 5760 684 5810 exstat
716 5750 811 5809 lib.
839 5766 933 5821 tu,
977 5767 1098 5824 cap.
1123 5751 1181 5822 ὃ,
1214 5753 1304 5810 ubi
1347 5755 1402 5809 iu
1445 5754 1676 5824 catalogi

1772 4569 1860 4628 iis,
1911 4582 2029 4634 qmc
2075 4567 2126 4618 in
2165 4567 2318 4619 unica
2373 4567 2644 4634 provincia
2690 4567 3048 4636 contigerunt,
3089 4567 3361 4636 conjicere

1772 4644 1874 4690 est.
1913 4655 1927 4706 ι
1957 4637 2022 4688 Et
2042 4651 2160 4704 cap.
2192 4636 2216 4689 1
2253 4653 2264 4687 :
2304 4655 2320 4686 t
2354 4636 2523 4689 Porro
2563 4636 2731 4706 Regio
2761 4639 2967 4705 ipsa....
3007 4637 3175 4691 Gallia
3203 4650 3362 4688 voca-

1774 4713 1888 4776 tur.
1913 4705 1968 4758 In
1998 4707 2097 4758 hac
2126 4706 2242 4758 duae
2279 4721 2388 4774 pra:
2416 4708 2624 4759 caeteris
2655 4705 2893 4776 insignes
2933 4717 3360 4776 praestantempte

1773 4775 1986 4828 urbium
2017 4783 2219 4828 matres
2237 4777 2611 4844 celebrantur,
2641 4775 2978 4844 Lugdunum,
3012 4785 3066 4828 et
3095 4776 3354 4828 Vienna.»

1772 4845 1948 4911 Atque
1972 4846 2085 4898 haec
2111 4851 2193 4896 est
2215 4843 2300 4898 illa
2335 4847 2654 4912 persecutio.
2678 4843 2831 4912 cujus
2857 4846 3102 4899 meminit
3123 4845 3362 4899 Severus

1775 4913 2035 4982 Sulpitius
2081 4915 2175 4967 lib.
2229 4930 2264 4966 ιι
2308 4915 2555 4970 Historia:
2604 4931 2791 4975 sacrae,
2828 4917 2910 4970 his
2941 4916 3164 4969 verbis:
3193 4935 3209 4964 ι
3245 4915 3362 4966 Sub

1773 4985 1990 5037 Aurelio
2026 4984 2278 5036 Antonini
2322 4986 2430 5056 tilio
2461 4986 2762 5051 persecutio
2798 4988 2984 5055 quinta
3016 4987 3214 5056 agitata
3250 5003 3262 5037 :
3295 4999 3365 5038 ac

1776 5063 1884 5126 tum
1912 5056 2140 5126 primum
2163 5055 2308 5126 intra
2336 5054 2536 5109 Gallias
2560 5054 2826 5126 martyria’
2847 5060 2984 5122 visa,
3011 5054 3185 5111 serius
3211 5065 3362 5109 trans

1759 5124 1935 5247 ,Alges
1970 5124 2059 5178 Dei
2095 5125 2358 5193 religione
2385 5135 2654 5194 suscepta.
2701 5124 2718 5176 ι

1883 5232 1897 5247 .
1932 5194 2241 5247 Persecutio
2284 5195 2463 5247 itauue
2510 5197 2561 5247 in
2605 5197 2718 5247 Gall

1932 5194 2241 5249 l’crsecutio
2284 5195 2463 5264 itaque
2510 5193 2561 5249 in
2605 5196 2796 5251 Galliis
2821 5206 2962 5251 mota
2995 5193 3094 5249 fuit
3123 5204 3364 5265 tempore

1774 5263 2067 5319 Eleutherii
2105 5281 2274 5335 papa',
2307 5263 2430 5321 cum
2473 5267 2541 5319 Μ.
2585 5269 2834 5322 Aurelius
2879 5266 3144 5321 decimum
3191 5263 3362 5335 septi-

1774 5351 1920 5406 mum
1969 5335 2176 5405 imperii
2229 5353 2427 5390 :umum
2477 5349 2684 5406 ageret,
2736 5341 2786 5390 iu
2837 5353 2942 5405 qua
2987 5338 3366 5406 persecutione

1774 5405 1917 5472 passi
1949 5416 2070 5459 sunt
2108 5405 2165 5461 S.
2216 5407 2472 5461 Pothinus
2516 5405 2821 5476 cpiscopus,
2851 5417 2906 5462 et
2944 5408 3034 5460 alii
3082 5406 3364 5475 quamplu-

1779 5475 1921 5547 rimi,
1955 5476 2021 5529 de
2047 5491 2274 5547 quorum
2303 5479 2561 5547 martyrio
2590 5475 2770 5532 cartcri
2808 5476 3148 5532 confessores
3172 5491 3363 5547 carce-

1778 5545 1926 5599 ribus
1968 5546 2158 5617 inclusi
2200 5548 2265 5601 ad
2291 5544 2568 5617 Ecclesias
2602 5547 2744 5602 Asia:
2795 5559 2850 5601 et
2897 5548 3137 5617 Phrygi-.e
3167 5544 3366 5617 retule-

1777 5624 1922 5687 runt.
1967 5616 2156 5687 Exstat
2182 5616 2336 5687 eade
2367 5632 2424 5669 re
2451 5628 2746 5687 martyrum
2777 5615 3225 5687 Lugdunensium
3249 5615 3370 5683 epi-.

1777 5685 1915 5738 stola
1945 5686 2083 5756 apud
2112 5685 2398 5739 Eusebium
2427 5687 2522 5741 lib.
2549 5685 2604 5748 v,
2628 5703 2748 5756 cap.
2779 5693 2835 5747 2,
2863 5685 2919 5740 in
2943 5702 3047 5755 qua
3073 5685 3364 5739 Pothinum

1779 5768 1945 5828 prope
2004 5757 2429 5828 nonagenariutn
2493 5758 2628 5813 diris
2683 5757 3014 5814 cruciatibus
3077 5765 3371 5810 enecatuut
