3964 6320
540 331 675 388 1191

540 448 710 501 fuisse
731 448 1042 513 perhibent;
1072 449 1129 497 et
1157 448 1304 496 addit
1346 448 1606 494 Eusebius
1653 452 1771 509 cap.
1798 448 1833 493 5
1859 456 1872 492 :
1904 458 1923 489 ‹
1959 448 2125 510 Igitur

541 533 665 570 cum
691 514 951 569 Pothinus
974 513 1285 580 (Photinum
1312 511 1399 564 alii
1430 509 1567 564 male
1599 508 1975 580 leguntiauno
2000 521 2126 564 acta~

542 588 614 640 tis
628 585 982 654 nonagesimo
1005 598 1106 635 una
1135 596 1255 654 cum
1271 580 1584 654 _Galliean'ts_
1599 579 1924 654 martyribus
1952 596 2125 654 enisus

541 662 706 717 esset,
736 649 1102 724 episcopatum
1139 650 1506 724 Lugdunensis
1546 649 1942 724 ECCleSltpnposl.
1972 650 2124 703 illum

542 718 787 794 suscepit
830 718 1151 794 Ireittetts.__i
1193 718 1337 794 Idem
1364 720 1542 794 habet
1570 718 1739 794 divus
1768 719 2124 794 Hieronymus

542 789 803 850 Iib'ro'de
850 790 1218 861 Scriptoribus
1264 792 1316 846 in
1363 791 1598 861 Irenteo;
1628 789 1887 861 iatiirmat
1934 789 2076 844 enim
2105 830 2122 855 ,

541 864 684 933 quod
712 880 732 915 ε
752 859 989 917 Pothino
1009 875 1173 933 prope
1200 860 1563 933 nonagenario
1589 860 1659 933 ob
1675 859 1950 933 Christum
1983 876 2127 933 mar-

543 929 688 1006 tyrio
727 929 1021 1006 coronato,
1055 929 1118 985 in
1141 931 1314 1006 locum
1343 929 1478 1006 _’ejus
1506 929 1842 1006 substitutus
1868 929 1958 982 sit.
1996 949 2014 1006 ρ
2046 930 2123 986 Ex

542 1000 737 1070 quibus
774 1004 996 1056 omnino
1036 1001 1299 1069 sequitur,
1343 1000 1602 1054 Irenaeum
1650 1000 1711 1070 in
1754 1001 2123 1068 persecutione

543 1072 614 1127 Μ.
639 1072 838 1127 Aureiii
866 1072 1145 1135 Antonini,
1175 1087 1295 1140 qua:
1328 1084 1470 1124 anno
1509 1069 1717 1140 imperii
1746 1070 1862 1137 ejus
1890 1085 1999 1123 xm
2027 1083 2121 1123 seu

540 1158 649 1198 tera
688 1142 787 1196 I77
823 1142 1007 1209 coepit,
1036 1149 1092 1195 et
1128 1139 1249 1195 cum
1288 1149 1461 1194 morte
1489 1139 1605 1207 ejus
1644 1155 1785 1193 anno
1834 1139 1934 1193 ltiti
1962 1140 2122 1193 tinem

539 1212 768 1282 accepit,
820 1211 1048 1266 Pothino
1091 1212 1142 1265 in
1190 1211 1319 1282 sede
1367 1209 1707 1282 Lugduneusi
1754 1210 2114 1282 successisse;

539 1278 981 1352 cum'jamiantea
1013 1297 1042 1334 a
1068 1281 1397 1352 martyribus
1427 1278 1869 1349 Lugdunensibus
1899 1278 2121 1332 Romam

539 1352 739 1407 missus
787 1351 972 1405 fuisset
1013 1351 1079 1404 ad
1125 1351 1490 1405 Eletttlteriutn
1540 1366 1753 1419 papam,
1785 1358 1845 1401 ttt
1881 1358 2023 1417 patet
2055 1364 2120 1402 ex

538 1422 852 1486 eorumdem
894 1430 1190 1488 martyrum
1244 1421 1456 1486 litteris,
1500 1418 1632 1488 quas
1665 1418 1831 1473 refert
1860 1419 2122 1473 Eusebius

538 1491 680 1545 libro
741 1507 792 1555 v,
854 1506 974 1560 cap.
1025 1488 1097 1555 4,
1145 1491 1233 1545 ubi
1287 1500 1520 1544 testatur
1574 1489 1832 1544 Irenteum
1885 1488 2121 1542 nondum

537 1562 852 1630 episcopum
900 1559 1083 1621 fuisse,
1130 1561 1223 1615 sed
1273 1560 1445 1614 solum
1487 1561 1889 1630 presbyterum,
1919 1559 2045 1630 dum
2091 1574 2119 1612 a

534 1627 870 1685 niartvribus
933 1630 1244 1685 Eleutherio
1298 1627 1707 1685 commendatus
1768 1627 1892 1682 fuit.
1945 1627 2122 1683 Verba

539 1698 755 1756 Eusebii
783 1707 951 1754 sunt:
987 1719 1005 1751 t
1040 1700 1145 1753 Sed
1194 1701 1353 1753 iidem
1397 1709 1663 1769 martyres
1712 1698 1991 1761 Irenaeum,
2030 1698 2122 1767 qui

534 1778 668 1825 tunc
696 1772 952 1840 temporis
977 1770 1149 1824 adhuc
1178 1770 1458 1840 presbyter
1483 1768 1852 1840 Lugdunensis
1876 1768 2125 1823 Ecclesia:

534 1848 675 1904 erat,
725 1838 1035 1908 supradicto
1079 1838 1368 1893 Eleuthero
1407 1854 1502 1907 per
1531 1838 1740 1892 litteras
1776 1840 2124 1892 commenda-

533 1919 683 1980 runt.
723 1929 741 1961 ι
782 1912 847 1965 Ει
894 1910 1194 1980 presbyteri
1241 1908 1581 1963 coufessores
1614 1910 1663 1961 in
1721 1910 1851 1978 ipsis
1891 1909 2123 1980 litteris:

536 1998 562 2049 ς
608 1979 685 2035 Te
722 1994 819 2049 per
860 1980 1059 2041 omnia,
1109 1994 1172 2032 ac
1223 1990 1481 2048 perpetuo
1525 1989 1773 2048 optamus
1804 1980 1856 2032 in
1890 1979 1999 2033 Deo
2036 1993 2129 2031 va-

536 2047 666 2113 lere,
724 2047 888 2103 Pater
941 2047 1244 2103 Eleuthere.
1301 2049 1408 2102 llas
1453 2049 1681 2112 litteras,
1721 2058 1779 2100 ιιι
1814 2048 1881 2101 ad
1913 2058 1964 2101 te
2004 2063 2125 2116 per—

534 2117 722 2183 ferret,
755 2119 996 2183 fratrem,
1029 2127 1083 2173 et
1127 2119 1383 2189 collegam
1425 2128 1664 2174 nostrum
1712 2117 1972 2173 Irenaeum
2006 2119 2127 2174 bor-

534 2189 634 2241 tati
668 2204 877 2243 sumus.
915 2208 935 2240 ι
1233 2200 1235 2204 ‘

607 2258 658 2312 6.
714 2259 808 2313 llis
848 2258 1035 2382 insitis
1073 2258 1338 2328 sequitur,
1366 2259 1594 2313 durante
1631 2256 1703 2313 M.
1753 2256 1955 2312 Aurelii
1996 2272 2125 2326 per-

607 2329 815 2382 cutioue
870 2329 1213 2382 ‘leutherium
1240 2328 1423 2382 Romae
1451 2329 1658 2382 sedisse
1693 2345 1706 2380 :
1739 2327 1882 2382 quod
1909 2336 1967 2382 ιιι
1991 2329 2125 2382 emi-

532 2329 815 2382 scontione
850 2327 1213 2382 Eleutherium
1240 2328 1423 2383 Romae
1451 2329 1658 2383 sedisse
1693 2345 1706 2380 :
1739 2327 1882 2397 quod
1909 2336 1967 2382 ιιι
1991 2329 2125 2382 emi-

533 2398 883 2453 nentissiuttts
920 2399 1209 2452 cardiualis
1248 2398 1511 2453 Baronius
1541 2414 1638 2453 suo
1679 2398 1883 2452 calculo
1908 2413 2123 2453 accom-

532 2469 795 2527 modaret,
824 2483 859 2520 Aa
888 2468 1076 2522 Sotere
1098 2484 1265 2522 annos
1284 2469 1487 2537 aliquot
1508 2469 1830 2523 auferentlos
1858 2483 1978 2522 esse
2000 2484 2126 2521 ccu-

531 2538 663 2601 suit,
692 2546 765 2608 _e_t
803 2538 890 2591 cui
942 2551 1133 2592 omnes
1183 2540 1386 2608 antiqui
1439 2539 1752 2607 scriptores,
1788 2554 1853 2592 ac
1894 2537 2122 2608 catalogi

535 2614 644 2659 tam
688 2606 816 2661 Mss.
861 2622 1025 2675 quam
1072 2608 1211 2677 typis
1245 2606 1374 2662 editi
1410 2608 1479 2661 ad
1525 2606 1803 2662 minimum
1850 2617 1994 2672 octo,
2039 2606 2125 2661 vel

535 2691 725 2730 novem
761 2692 931 2731 annos
969 2679 1315 2746 pontiﬁcatus
1351 2678 1609 2738 tribuunt,
1642 2678 1754 2747 ipse
1784 2677 1955 2731 solum
1984 2693 2120 2746 qua-

532 2755 681 2816 tuor,
735 2748 912 2801 minus
964 2749 1154 2801 diebus
1204 2748 1517 2809 duodecim,
1575 2748 1809 2816 reliquit.
1863 2747 2125 2801 Posuerat

531 2813 796 2871 Baronius
817 2816 1023 2871 Soteris
1049 2817 1258 2871 initiutn
1291 2833 1433 2871 anno
1458 2817 1576 2878 I75,
1605 2813 1795 2872 cuisoi
1821 2832 1941 2870 cum
1966 2817 2125 2871 Euse-

532 2885 621 2956 bio
646 2899 700 2941 et
731 2889 788 2940 S.
830 2886 1096 2956 Prospero
1119 2897 1243 2941 octo
1270 2901 1459 2952 annos,
1489 2887 1571 2941 vcl
1596 2902 1720 2942 cum
1744 2887 2023 2956 cataiogis,
2059 2904 2123 2942 ac

531 2954 670 3010 libro
694 2954 994 3011 Pontiﬁcaii
1021 2973 1194 3011 annos
1224 2971 1415 3010 novem
1444 2957 1739 3019 tribuisset,
1780 2954 2122 3012 lileutberius

532 3027 746 3079 nonnisi
780 3042 937 3081 anno
996 3027 1094 3081 185
1138 3027 1220 3080 vel
1268 3027 1390 3096 184,
1442 3028 1632 3081 sedere
1678 3026 1954 3096 cmpisset.
2011 3029 2121 3082 ltoc

531 3104 711 3148 autem
769 3111 890 3149 cum
949 3106 1244 3166 martyrum
1312 3095 1777 3165 Lugtluuensium’
1811 3097 2117 3152 testimonio

530 3177 837 3233 repugnare
875 3167 1102 3229 videret,
1133 3166 1308 3220 Soteri
1338 3176 1541 3218 tantum
1582 3174 1690 3220 tres
1721 3182 1911 3229 annos,
1947 3169 2114 3219 unde-

529 3233 634 3286 cim
662 3250 894 3297 menses,
916 3246 969 3289 et
991 3236 1289 3289 octodecim
1311 3235 1427 3288 dies
1445 3236 1650 3298 tribuit,
1672 3236 1738 3288 ad
1764 3237 1865 3288 hoc
1886 3244 1944 3287 ut
1966 3251 2111 3291 mors

531 3302 673 3357 illius
709 3320 850 3358 anno
878 3305 980 3360 179
1008 3305 1280 3368 collocari,
1314 3314 1369 3357 et
1397 3313 1523 3357 ante
1557 3305 1766 3358 obitum
1808 3305 1876 3357 Μ,
1915 3304 2114 3361 Aurelii

529 3370 761 3428 lreuteus
797 3376 864 3428 atl
903 3375 1270 3430 Eleutherium
1313 3373 1522 3429 Soteris
1562 3388 1930 3429 successorem
1978 3374 2118 3443 lega-

530 3443 676 3497 tione
724 3443 815 3497 fun
859 3445 872 3498 i
914 3446 1196 3513 potuisset.
1240 3443 1398 3498 Notat
1439 3452 1617 3497 tamen
1661 3444 1727 3497 ad
1763 3458 1960 3495 annum
1996 3446 2108 3507 l79,

530 3527 585 3565 u.
614 3512 676 3567 5|
713 3531 728 3567 :
767 3531 786 3564 ι
821 3460 883 3568 gi
925 3517 1046 3568 uuis
1083 3524 1261 3567 autem
1293 3513 1580 3568 certiorem
1611 3515 1677 3567 de
1712 3513 1866 3567 annis
1907 3513 2108 3568 Soteris

530 3527 585 3584 tt.
614 3512 676 3567 5|
713 3531 728 3567 :
767 3531 786 3564 ι
828 3512 883 3568 Si
917 3512 1046 3584 quis
1083 3524 1261 3567 autem
1293 3513 1580 3568 certiorem
1611 3515 1677 3567 de
1712 3513 1866 3567 anuis
1900 3513 2113 3584 Soteris

521 3581 797 3653 invenerit
817 3581 1324 3653 cltro'uograpbiatu,
1360 3599 1465 3652 qua
1499 3592 1675 3637 tamen
1704 3599 1809 3637 non
1836 3582 2112 3653 rejiciatur

528 3652 712 3706 Cletus
740 3670 769 3708 e
804 3652 1039 3708 numero
1065 3652 1431 3707 Romanorum
1464 3655 1796 3720 pontiﬁcum,
1832 3652 1930 3706 nec
1967 3653 2111 3707 litte-

528 3737 713 3795 rarum
751 3735 1045 3795 martyrum
1094 3724 1529 3793 Lugdunensium
1559 3725 1827 3795 sincerum
1870 3723 2112 3795 testium-

434 3846 439 3850 ,
527 3792 675 3846 uiuut
703 3792 1121 3858 contemmtur;
1152 3792 1291 3847 haud
1325 3794 1472 3847 inviti
1506 3794 1885 3847 assentiemur.
1928 3811 1946 3843 ι
1982 3792 2108 3848 [hoc

525 3865 1015 3918 cumaunotaverit
1058 3865 1174 3934 ipse
1221 3864 1500 3926 liaronius,
1532 3864 1765 3934 debitam
1811 3862 1909 3931 ipsi
1954 3877 2107 3917 reve-

525 3934 755 3986 rentiam
815 3932 1119 3991 sonantes.
1177 3934 1501 3988 recessimus
1547 3933 1615 3985 ab
1658 3932 2106 4000 ejussenteutia,

525 4004 810 4057 certiorem
867 4004 1246 4059 chronotaxim
1296 4004 1582 4057 statuendo
1635 4003 1780 4057 circa
1826 4003 2108 4058 nonnullos

524 4072 833 4138 pontiﬁces,
877 4075 943 4128 de
980 4075 1196 4142 quibus,
1229 4082 1325 4127 aut
1360 4088 1426 4127 ex
1471 4073 1707 4142 antiquis
1742 4071 2105 4137 monimentis,

524 4151 617 4193 aut
644 4157 712 4196 ex
742 4154 983 4197 veterum
1012 4144 1353 4207 testimoniis,
1382 4143 1515 4196 adeo
1538 4143 1681 4196 clare
1705 4151 1935 4202 constat,
1963 4152 2019 4195 ιιι
2042 4145 2111 4198 de

526 4219 768 4283 tempore
815 4228 923 4283 quo
968 4214 1341 4281 pontiﬁcatum
1377 4221 1661 4283 gesserunt
1690 4212 1981 4283 ambigere
2008 4215 2110 4266 nti-

524 4282 670 4335 nime
699 4281 877 4337 liceat.
902 4284 1201 4337 Statuimus
1230 4283 1279 4336 id
1309 4281 1538 4337 de'l’etri
1566 4282 1928 4350 apostolorum
1956 4281 2110 4336 Prin-

522 4350 679 4418 cipis,
719 4351 1035 4417 Clemeutis,
1080 4364 1137 4406 et
1184 4352 1472 4405 Alexandri
1518 4351 1869 4421 tempohbus,
1910 4352 2107 4419 quibus

524 4422 786 4491 martyrio
819 4423 1061 4475 coronati
1102 4431 1247 4475 sunt.
1292 4422 1434 4475 Idem
1464 4423 1530 4475 de
1560 4421 1765 4476 Soteris
1792 4423 2103 4490 pontiticattt

1636 324 1997 384 ANAS’I‘ASiI
2036 325 2585 386 BIBLIOTIIECARII

788 442 1049 515 erhibent;
1072 441 1304 515 etaddit
1344 438 1612 515 Eusebius
1653 452 1771 509 cap.
1792 438 1833 515 5
1859 456 1872 492 :
1904 458 1923 489 ‹
1958 441 2125 510 Igitur
2151 444 2197 504 Α
2228 442 2536 515 secqtionis,
2564 457 2672 512 quo
2701 441 2866 515 §oter
2909 441 3159 515 martyrii
3186 442 3422 515 palmam
3442 443 3689 515 adeptus
3718 458 3829 511 est,

3686 332 3827 387 1192

2228 522 2283 567 et
2327 513 2665 567 Eleutherius
2711 513 3007 566 Romanam
3053 513 3372 567 cathedram
3406 514 3671 568 obtinuit.
3716 516 3834 569 An-

2228 583 2424 654 dieuda
2446 591 2570 636 sunt
2603 583 2816 636 Baronii
2845 584 3006 637 verba
3032 584 3098 636 ad
3133 599 3332 654 annum
3370 584 3498 646 179.
3535 584 3627 637 ubi
3661 599 3837 654 agens

2227 653 2294 724 de
2326 654 2698 724 persecutione
2728 654 2785 724 in
2809 668 2913 722 qua
2948 662 3215 724 martyres
3230 653 3643 724 Lugdunenses
3668 670 3839 708 ocea-

2226 721 2475 784 buerunt,
2512 723 2581 775 ita
2625 723 2816 777 scribit
2841 738 2988 776 num.
3016 721 3131 776 50':
3177 742 3196 773 ι
3228 721 3339 778 Ilac
3385 724 3521 777 item
3566 739 3836 791 perseca-

2226 791 2372 846 tione
2406 792 2676 862 sublatum
2712 791 2880 847 fuisse
2913 792 3155 846 Soterem
3193 808 3406 862 papam,
3437 792 3648 846 littera:
3686 809 3839 847 mar-

2225 870 2404 933 tyrum
2434 861 2890 933 lmgduueusium,
2920 864 3173 933 ([tltltillﬂc
3196 861 3389 917 eodem
3420 864 3838 933 persecutionis

2228 931 2470 1001 tempore
2504 931 2723 1001 scripta:
2752 941 2878 986 sunt
2920 933 2986 986 ad
3027 932 3393 1001 Eleutheriutn
3432 931 3561 998 ejus
3602 948 3833 988 succes-

2223 999 2427 1065 sorem,
2475 999 2779 1057 necessario
2832 1018 2930 1056 nos
2974 999 3243 1056 allirmare
3285 1002 3664 1072 compellunt;
3706 1003 3837 1057 licet

2223 1073 2314 1125 alii
2356 1088 2527 1127 annos
2573 1085 2761 1126 novem
2803 1072 2981 1126 eidem
3022 1072 3328 1127 tribuerint.
3373 1071 3487 1128 Sed
3524 1073 3681 1139 quod
3723 1083 3835 1127 tres

2224 1150 2434 1195 tantum
2484 1142 2848 1196 ordinationes
2891 1142 3082 1197 fecisse
3127 1143 3465 1211 reperiatur,
3511 1142 3667 1196 haud
3710 1142 3833 1196 ιω-

2222 1212 2359 1283 giori
2390 1221 2628 1283 tempore
2675 1212 2901 1275 sedisse,
2937 1227 3223 1282 possumus
3268 1213 3510 1283 opinari.
3552 1212 3833 1266 Boselum

2223 1282 2402 1336 autem
2439 1282 2490 1335 in
2523 1282 2824 1344 Chronico,
2860 1298 3001 1335 anno
3038 1282 3325 1351 superiori,
3368 1297 3570 1351 nempe
3616 1283 3835 1351 decimo

2222 1362 2376 1406 sexto
2390 1351 2550 1406 Marci
2576 1354 2937 1421 imperatoris,
2959 1350 3118 1420 ponit
3133 1350 3517 1421 Eleutlterium
3531 1350 3832 1407 διώξασαι

2224 1423 2277 1477 in
2323 1423 2495 1477 locum
2543 1422 2774 1486 Soteris,
2826 1423 2922 1476 sed
2981 1423 3033 1475 in
3085 1423 3306 1476 historia
3348 1423 3467 1492 hoc
3508 1420 3639 1492 ipso
3688 1436 3837 1477 nam

2223 1493 2436 1547 decimo
2473 1493 2702 1563 septimo
2738 1497 2758 1545 ‘:
2801 1493 2910 1555 cui,
2947 1493 3198 1563 quoniam
3236 1491 3510 1563 credimus
3556 1491 3621 1545 id
3670 1507 3831 1563 aut-

2221 1563 2365 1633 pisse
2414 1576 2479 1617 ex
2532 1561 2726 1616 litteris
2780 1561 3076 1633 martyrum
3131 1561 3619 1633 Lugdunensium,
3686 1562 3831 1614 haud

2223 1631 2374 1686 inviti
2406 1633 2789 1700 astipulamur;
2820 1631 2945 1686 eum
2973 1631 3168 1701 alioqui
3198 1632 3251 1684 in
3275 1632 3502 1700 reliquis
3521 1634 3833 1701 prata-itis

2226 1702 2485 1757 Romanis
2525 1702 2892 1771 pontiﬁcibus,
2936 1701 3079 1771 quod
3122 1702 3533 1771 prtetermiserit
3584 1702 3830 1765 (ﬂetum,

2230 1772 2371 1826 haud
2423 1770 2712 1841 posSumus
2753 1773 2927 1827 eitlem
2956 1770 3248 1825 assentiri.
3306 1770 3397 1825 Sic
3434 1770 3616 1841 igitur
3668 1771 3727 1825 in
3776 1790 3833 1825 re

2227 1844 2497 1912 ambigua,
2526 1859 2630 1912 non
2670 1851 2777 1896 tam
2808 1855 2871 1896 et
2905 1842 3022 1910 ipso
3053 1841 3280 1895 Eusebio
3308 1856 3471 1910 quam
3503 1857 3573 1895 ex
3634 1842 3831 1895 litteris

2224 1924 2533 1966 sant-torum
2567 1911 3005 1982 Lugdunensium
3049 1921 3371 1982 martyrum,
3416 1912 3524 1982 hoc
3576 1919 3830 1980 tempore

2225 1984 2291 2036 ad
2322 1980 2691 2037 Eleutheriutn
2728 1981 3106 2046 scribentium,
3138 1980 3344 2035 soteris
3372 1981 3619 2038 obitum.
3667 1995 3831 2049 atque

2224 2053 2520 2108 Eleutherii
2559 2054 2884 2122 ingressum,
2925 2052 3173 2122 consulto
3216 2050 3526 2119 ponendum
3552 2065 3693 2106 esse
3718 2055 3831 2105 esi-

2225 2123 2528 2178 stitnamus.
2570 2142 2603 2193 γι
2630 2121 2824 2193 Atque
2870 2122 2990 2193 lucc
3031 2121 3317 2193 Barouios,
3364 2121 3527 2189 cujus
3582 2124 3828 2193 tegulam

2224 2193 2290 2247 de
2336 2191 3094 2263 temporibuspraedictorum
3138 2191 3451 2263 pontiﬁcum
3508 2207 3583 2244 ex
3632 2192 3828 2245 litteris

2225 2262 2521 2334 martyrum
2556 2262 2991 2334 Lugtluucnsimn
3038 2262 3229 2322 secuti,
3262 2275 3450 2314 veram
3498 2265 3825 2316 earumdem

2223 2332 2626 2403 cltronologiam
2661 2332 2994 2386 tradidimus.

2780 2419 3220 2475 ALTASERRA.

2294 2512 2459 2567 Linea
2487 2511 2541 2565 4.
2574 2541 2646 2552 ——
2689 2510 2789 2564 llic
2835 2509 3032 2564 clerum
3082 2508 3401 2572 composuit,
3459 2519 3512 2561 ει
3552 2509 3823 2564 dixerimsi:

2223 2583 2440 2652 gradus.
2481 2583 2711 2637 Ordines
2747 2580 3101 2635 ecclesiastici
3142 2579 3383 2652 distincti
3424 2590 3601 2632 erant
3638 2577 3752 2646 jam
3792 2596 3819 2631 a

2226 2649 2465 2721 tctnpore
2511 2652 2891 2721 :tposutlorttnt,
2945 2660 3001 2721 et
3043 2650 3247 2721 gradus
3285 2649 3566 2721 cujusque
3612 2666 3822 2721 omnes).

2224 2720 2361 2777 situs
2394 2741 2406 2776 :
2444 2738 2630 2777 verum
2660 2721 2860 2790 aliquid
2902 2720 3140 2774 additum
3172 2720 3339 2789 priori
3369 2720 3822 2782 distiuctioni,et

2224 2793 2413 2864 gradui
2437 2793 2686 2847 ordinum
2718 2796 2785 2845 ab
2810 2791 3018 2861 llygiuo
3045 2790 3374 2844 credendum
3400 2798 3519 2844 cst.

2866 2877 3155 2933 ISENCINI.

2293 2952 2457 3007 Linea
2496 2952 2549 3005 4.
2596 2979 2666 2991 --
2701 2949 2800 3003 Hic
2841 2949 3036 3003 clerum
3080 2948 3393 3015 composuit,
3447 2958 3502 3000 et
3554 2948 3817 3000 distribuit

2223 3026 2441 3096 gradus.
2472 3022 2784 3096 Persecutio
2808 3022 2959 3090 prior
2994 3028 3119 3096 ante
3159 3018 3509 3096 Antoninum
3541 3032 3813 3086 perverte—

2226 3088 2311 3150 rat
2337 3093 2562 3155 elerum,
2601 3088 2859 3145 adversus
2887 3104 3046 3158 quem
3064 3088 3325 3158 ferociori
3354 3088 3575 3155 impetu
3606 3104 3815 3142 exarse-

2141 3148 2186 3208 (ἶ
2221 3148 2321 3219 rat.
2356 3164 2469 3217 Sub
2506 3148 2779 3216 Antonino
2803 3148 2991 3214 Pio-et
3024 3157 3206 3213 Marco
3242 3148 3691 3226 itttpcratorihus
3724 3174 3811 3226 pa!

2219 3234 2474 3289 Ecclesiae
2500 3232 2760 3292 redditur,
2785 3231 2858 3283 uti
2883 3239 3096 3282 constat
3129 3243 3194 3281 ex
3218 3230 3502 3296 rescripto
3531 3230 3668 3283 dato
3687 3245 3813 3280 mnt-

2219 3304 2363 3357 ntuni
2388 3304 2528 3357 Asia:
2557 3303 2717 3371 (apud
2749 3300 2945 3371 Euseb.
2969 3299 3004 3350 l.
3038 3312 3111 3358 tv,
3142 3312 3190 3351 c.
3225 3298 3339 3371 l5).
3378 3316 3398 3347 ι
3443 3297 3607 3371 Multi
3636 3300 3807 3371 adut:

2215 3381 2282 3428 de
2323 3374 2428 3427 illis
2472 3368 2767 3427 retulerunt
2794 3386 2809 3423 :
2834 3368 3152 3438 quibusego
3183 3369 3358 3438 patris
3406 3368 3519 3420 mei
3558 3369 3807 3422 constitu-

2216 3446 2414 3498 tionem
2438 3452 2655 3497 seeutus
2688 3439 2935 3509 respondi
2972 3455 2983 3489 :
3019 3437 3170 3509 Quod
3198 3437 3242 3491 si
3276 3438 3406 3505 quis
3439 3439 3623 3490 adhuc
3641 3438 3803 3509 pergit

2214 3515 2461 3583 cuiquam
2510 3513 2739 3583 illorum
2778 3507 3065 3583 negotium
3086 3507 3394 3583 facessere,
3453 3522 3533 3583 εξ
3574 3522 3636 3583 eo
3668 3507 3800 3576 quod

2212 3576 2551 3639 Christianus
2590 3582 2678 3643 sit,
2711 3576 2915 3633 delatus
2941 3578 3156 3646 quidem
3199 3577 3441 3632 crimine
3482 3576 3803 3638 absolrautr,

2213 3653 2422 3709 tametsi
2451 3660 2659 3706 constet
2695 3664 2818 3703 eum
2857 3649 3034 3716 reipsa
3059 3646 3438 3701 Christianum
3471 3662 3600 3701 esse
3627 3664 3643 3700 :
3672 3646 3809 3701 del:-

2213 3734 2297 3778 tor
2320 3732 2496 3777 autem
2521 3723 2634 3792 ipse
2660 3733 2845 3792 ptenas
2872 3717 2999 3792 luet.
3054 3737 3073 3769 ι
3108 3716 3359 3792 Pontifex
3382 3716 3581 3787 itaque
3607 3727 3809 3792 pertur-

2210 3795 2336 3848 bato
2369 3786 2555 3847 ordini
2584 3786 2856 3859 suppetias
2879 3788 3127 3852 daturus,
3148 3786 3359 3859 clerum
3388 3786 3724 3856 composuit,
3756 3794 3810 3841 et

2211 3865 2276 3917 ad
2315 3864 2571 3933 pristinos
2610 3856 2807 3933 gradus
2837 3858 3093 3933 restituit.
3134 3856 3485 3933 Coutponere
3518 3859 3671 3933 enim
3709 3859 3805 3910 im-

2210 3926 2388 4002 portat
2428 3947 2539 3986 rem
2567 3926 2636 3984 ad
2659 3930 2902 4002 ordinem
2934 3927 3213 4002 reducere,
3250 3926 3588 4002 reformare,
3617 3928 3670 3981 iu
3700 3942 3807 3981 me-

2210 3998 2314 4058 lius
2351 4003 2694 4057 distribuere.
2748 4000 2866 4065 ρυο
2908 4011 3067 4050 sensu
3114 3998 3423 4067 Cyprianus
3472 3999 3803 4066 scripserat,

2209 4087 2330 4128 eum
2392 4072 2747 4126 Novatianum
2804 4068 3037 4121 schisma
3095 4066 3367 4120 Ecclesias
3431 4069 3805 4134 perturbasset

2209 4146 2379 4212 (epist.
2410 4143 2500 4213 η)
2537 4159 2549 4195 :
2581 4158 2600 4191 ί
2620 4140 2717 4213 AAd
2751 4136 3030 4192 catholicae
3066 4136 3319 4213 Ecclesia:
3351 4137 3803 4213 unitatetnuseissi

2208 4205 2448 4283 corporis
2477 4205 2713 4283 membra
2739 4215 3145 4283 componerent.
3176 4224 3196 4256 ι
3226 4205 3446 4259 Gradus
3471 4207 3803 4283 distriqu

2206 4276 2577 4337 est-ordinem
2626 4276 2879 4334 inducere
2916 4276 3191 4342 cujusdam
3235 4276 3644 4343 pnerogativas.
3691 4277 3803 4343 Quo

2207 4368 2365 4406 sensu
2388 4352 2601 4421 scripsit
2630 4348 2874 4421 Michaeli
2902 4346 3215 4421 imperatori
3238 4344 3500 4421 Nicolaus
3581 4350 3691 4417 (ep.
3713 4354 3798 4415 8):

2213 4443 2230 4473 ι
2272 4424 2405 4477 Hinc
2429 4414 2571 4476 enim
2601 4419 2879 4475 confessor
2901 4414 3101 4471 Christi
3125 4414 3408 4485 Sylvester
3437 4415 3573 4470 fecit
3594 4414 3802 4486 gradus

520 4487 808 4562 ostendere
842 4492 1137 4562 ctepintus,
1192 4491 1258 4562 de
1294 4506 1403 4560 quo
1445 4502 1653 4562 certum
1706 4487 1805 4545 est'
1835 4491 2104 4544 decimum
2132 4493 2181 4553 ι)
2207 4493 2260 4546 in
2285 4493 2491 4562 gremio
2516 4491 2728 4561 synodi,
2768 4498 2826 4541 ttt
2864 4502 2971 4541 non
3013 4487 3299 4562 presbyter
3342 4488 3414 4538 ad
3458 4488 3796 4562 episcopum,

519 4559 810 4627 septimum
839 4560 908 4613 Μ.
943 4559 1151 4614 Aurelii
1195 4559 1536 4630 imperatoris
1578 4577 1795 4619 annum.
1835 4576 1942 4628 quo
1979 4575 2105 4629 per-

519 4631 726 4701 secutio
753 4633 936 4701 C(Bpil,
969 4630 1231 4685 excedere
1261 4646 1362 4684 non
1387 4631 1643 4699 potuisse.
1670 4631 1933 4700 Tempore
1956 4631 2098 4701 enim

519 4698 669 4771 illius
710 4698 1099 4770 persecutionis
1155 4698 1421 4771 martyres
1472 4698 1851 4770 Lttgdttnenses
1905 4700 2101 4771 szepius

517 4771 585 4840 ad
615 4770 980 4825 Eleutherium
1012 4786 1201 4840 papam
1230 4772 1578 4839 scripserunt,
1604 4779 1664 4822 ttt
1687 4770 2101 4840 testaturEuse-

517 4837 639 4892 hius
668 4841 719 4894 in
746 4842 968 4897 historia
1000 4837 1094 4894 libi
1129 4857 1182 4905 v,
1224 4837 1352 4910 cap.‘
1378 4842 1427 4901 l,
1460 4840 1547 4893 tibi
1573 4839 1855 4910 epistoluttt
1878 4839 2096 4910 illorum

517 4910 757 4980 exhibet,
802 4927 963 4980 quam
1003 4910 1065 4964 D.
1097 4908 1302 4967 Irenaeo
1338 4912 1405 4965 ad
1448 4909 1816 4964 Eleutlteriutn
1854 4908 2100 4963 deferen-

515 4979 637 5033 dam
667 4979 1021 5037 tradiderunt.

585 5050 640 5121 7.
700 5050 865 5105 Ροιϊο
910 5052 1053 5106 circa
1083 5061 1290 5121 tempus
1330 5049 1553 5121 Soteris
1584 5063 1754 5121 papte,
1802 5063 1914 5121 quo
1960 5064 2098 5104 mar-

514 5120 710 5189 tyrium
760 5122 979 5187 subivit,
1019 5131 1073 5176 et
1110 5119 1416 5175 Eléutherio
1452 5120 1765 5173 cathedram
1800 5119 2092 5172 ltotnanam

514 5188 753 5258 reliquit,
776 5192 1238 5246 eminentissimus
1263 5189 1551 5245 cardiualis
1583 5189 1844 5243 Baronius
1876 5205 1906 5241 a
1939 5190 2094 5243 nobis

513 5258 761 5314 dissentit
781 5271 986 5315 tantum
1016 5263 1066 5315 in
1090 5262 1297 5317 duobus
1322 5261 1497 5321 annis,
1519 5259 1713 5327 quibus
1735 5276 1764 5311 a
1787 5274 1912 5312 vcra
1935 5260 2103 5314 cbro-'

512 5330 698 5399 notasti
774 5333 1069 5399 primorum
1141 5331 1452 5395 pontiﬁcum
1513 5339 1772 5398 perpetuo
1832 5328 2089 5385 deﬂectit.

511 5397 691 5470 Quare
716 5397 893 5454 omnia
927 5411 1074 5470 gesta
1111 5401 1477 5456 ecclesiastica
1507 5397 1717 5452 duobus
1747 5400 2105 5470 attttispost-,

508 5469 718 5538 posuit;
750 5484 854 5537 qua
891 5469 1098 5524 ratione
1137 5472 1299 5525 etiam
1336 5470 1535 5523 factum
1568 5477 1678 5534 est,
1709 5470 1851 5538 quod
1884 5469 1953 5523 bi.
1981 5471 2089 5522 Att-

509 5537 629 5592 relii
676 5539 1012 5607 imperatoris
1055 5555 1253 5595 annum
1306 5540 1571 5595 decimum
1625 5537 1930 5609 septimum,
1994 5538 2086 5608 qui

507 5621 630 5661 cum
670 5623 777 5662 aera
810 5610 909 5664 177
947 5612 1241 5676 concurrit,
1276 5612 1342 5665 ad
1380 5624 1576 5663 annum
1622 5609 1723 5664 179
1782 5609 1984 5665 retulit.
2029 5610 2088 5662 Si

506 5687 686 5733 autem
717 5694 889 5733 annus
929 5681 994 5735 17
1044 5678 1205 5734 ltlarci
1246 5679 1446 5734 Aurelii
1491 5693 1612 5733 tene
1647 5696 1758 5736 sua:
1787 5680 1886 5734 177
1925 5680 2085 5735 resti-

507 5758 712 5817 tuatur,
747 5751 1024 5808 uobiscum
1052 5750 1249 5807 sentiet
1269 5749 1538 5807 Baronius
1556 5748 1702 5809 circa
1721 5757 1937 5825 tempus
1960 5765 2086 5827 per-

2208 4556 2313 4616 noti
2362 4556 2620 4617 diaconus
2661 4563 2918 4614 adversus
2960 4556 3407 4626 presbyterum...
3452 4556 3551 4611 det
3581 4573 3800 4612 accusa-

2209 4633 2407 4687 tionem
2455 4632 2710 4699 aliquam.
2753 4648 2771 4679 ›
2800 4628 3129 4699 Quandoque
3169 4626 3514 4696 dignitatem,
3542 4640 3637 4699 ⁸ιιι
3678 4642 3797 4682 αα

2206 4702 2433 4772 simplex
2467 4695 2720 4772 sacerdos
2760 4701 2825 4772 ad
2859 4696 3309 4772 presbyteratutu,
3351 4711 3451 4750 seu
3591 4713 3799 4772 perpo-

2204 4766 2429 4826 situram
2479 4771 2530 4823 in
2583 4770 2819 4823 Ecclesia
2861 4766 3129 4829 evehitur,
3160 4779 3268 4833 quo
3305 4781 3471 4820 sensu
3511 4767 3796 4820 Contelius

2204 4842 2257 4896 in
2295 4842 2523 4910 epistola
2573 4840 2636 4893 ad
2684 4838 2905 4893 Fabium
2952 4835 3096 4910 dixit
3148 4836 3569 4910 (apud‘Euse‘d.
3628 4837 3665 4910 l_.
3720 4854 3815 4907 ηρ

2201 4927 2252 4966 c.
2286 4905 2373 4978 l3)
2401 4928 2412 4961 :
2438 4910 2816 4979 Presbyterum
2839 4905 3059 4977 gradum
3083 4905 3369 4979 consequi,
3397 4917 3458 4960 et
3486 4905 3795 4979 Cyprianus

2199 4981 2536 5035 Numidicum
2574 4978 2945 5049 presbyterum
2988 4985 3285 5049 martyrum
3325 4978 3567 5049 elevavit
3604 4978 3675 5049 ad
3699 4980 3791 5049 _dio

2196 5052 2454 5121 gnitatem
2528 5045 2936 5121 presbyieratus
2998 5045 3446 5121 Cartttaginensis
3497 5046 3789 5121 Ecclesigc,

2195 5114 2412 5191 insuper
2432 5114 2574 5187 quod
2604 5114 2897 5191 (epist._§§)
2926 5132 2942 5169 :
2981 5134 3000 5167 ι
3037 5114 3455 5191 Ιξςοιηςινθιιίιιιτ
3471 5118 3545 5191 ad
3566 5118 3791 5191 amplio-

2194 5184 2545 5252 retn'loctim,
2602 5184 2724 5242 i'et
2751 5186 2876 5240 alibi
2924 5203 2937 5238 :
2989 5204 3008 5236 I
3057 5184 3366 5241 Merebatur
3412 5187 3539 5241 talis
3576 5184 3791 5241 etei-ia

2189 5259 2542 5316 ordinationis
2563 5257 2850 5312 ulteriores
2871 5256 3092 5324 gradus,
3112 5264 3170 5307 et
3197 5256 3533 5311 incrementa
3557 5256 3783 5324 majora,

2190 5345 2296 5385 non
2337 5329 2406 5385 de
2440 5328 2598 5382 annis
2635 5329 2767 5393 suis,
2798 5324 2893 5381 sed
2921 5326 2987 5379 de
3033 5324 3245 5380 meritis
3282 5328 3621 5381 aestimandis
3644 5347 3661 5379 :
3690 5327 3783 5379 sed

2190 5401 2407 5454 interim
2458 5398 2678 5468 placuit,
2727 5406 2787 5451 ttt
2837 5397 2905 5451 ab
2943 5394 3118 5468 olIicio
3177 5394 3397 5451 lectoris
3452 5396 3700 5465 incipiat.
3760 5415 3779 5447 ι

2189 5466 2626 5540 Presbyteratum
2646 5539 2649 5540 ν
2666 5480 2794 5523 vero
2818 5466 3062 5540 gradum
3078 5467 3264 5540 _honot
3279 5468 3325 5521 is
3347 5475 3610 5540 putatum
3658 5480 3782 5540 esse

2190 5534 2749 5608 supra'sacerdotiutn
2801 5534 3042 5608 declarat
3077 5534 3302 5591 Pontius
3345 5534 3399 5591 iit
3443 5537 3567 5590 Vita
3601 5537 3779 5593 sancti

2188 5605 2441 5679 Cypriani
2482 5626 2496 5662 :
2552 5627 2572 5660 ε
2633 5605 3035 5677 Presbyterium
3085 5615 3141 5679 et
3181 5608 3542 5661 sacerdotium
3591 5608 3780 5659 statim

2192 5676 2429 5749 accepit.
2441 5679 2577 5749 Quis
2605 5679 2751 5734 enim
2780 5689 3098 5749 nonomnes
3126 5676 3395 5749 honorum
3420 5680 3624 5749 gradus
3652 5693 3780 5732 cre-

2190 5744 2343 5807 derei
2361 5744 2645 5809 talitticttti
2667 5745 2955 5806 credenti?
2989 5763 3010 5800 ι
3039 5744 3233 5802 Varios
3264 5760 3392 5802 vero
3413 5744 3583 5802 fuisse
3607 5749 3778 5803 etiam
