3954 6318
35 313 205 374 ιξει

29 460 186 519 cum
209 444 414 519 indicio
445 446 707 519 mensium
738 447 897 501 trium
922 447 993 500 ita
1027 449 1233 519 signato
1258 449 1328 503 Μ.
1357 449 1446 505 111.
1470 447 1594 501 θ’...

27 516 124 570 Ex
163 517 256 598 itis
283 526 516 599 attamen
564 517 802 604 reliquiis
850 516 1192 604 numerorum
1240 521 1375 604 satis,
1427 519 1646 604 evidens

27 588 436 640 testimonium
467 588 673 643 accedit
702 599 936 657 quatuor
965 590 1218 657 eatalogis
1256 588 1643 644 vcttistioribus

23 657 227 711 Italia:
248 679 261 711 ;
283 660 334 711 in
358 660 551 725 quibus
570 660 786 727 epocbm
808 675 1066 712 annorum
1115 662 1173 714 11
1211 661 1477 714 adduntur
1498 675 1643 714 meu-

23 743 133 781 scs
173 729 209 781 4
237 738 293 781 et
315 731 429 782 dies
455 729 519 791 5;
551 729 704 782 alteri
739 737 915 782 autem
944 730 1160 796 epochae
1188 733 1468 798 proximm,
1499 745 1645 783 com-

21 799 227 865 plouti
260 799 561 852 vicenuium
585 814 681 868 per
705 815 874 852 annos
907 802 939 853 8
979 801 1059 853 vel
1103 803 1132 852 0
1182 800 1454 854 adduntur
1503 817 1640 869 quo--

23 884 151 934 que
222 884 438 922 menses
483 869 537 938 5,
584 869 649 921 ad
700 869 985 938 imaginem
1051 869 1130 923 Pii
1190 871 1520 935 pertinentes
1585 871 1640 923 in

21 939 287 1006 picturis
312 940 484 1009 aetatis
522 937 825 1009 Leoniange
861 957 872 992 :
943 948 998 994 et
1050 939 1422 1009 exprimuntur
1457 942 1640 994 .ctiam

22 1010 160 1060 ilics
203 1009 265 1073 3,
299 1009 371 1062 uti
398 1008 629 1062 diximus
665 1010 716 1062 in
759 1008 1176 1078 Prolegomenis.
1219 1010 1348 1064 Cum
1391 1016 1518 1066 veho
1558 1028 1642 1064 sa-

27 1079 109 1150 tis
156 1079 812 1150 ostenderim,muneres
853 1080 1062 1133 illorum
1112 1080 1472 1150 catalogorum
1539 1082 1642 1134 lta-

19 1147 119 1222 liae
169 1151 480 1222 descriptos
528 1149 694 1204 fuisse
752 1166 827 1222 ex,
869 1151 1094 1222 picturis
1147 1147 1490 1206 basilicarum
1549 1169 1640 1222 pa-

25 1219 452 1293 triarcbalium,
519 1235 766 1293 quarum
815 1219 881 1276 in,
933 1221 1155 1275 Paulina
1216 1235 1396 1291 partes
1445 1219 1635 1293 super-

19 1302 166 1364 sont
217 1331 250 1364 ,_
304 1290 565 1364 catalogig
605 1290 768 1345 ltalici
842 1293 1070 1364 gratiam
1137 1293 1274 1347 hanc
1341 1290 1641 1364 rependunt

21 1362 153 1414 suis
221 1359 501 1423 fantibus,
554 1362 656 1416 hoc
694 1370 776 1416 est
836 1359 1059 1431 picturis
1097 1365 1272 1417 aetatis
1311 1359 1636 1430 Leonianaz,

21 1445 86 1482 ut
149 1431 402 1502 subsidio
459 1432 565 1485 sint
629 1434 694 1485 ad
755 1435 1078 1502 supplendas
1132 1436 1437 1488 earumdem
1492 1436 1639 1489 lacu-

23 1517 156 1575 t;as-.
221 1501 402 1575 Qilare
443 1501 651 1575 illorum
693 1501 1067 1575 auctoritatem
1104 1507 1312 1568 secuti,
1356 1506 1639 1575 possumus

15 1570 155 1645 jure.
218 1573 729 1645 tribuereAniceto,
778 1575 866 1644 qui
920 1574 1166 1629 Soterem
1212 1570 1452 1641 proxime
1503 1592 1638 1645 pne-

22 1643 187 1693 cedit
222 1643 486 1714 annos“
516 1684 529 1705 ,
563 1659 773 1714 menses
800 1643 855 1708 4,
889 1645 1006 1699 dies
1033 1647 1084 1709 5,
1124 1655 1175 1698 et
1198 1646 1294 1699 Pio
1333 1648 1420 1714 qui
1447 1643 1643 1701 Anice-

25 1720 151 1763 tum
188 1713 467 1765 antecedit
496 1728 664 1767 annos
697 1713 730 1767 8
759 1714 839 1768 vel
887 1715 938 1775 9,
971 1732 1183 1770 menses
1211 1718 1262 1781 ὅ,
1295 1713 1408 1770 dies
1434 1718 1483 1770 3.
1520 1716 1636 1770 Dixi

23 1792 229 1857 autem
281 1781 334 1834 in
385 1781 480 1857 Pio
527 1786 758 1857 annosS
789 1784 928 1857 veli9
959 1785 1082 1857 quia
1124 1787 1230 1840 duo
1273 1803 1338 1840 cx
1380 1787 1638 1857 catalogis

23 1853 209 1906 laalbe
233 1853 1178 1924 octenuiumiexbibent,duoreliqui
1207 1858 1343 1911 banc
1371 1853 1636 1912 summam

23 1933 248 1992 augent
274 1926 504 1996 unitate.
541 1923 986 1993 Nostrarumjam
1027 1923 1134 1980 erit
1164 1929 1394 1996 partium
1431 1929 1632 1983 utrius-

23 2010 146 2069 que
182 1993 425 2069 rationes
454 2010 776 2069 componere
825 2012 945 2049 cum
979 1993 1288 2069 consulibus
1324 1999 1636 2069 assignatis,

24 2074 78 2116 ct
115 2064 358 2132 duplicis
383 2063 541 2133 hujus
568 2081 688 2119 ξριτιξ
715 2065 896 2120 Piana:
925 2075 1034 2120 tum
1058 2066 1091 2121 8
1114 2084 1378 2124 annorum
1400 2111 1413 2135 ,
1438 2063 1557 2123 tum
1582 2074 1634 2134 0,

29 2146 326 2190 nzotncnta
369 2136 684 2205 pontlerare.

103 2254 261 2306 Inter
295 2253 678 2326 Prolcgomeua
699 2298 712 2320 ,
741 2256 792 2310 in
831 2256 970 2310 serie
1006 2257 1317 2326 pontiﬁcum
1367 2259 1640 2314 Romano-

28 2341 156 2377 rum
184 2367 196 2385 ,
230 2325 322 2398 ubi
358 2325 878 2398 collegitestimonia
903 2325 1107 2397 potiora
1138 2345 1256 2398 qua?
1279 2331 1546 2398 pertinent
1571 2331 1636 2384 ad

27 2412 206 2446 a-rant
263 2396 503 2467 duorum
551 2397 778 2451 istorum
847 2396 1170 2467 pontilieunr
1226 2396 1634 2465 stabiliendam,

29 2467 192 2531 Hum
225 2465 507 2520 observavi
542 2469 829 2536 :primum,
850 2465 1188 2536 permutatas
1219 2469 1444 2524 invicem
1474 2470 1638 2526 fuisse

31 2539 83 2588 in
123 2537 456 2610 quibuslatn
488 2538 1302 2610 catalogisepochasutriusque
1331 2542 1633 2610 pontiﬁcis,

30 2608 391 2660 (ιςιικδὶοιιριιι
423 2609 693 2676 pr:ebente
725 2608 918 2677 Optato
946 2608 1279 2676 Milevitano,
1313 2608 1434 2666 dum
1484 2612 1635 2666 Pium

40 2679 284 2730 Aniceto
330 2678 631 2750 postponit,
691 2694 848 2750 quem
923 2679 1253 2750 [legesippus
1309 2691 1362 2735 et
1407 2683 1636 2738 lremeus

34 2759 207 2800 testes
231 2749 533 2823 syncbroai
567 2749 984 2823 praeponebant;
1026 2749 1300 2823 secundo,
1335 2753 1634 2823 cataIOgum

33 2818 477 2871 vetustissimum
504 2821 677 2873 {etatis
701 2819 1001 2874 Liberianm
1025 2821 1109 2874 hic
1133 2823 1376 2876 mutilum
1401 2831 1452 2876 et
1480 2818 1632 2877 luxa-

33 2901 149 2941 ωειλ
205 2889 436 2941 reticere
485 2890 701 2958 quidem
760 2891 1072 2953 Anicetum,
1113 2902 1165 2945 et
1199 2892 1294 2946 Pio
1341 2893 1636 2949 attribuere

32 2969 209 3010 totum
249 2959 554 3012 vicennitnu
595 2960 959 3028 (librariorum
1006 2976 1137 3016 ausu
1185 2964 1402 3017 lacunas
1433 2965 1633 3018 codicis

33 3029 300 3097 imperite
331 3029 629 3104 supplente)
649 3072 662 3094 ,
687 3032 779 3085 sed
813 3032 865 3084 in
890 3033 1185 3104 exemplari
1219 3032 1464 3088 Czesareo
1493 3035 1636 3104 ejus-

33 3104 157 3152 ifcm
211 3099 446 3173 catalogi
474 3101 560 3154 ubi
613 3101 803 3155 lacuna
841 3103 914 3173 in
944 3099 1184 3157 muneris
1218 3105 1403 3167 lnesit,
1438 3099 1633 3173 oppor-

33 3179 165 3249 tune
199 3169 756 3249 eshiberiuconsuies
822 3171 1158 3249 Gallicanum
1219 3184 1270 3249 et
1333 3169 1704 3249 _Yetcrctttr,c

35 3241 263 3295 Aniceti
310 3241 532 3295 exordio
580 3243 887 3296 attributes.
939 3243 1050 3298 Hoc
1103 3260 1207 3298 uno
1257 3245 1452 3299 indicio
1501 3248 1632 3300 satis

35 3313 367 3384 t:rslrttitltttt_'
385 3311 449 3384 ad
484 3322 959 3384 utramqueteram
981 3315 1371 3384 complendam.
1404 3316 1459 3369 Si
1488 3317 1631 3370 enim

35 3382 299 3464 consules
329 3381 635 3464 gallicanum
666 3381 720 3437 et
751 3383 1056 3464 Vcterlseu
1091 3381 1290 3464 Fletus,
1319 3396 1376 3440 ttt
1402 3387 1488 3464 alii
1515 3404 1630 3440 ma-

37 3457 174 3524 ιιςιιι)
217 3453 347 3524 anni
379 3452 512 3524 150,
539 3454 751 3523 signant
778 3452 1060 3508 exordium
1085 3455 1322 3516 Aniceti,
1354 3457 1438 3510 cui
1463 3473 1632 3512 annos

39 3526 96 3578 11
139 3523 356 3578 solidos
381 3523 601 3594 pictura:
637 3534 881 3588 veteres,
915 3534 966 3578 et
992 3525 1207 3578 codices
1229 3527 1451 3595 perinde
1484 3529 1631 3581 attri-

37 3603 252 3649 buant.
293 3609 514 3648 necesse
564 3603 646 3649 est
691 3610 1056 3648 successorem
1113 3595 1354 3650 Sotercm
1390 3597 1634 3652 obtinere

38 3666 295 3720 consules
325 3666 450 3718 anni
477 3663 580 3719 162
600 3705 614 3729 ,
649 3663 926 3719 Rusticum
955 3675 1007 3718 et
1033 3664 1365 3735 Aquiliuum.
1402 3668 1630 3722 Eosdem

41 3752 174 3789 vero
204 3735 415 3789 obtinet
456 3738 508 3806 in
568 3736 826 3804 calalogis
882 3737 1136 3806 integris,
1173 3738 1392 3806 perinde
1450 3754 1514 3792 ac
1574 3739 1628 3792 in

39 3807 264 3859 czrleris
333 3805 603 3860 codicibus
685 3807 1014 3860 enumeratis
1088 3805 1628 3877 iu’Prolegomenis.

41 3880 404 3944 Consequens
433 3877 594 3948 igitur
621 3885 703 3930 est
745 3886 955 3948 inuicto
989 3877 1135 3945 paria
1173 3878 1482 3941 consulum,
1514 3894 1632 3948 quae

38 3957 341 4016 supersunt
375 3962 440 4000 ex
471 3946 670 4000 Severo
715 3956 768 4001 et
802 3946 1045 4000 Priscino
1075 3964 1214 4000 anno
1257 3949 1347 4000 141
1383 3946 1631 4003 clauden-

39 4015 184 4070 tibus
223 4015 412 4086 Hygini
463 4017 864 4087 pontificatum,
904 4019 969 4070 ad
1017 4019 1259 4085 proxime
1307 4029 1631 4074 memoratos

37 4089 384 4143 Gallicanum
427 4086 480 4141 et
515 4086 757 4140 Veterem
797 4089 921 4141 anni
975 4088 1075 4141 150
1109 4091 1414 4156 λιμοι-ἱριιιεε
1446 4091 1629 4143 sedem

38 4158 280 4218 Aniceti.
305 4157 608 4227 pertineant
633 4157 698 4211 ad
743 4157 892 4229 Pium
921 4176 934 4222 ;
965 4160 1050 4213 cui
1101 4170 1381 4229 propterea
1415 4160 1629 4228 pontiﬁ-

39 4242 202 4283 catus
229 4244 400 4282 annos
427 4229 478 4291 8,
500 4243 714 4300 menses
756 4228 806 4292 ὅ,
835 4229 1056 4298 diesque
1098 4228 1314 4284 totidem
1347 4230 1632 4300 assignabo

37 4317 100 4352 ex
126 4299 416 4370 catalogis,
463 4298 595 4370 olim
643 4299 925 4369 descriptis
971 4315 1000 4352 e
1045 4301 1268 4370 picturis
1320 4298 1630 4354 earumdem

41 4368 398 4425 basilicarum
455 4389 466 4422 :
514 4368 602 4421 ubi
657 4368 1074 4438 nunc'vcstigia
1132 4379 1426 4424 memorata
1477 4372 1633 4424 istius

41 4450 268 4517 epocha:
307 4449 357 4501 in
392 4447 627 4501 ternario
657 4449 920 4502 mensium
955 4439 1020 4502 ᾖ.
1059 4448 1143 4512 lll,
1204 4449 1346 4502 clare
1390 4459 1634 4516 spectan-

41 4530 152 4606 ριν.
191 4518 351 4572 Malui
379 4528 553 4606 tamen
578 4519 702 4598 lolio
729 4518 797 4572 92
821 4522 1034 4574 eosdem
1059 4520 1453 4606 coqsttlesatmi
1510 4520 1628 4582 141,
1666 4548 1713 4606 D

44 4590 318 4644 Severum
349 4589 750 4653 etPriscinunt,
781 4601 1085 4659 postremos
1143 4590 1334 4659 Hygini
1391 4601 1633 4658 repetere

44 4663 97 4716 in
122 4660 249 4725 Pio,
274 4661 428 4729 eique
451 4667 732 4729 propterea
763 4662 1032 4715 ascribere
1061 4677 1180 4714 cum
1209 4661 1465 4729 catalogis
1508 4661 1636 4714 Ber-

45 4731 296 4802 gomensi
332 4729 656 4802 etiFarl'ensi
688 4746 858 4784 annos
885 4730 938 4794 9,
958 4747 1186 4802 menses
1209 4731 1260 4794 5,
1292 4733 1406 4784 dics
1430 4731 1480 4794 ’5,
1511 4733 1634 4798 quia

46 4799 97 4857 in
129 4802 359 4857 exordio
389 4801 464 4854 Pii
499 4799 755 4872 Severum
783 4801 1056 4857 consulem
1090 4814 1368 4856 recensent
1408 4802 1633 4872 catalogi

44 4874 230 4927 astatis
257 4872 454 4926 Libcrii
483 4881 538 4925 et
569 4870 762 4925 Felicis
790 4873 987 4940 quarti,
1025 4889 1229 4926 necnon
1272 4870 1632 4926 Bibliotheca-

48 4945 190 5008 rius,
223 4944 347 4996 licet
394 4941 648 5011 collegam
677 4941 890 4995 Clarum
923 4959 1202 5011 perperam
1237 4942 1493 5006 tribuant,
1544 4944 1635 5011 qui

48 4960 190 5008 rtus,
223 4960 347 4996 licet
394 4960 648 5011 couegam
677 4960 890 4995 uarum
923 4960 1016 5011 per
1037 4960 1202 4997 ieram
1237 4960 1493 5006 tribuant,
1544 4960 1635 5011 qm

48 5030 175 5068 cum
205 5014 314 5083 alio
361 5012 560 5067 Severo
589 5027 618 5065 e
648 5022 809 5083 gente
863 4960 1082 5067 Claudia
1142 5014 1328 5067 consul
1374 5015 1636 5083 processit

49 5100 196 5137 anno
231 5082 350 5146 146,
379 5093 430 5137 et
459 5084 510 5136 in
543 5082 781 5152 pluribus
807 5084 1040 5152 antiquis
1064 5085 1504 5152 inscriptionibus
1528 5100 1638 5137 nte-

49 5163 322 5209 moratur.
389 5154 660 5208 Consueta
717 5153 1056 5207 librariorum
1112 5154 1317 5207 incuria
1375 5155 1633 5208 Severum

49 5226 336 5279 consulem
360 5225 483 5278 anni
532 5223 654 5288 141,
681 5225 877 5292 collega
909 5225 1173 5287 Priscino,
1227 5226 1549 5292 permutavit
1582 5225 1636 5276 in

51 5295 320 5350 Severum
353 5294 628 5350 consulem
657 5296 780 5347 anni
818 5294 933 5358 146,
975 5295 1174 5365 collega
1207 5296 1405 5348 libucio
1456 5295 1633 5349 Claro.

52 5366 240 5433 Quare
263 5365 568 5419 consulibus
591 5365 660 5416 ita
692 5366 974 5428 restitutis,
999 5369 1158 5419 etiam
1185 5382 1245 5418 ev
1285 5366 1479 5420 indicio
1510 5381 1640 5418 con-

52 5437 236 5492 sulum
261 5440 502 5506 proxime
527 5435 940 5506 praecedentium
966 5437 1015 5487 in
1049 5437 1152 5489 line
1187 5437 1397 5506 llygini,
1458 5446 1512 5490 et
1565 5452 1632 5488 ex

56 5504 328 5561 annorum
356 5521 562 5560 summa
608 5504 700 5556 Pio
745 5515 798 5558 et
847 5507 1071 5559 Aniceto
1129 5504 1470 5573 pontiﬁcibus
1507 5522 1635 5559 con-

57 5577 292 5646 tingenti
347 5592 515 5644 usque
563 5576 628 5627 ad
675 5575 881 5629 initium
927 5575 1159 5640 Soteris,
1208 5593 1490 5644 possumus
1525 5577 1636 5644 jam

57 5648 276 5702 facilius
309 5646 520 5717 assequi
553 5647 812 5700 mensium
845 5663 1059 5716 quoque
1090 5664 1151 5700 ac
1201 5650 1404 5701 dierum
1466 5650 1634 5700 ratio-

59 5735 179 5782 nes,
213 5716 525 5771 eorumdem
577 5716 687 5788 sedi
739 5722 1142 5787 respondentes.
1190 5719 1314 5773 Dies
1361 5720 1639 5788 utriusque

60 5789 313 5860 martyrii
357 5787 736 5846 ecclesiasticis
779 5789 833 5844 in
893 5789 1086 5844 tabulis
1148 5790 1446 5861 consignati
1501 5787 1640 5846 hanc

941 317 1255 374 HISTORIA
1300 317 1390 374 DE
1435 318 1608 374 V'lTlS
1648 319 1809 377 ROM.
1853 320 2054 377 PONT.
2087 352 2156 362 -
2192 321 2248 377 S.
2290 321 2462 378 PlUS.

1671 1829 1713 1886 Β

3185 324 3325 388 1222

1607 485 1642 499 ν.
1672 442 1720 501 Α
1751 442 1930 507 etiam,
1983 453 2037 495 ttt
2080 458 2267 512 spero,
2323 443 2738 497 manifestabunt
2786 450 2838 495 ct
2889 451 3226 510 component,
3266 442 3327 503 ni

1748 513 1923 576 fallor,
1957 513 2308 565 dilicrenliam
2339 516 2596 579 octt‘mnii,
2623 529 2685 566 ac.
2717 513 2963 566 novennii
3012 516 3323 580 promiscue

1749 585 1988 656 attributi
2019 601 2044 656 a
2084 584 2308 656 diversis
2330 586 2586 656 catalogis
2617 585 2788 656 eidem
2821 583 2932 637 Pio.

1818 654 2127 724 Martyrium
2174 653 2252 706 Pii
2310 653 2628 718 consignant
2666 653 2920 708 Romana:
2952 653 3203 710 Ecclesiae
3239 665 3318 713 ta-

1743 723 1974 788 bularia,
2007 723 2421 793 suifragantibus
2445 724 2608 787 Beda,
2656 725 2919 789 Usuardo,
2945 724 3149 791 Adone,
3177 726 3325 784 aliis-

1745 813 1849 867 que
1881 795 2273 867 Martyrologiis
2295 795 2379 848 die
2399 796 2456 849 11
2490 796 2646 860 Julii;
2672 796 2887 867 Aniceti
2918 811 3042 867 vero
3067 810 3324 867 coronam

1744 865 1928 922 eadem
1975 866 2279 919 testimonia
2326 867 2562 919 referunt
2617 866 2682 919 ad
2737 867 2877 920 diem
2919 866 2982 919 17
3017 865 3231 934 Aprilis.
3265 869 3322 924 Si

1743 938 1950 993 Aniceti
1996 937 2184 1008 beatus
2212 937 2390 989 exitus
2415 939 2635 1008 contigit
2667 953 2807 990 anno
2851 937 2947 989 102
2972 937 3068 1005 (ιιιί
3101 952 3167 990 ex
3197 954 3320 993 suc-

1746 1008 1990 1078 cessoris
2020 1007 2224 1078 Soteris
2272 1008 2425 1061 initio
2476 1007 2709 1072 constat,
2759 1009 2969 1078 signato
3015 1008 3324 1063 consulibus

1745 1080 1868 1132 anni
1906 1077 2003 1131 162
2046 1077 2268 1132 Rustico
2309 1087 2364 1131 et
2407 1079 2719 1147 Aquilino);
2754 1089 2806 1132 et
2831 1079 2872 1132 si
2918 1078 3120 1146 epoclta
3159 1095 3327 1133 anuo-

1743 1166 1860 1204 rum
1892 1149 1949 1228 11
1990 1149 2040 1202 in
2070 1149 2328 1228 picturisn
2351 1157 2404 1203 ct
2435 1149 2780 1228 in__eat_alogis
2811 1156 3090 1228 superstes
3137 1164 3298 1202 nume.

1743 1230 1824 1276 rat
1869 1221 2029 1273 etiam
2065 1234 2274 1272 menses
2303 1219 2334 1273 4
2366 1236 2428 1273 ac
2469 1220 2636 1274 dies?)
2675 1217 2912 1288 ejusdem
2959 1217 3324 1287 episcopatus,

1781 1301 1871 1344 uot
1898 1290 1971 1343 illi
2018 1291 2358 1357 assignantur
2393 1290 2445 1342 in
2491 1290 2736 1359 catalogo
2763 1289 2967 1359 Felicis
2991 1289 3046 1351 4,
3087 1298 3321 1342 retroce-

1781 1308 1871 1344 u0t
1898 1308 1971 1343 nn
2018 1308 2358 1357 ass:guantur
2393 1308 2445 1342 tn
2491 1308 2736 1359 catalogo
2767 1308 2957 1343 reucts
2991 1308 3046 1351 4,
3087 1308 3321 1342 retroce-

1741 1308 1912 1416 iiendo
1936 1376 2032 1430 per
2053 1375 2223 1414 annos
2255 1361 2339 1424 11,
2373 1375 2543 1415 mens.
2567 1362 2600 1414 4
2628 1373 2679 1413 et
2713 1359 2826 1411 dies
2862 1359 2896 1412 5
2927 1357 3162 1424 ejusdem
3209 1360 3324 1425 cpi-

1741 1429 2341 1500 scopatus,pervenitur
2360 1433 2424 1484 ad
2447 1432 2584 1485 diem
2615 1432 2675 1484 15
2703 1430 3008 1484 Decembris
3048 1430 3171 1483 anni
3202 1429 3327 1492 149,

1740 1519 1859 1571 quze
1881 1519 2001 1556 cum
2031 1504 2099 1555 sit.
2129 1502 2402 1557 Dominica
2439 1504 2525 1570 (co
2573 1519 2712 1554 anno
2741 1501 2842 1555 sibi
2893 1501 3202 1571 vinarlicanle
3233 1501 3327 1554 lit-

1743 1570 1913 1628 teram
1946 1573 2329 1627 Dominicalem
2363 1571 2444 1640 F),
2493 1581 2612 1640 apta
2666 1573 2938 1625 invenitur
2964 1570 3207 1641 ejusdem
3233 1587 3324 1626 or-

1740 1644 2000 1698 dinationi
2036 1645 2101 1696 ad
2131 1644 2527 1712 episc0patum,
2574 1643 2685 1697 sive
2715 1643 3062 1696 adhiberetur
3090 1642 3322 1697 vicarius

1737 1712 1854 1777 Pio,
1876 1711 2230 1768 vrtamadbuc
2262 1711 2577 1780 producenti
2605 1715 2668 1765 ad
2697 1728 2930 1766 mensem
2962 1711 3159 1766 Julium
3191 1714 3322 1768 sul)-

1740 1787 2012 1853 sequcntis
2055 1785 2178 1837 anni
2218 1784 2336 1845 150,
2373 1784 2487 1837 sive
2509 1784 2870 1838 destinaretur
2895 1783 3176 1851 episeopus
3221 1785 3318 1835 lic-

1743 1856 1920 1909 clesia:
1943 1857 2098 1910 alicui
2125 1865 2368 1909 rerenter
2390 1853 2621 1908 l'nndatze
2652 1871 2665 1919 ;
2704 1869 2824 1906 nam
2853 1861 2907 1907 et
2954 1854 3091 1907 hanc
3132 1853 3317 1906 vicatii

1745 1929 1984 1981 numeris
2037 1929 2102 1980 ad
2165 1935 2376 1996 tempus
2433 1925 2744 1996 conlercndi
2802 1939 3021 1996 causam
3060 1923 3318 1996 _e_)_;cm_plo

1743 1998 2103 2065 apostolorum
2142 1993 2437 2050 adhibitam
2465 1995 2728 2062 placuisse
2758 1993 3161 2065 prioribusillis
3213 1993 3318 2065 Ro-

1743 2062 1920 2120 manis
1946 2067 2291 2136 pontiﬁcibus
2339 2066 2494 2119 fateri
2532 2062 3168 2136 oportet;Cumscilicet
3205 2064 3318 2133 cpi-

1742 2134 2058 2206 Scoposipcr
2085 2139 2294 2190 diversa
2345 2137 2459 2190 loca
2489 2134 2757 2198 ordinare,
2797 2144 2851 2188 et
2889 2134 3013 2187 hinc
3045 2134 3316 2189 dimittere

1744 2208 1875 2276 ipsis
1918 2205 2138 2262 nccesse
2183 2207 2342 2271 foret,
2366 2215 2524 2277 prout
2552 2205 2792 2260 fundatio
2825 2220 3084 2277 novorum
3111 2205 3319 2274 episco-

1741 2290 1962 2345 patuum
1991 2279 2329 2346 requirebat,
2354 2276 2456 2330 non
2482 2287 2566 2331 est
2588 2293 2616 2331 a
2645 2277 2850 2330 ratione
2871 2276 3103 2329 alienum
3130 2277 3317 2346 crede-

1743 2365 1800 2401 re
1849 2365 1990 2417 ipsos
2036 2344 2285 2409 voluisse,
2326 2348 2486 2401 etiam
2537 2347 2678 2401 nulla
2721 2346 3111 2417 persecutione
3137 2344 3320 2398 Eccle-

1739 2416 1878 2472 siam
1907 2420 2172 2482 turbante,
2198 2434 2452 2472 exercere
2483 2418 2823 2488 presbyteros
2850 2416 3198 2480 ordinandus,
3225 2423 3318 2469 aut

1741 2505 1929 2543 recens
1954 2490 2229 2543 ordinatos
2253 2490 2534 2557 episcopos
2567 2489 2830 2555 tantisper
2858 2488 3178 2558 detinereet.
3223 2502 3320 2558 oc-

1739 2576 1938 2629 cupare
1986 2556 2452 2614 administratione
2478 2561 2678 2614 vicaria
2717 2558 3059 2626 episcopatus
3091 2556 3315 2629 Urbani,

1739 2627 1889 2700 quasi
1925 2631 2231 2684 formandos
2257 2631 2645 2700 experimento,
2688 2639 2975 2700 antequam
3003 2628 3219 2681 eosdem
3245 2627 3320 2679 di-

1739 2698 2018 2755 mitterent
2040 2703 2106 2755 ad
2132 2704 2287 2755 sedes
2316 2698 2443 2770 ipsis
2474 2701 2789 2754 destinatas.
2840 2698 2950 2752 Hoc
2971 2708 3150 2770 autem
3183 2707 3322 2767 tyro-

1739 2772 1865 2824 cinii
1900 2783 2235 2842 tetnpore,ut
2257 2767 2345 2826 ita'
2359 2772 2556 2834 dicam,
2584 2771 2626 2824 si
2655 2767 3317 2842 continget-erRomanum

1735 2838 2041 2912 pontiﬁcem
2073 2845 2180 2897 vita
2212 2845 2493 2905 excedere,
2523 2851 2578 2895 et
2623 2840 2767 2912 cleri
2805 2839 3005 2893 lLt-bani
3050 2838 3320 2905 suifragiis

1737 2911 1984 2968 eumdem
2033 2914 2122 2982 qui
2167 2915 2400 2968 vicarius
2438 2913 2612 2966 fuerat
2650 2911 2770 2980 eligi
2825 2924 3214 2982 successorem,
3241 2917 3321 2982 ut-

1735 2992 1863 3050 pote
1894 2985 1944 3037 in
1987 2979 2290 3038 ministerio
2337 2982 2627 3051 pontilicali
2682 2979 2964 3049 probatum
3021 2981 3071 3032 in
3128 2979 3319 3047 primis

1737 3055 2020 3118 idoneum,
2055 3057 2098 3109 is
2125 3056 2188 3107 ad
2236 3053 2554 3108 universalis
2594 3052 2845 3106 Ecclesia:
2894 3051 3135 3119 regimen
3159 3063 3316 3102 voca-

1738 3133 1841 3186 tus,
1886 3134 2093 3194 poterat
2117 3126 2182 3178 ad
2217 3126 2506 3180 Ecclesiam
2548 3123 2646 3176 sibi
2678 3122 2974 3194 decretam,
3001 3129 3054 3194 et
3083 3121 3318 3173 nondum

1737 3189 1957 3259 aditain,
1991 3195 2217 3248 alterum
2248 3198 2563 3266 subrogare,
2595 3193 2834 3266 cumad
2856 3193 2992 3266 hanc
3022 3189 3318 3266 Romanam

1737 3277 2040 3334 promotus,
2072 3267 2122 3318 in
2155 3283 2256 3333 qua
2285 3274 2369 3320 est.
2392 3259 2629 3318 (nimium
2665 3262 2972 3334 sollicitudo
3015 3259 3318 3334 ct‘nrjuncta,

1733 3330 1838 3390 non
1883 3337 2098 3404 penitus
2127 3330 2243 3389 eam
2285 3335 2700 3403 derelinqueret,
2741 3333 2827 3386 cui
2865 3332 3109 3403 regenda:
3146 3330 3321 3384 fuerat

1735 3406 2057 3460 destinatus.
2087 3406 2286 3460 Verum
2315 3407 2429 3460 haec
2459 3406 2652 3459 obiter.

1805 3497 2086 3554 Ordinatio
2117 3499 2278 3568 igitur
2305 3497 2511 3551 Aniceti
2539 3497 2604 3568 ad
2629 3495 2999 3566 episcopatum
3030 3494 3118 3568 die
3142 3493 3322 3548 Denti-

1733 3570 1855 3623 nica
1891 3569 1958 3621 15
1992 3566 2297 3622 Decerirbris
2321 3583 2462 3621 anno
2491 3566 2590 3620 149
2615 3582 2984 3620 commensum
3028 3566 3194 3618 habet
3219 3579 3316 3618 ex-

1734 3649 1911 3692 actum
1942 3653 2064 3692 cum
2091 3654 2302 3692 summa
2330 3653 2596 3692 annorum
2620 3637 2708 3699 10,
2740 3652 2909 3692 mens.
2953 3635 3006 3698 4,
3031 3645 3085 3689 et
3108 3635 3315 3688 dierum

1733 3709 1766 3763 ’5
1790 3709 1864 3761 illi
1897 3709 2155 3762 attributa
2186 3708 2238 3761 in
2279 3707 2521 3777 catalogo
2544 3707 2737 3759 Felicis
2760 3707 2936 3777 quarti
2970 3711 3114 3777 (nam
3145 3705 3195 3758 in
3228 3705 3318 3777 Li-

1733 3780 1956 3834 beriano
1985 3778 2337 3842 desideratur,
2382 3775 2573 3830 lacuna
2601 3777 2877 3830 obtinente
2901 3776 3114 3828 initium
3143 3775 3321 3842 perio-

1733 3851 1850 3904 cha)
1882 3850 2110 3912 Aniceti,
2142 3858 2196 3902 et
2229 3847 2542 3903 amanuensi
2573 3845 2937 3902 confundente
2958 3854 3012 3899 et
3039 3852 3323 3909 constante

1734 3921 1788 3974 in
1823 3937 1990 3974 unum
2028 3920 2122 3974 'Pii
2159 3919 2527 3989 pontiﬁcatun't
2573 3919 2852 3984 utriusque
2907 3915 3208 3989 communis

1733 3991 1914 4046 cennii
1948 3985 2193 4061 partes)':
2219 4000 2274 4046 et
2317 3988 2543 4044 resultat
2570 3989 2731 4061 etiam
2769 4003 2835 4040 ex
2865 3985 3106 4061 picturis
3135 3985 3322 4040 basili-

1734 4077 1811 4115 ca:
1843 4061 1898 4114 S.
1930 4057 2102 4123 Padi,
2132 4057 2389 4130 suppletis
2419 4075 2513 4129 per
2537 4058 2834 4130 catalogos,
2864 4057 2986 4111 inde
3010 4068 3321 4130 excerptas,

1736 4131 2047 4186 Farfensem
2073 4141 2126 4184 et
2154 4128 2472 4195 (Iavensem,
2511 4139 2566 4184 et
2594 4128 2804 4183 collatis
2833 4143 2952 4181 cum
2989 4128 3076 4182 die
3126 4135 3324 4196 marty-

1737 4203 1800 4256 rii
1836 4203 1896 4254 17
1923 4201 2140 4271 Aprilis,
2174 4202 2381 4271 signata
2428 4202 2478 4254 in
2517 4199 2736 4255 Tabulis
2783 4198 3042 4253 Romana:
3070 4197 3325 4252 Ecclesiae

1735 4283 1789 4327 et
1817 4274 1866 4325 in
1902 4272 2292 4342 Martyrologiis
2320 4272 2590 4327 indicatis.

1806 4363 1910 4416 Par
1935 4363 2038 4417 erit
2065 4364 2202 4416 ratio
2225 4379 2569 4419 commensus
2599 4377 2863 4417 annorum
2890 4363 2945 4428 8,
2975 4359 3236 4415 mensium
3265 4361 3320 4425 5,

1738 4452 1799 4490 ac
1829 4435 2038 4506 dierum
2072 4434 2315 4506 totidem,
2346 4435 2440 4489 Pio
2479 4435 2905 4506 assignatorum_
2931 4448 3024 4502 per
3048 4431 3322 4506 catalogos

1738 4504 2051 4559 Farfensem
2085 4514 2135 4558 et
2186 4501 2624 4576 Bergomensem',
2676 4503 3063 4576 respondentes
3097 4501 3325 4576 residuis

1741 4576 1981 4630 numeris
2023 4575 2256 4629 basilica:
2292 4573 2463 4631 Sancti
2517 4577 2689 4639 Pauli,
2739 4577 2879 4628 unde
2908 4573 3205 4639 antiquitus
3235 4588 3324 4626 ex-

1741 4591 1981 4630 numerts
2024 4591 2256 4629 nasntcm
2292 4591 2463 4631 sam-tt
2517 4591 2689 4639 vanu,
2739 4591 2879 4628 mute
2908 4591 3205 4627 anmmtus
3235 4591 3322 4626 ex-

1737 4655 1921 4715 ceptos
1955 4645 2119 4699 fuisse
2149 4646 2480 4717 collegimus.
2526 4647 2660 4700 Nam
2693 4661 2760 4700 ex
2795 4646 2880 4700 die
2912 4645 2999 4702 11.
3035 4591 3159 4717 iulii
3195 4644 3322 4698 anni

1740 4717 1842 4771 150
1874 4718 1989 4786 ejus
2019 4718 2182 4771 natali
2214 4715 2386 4780 sacra,
2422 4719 2464 4772 si
2497 4719 2812 4772 recedamus
2847 4717 2899 4769 in
2937 4715 3205 4786 anteriora
3230 4729 3326 4782 per

1737 4785 1914 4842 annos
1940 4803 2128 4841 novem
2178 4789 2400 4851 solidos,
2427 4803 2638 4841 menses
2671 4795 2880 4850 tres,et
2925 4785 3039 4838 dies
3069 4794 3198 4848 tres,
3234 4800 3324 4838 ca-

1738 4860 1829 4914 det
1882 4858 2274 4911 nmnerationis
2325 4859 2608 4919 terminus,
2663 4857 2881 4910 inclusis
2935 4854 3217 4920 extremis,
3269 4854 3321 4909 in

1738 4932 1876 4982 diem
1909 4930 1940 4982 9
1977 4928 2175 4996 Aprilis
2204 4930 2330 4983 anni
2363 4928 2487 4992 141,
2537 4929 2739 4982 Severo
2765 4937 2818 4982 et
2866 4925 3108 4980 Priscino
3133 4941 3326 4979 consu-

1736 5000 1898 5062 libus,
1941 4995 2037 5067 qui
2085 4999 2339 5066 postremi
2391 5001 2734 5068 assignantur
2782 4997 2986 5068 Ilygino
3027 4995 3321 5068 decessori.

1739 5066 2117 5124 Pascba’illius
2143 5070 2266 5122 anni
2301 5069 2392 5123 141
2432 5066 2619 5122 incidit
2652 5070 2702 5121 in
2733 5066 2874 5121 diem
2905 5076 3216 5134 sequentem
3258 5066 3324 5121 19

1739 5140 1937 5208 Aprilis
1973 5157 1982 5190 :
2017 5155 2135 5206 qua:
2173 5138 2310 5192 illius
2352 5140 2690 5193 ordinatione
2731 5137 3020 5206 episcopali
3068 5136 3322 5206 insignita

1738 5210 1919 5272 fuerit,
1975 5209 2099 5260 licet
2153 5210 2400 5263 videatur
2451 5209 2641 5263 referri
2712 5225 2774 5262 ex
2833 5223 3059 5263 numero
3119 5211 3326 5260 unitate

1738 5279 2032 5334 abundanti
2059 5279 2124 5332 ad
2151 5279 2356 5347 vigilias
2384 5279 2489 5334 diei
2519 5278 2890 5349 praecedentis.

1808 5371 1878 5424 At
1905 5367 2166 5438 Hyginus,
2222 5370 2456 5439 inquies,
2496 5371 2660 5424 vitam
2698 5370 2952 5439 produxit
2989 5369 3054 5422 ad
3084 5368 3224 5422 diem
3259 5368 3318 5421 11

1739 5441 1976 5496 Januarii
2002 5439 2126 5492 anni
2157 5442 2429 5509 sequentis
2455 5442 2575 5504 142,
2605 5449 2663 5495 ιιι
2693 5441 2850 5509 paulo
2876 5449 3001 5494 ante
3038 5440 3325 5493 statuimus

1741 5512 1795 5565 in
1828 5510 2390 5582 notisclu'onologicis
2419 5514 2484 5565 ad
2515 5511 2629 5580 ejus
2677 5511 2968 5582 epocbam:
3000 5526 3122 5563 eum
3150 5509 3196 5563 ei
3224 5509 3326 5582 t_ri-

1742 5584 1938 5636 buatur
1964 5580 2223 5653 Paschale
2259 5579 2488 5653 tempus,
2522 5579 2576 5636 et
2597 5579 2907 5636 consulatus
2933 5595 3217 5653 supremus
3229 5579 3326 5634 Sc-

1743 5653 1854 5706 veri
1884 5660 1938 5704 et
1964 5651 2215 5716 Priscini,
2245 5651 2384 5707 anno
2420 5654 2540 5708 141.
2567 5653 2676 5708 Hoc
2697 5654 2869 5722 ipsum
2901 5667 3086 5706 assero
3118 5652 3168 5706 in
3192 5666 3326 5705 cau-

1747 5740 1804 5777 sa
1828 5722 2012 5785 l‘ursse,
2043 5732 2100 5775 ut
2139 5724 2298 5777 iidem
2328 5727 2596 5788 consules,
2629 5725 2876 5793 idemque
2903 5722 3163 5780 Paschale
3187 5730 3323 5774 tem-

1747 5809 1848 5852 uus
1880 5793 2090 5850 utriuue
2133 5796 2475 5861 assignetur:
2504 5796 2709 5858 llvaino
2753 5798 2967 5854 quidem
3013 5793 3216 5850 Pascha
3242 5806 3328 5846 ce-
