3954 6318
280 420 430 478 1255

1140 419 1460 477 HISTORIA
1498 421 1586 477 DE
1624 420 1802 478 VITIS
1841 420 2004 480 BOM.
2047 422 2247 479 PON'I‘.
2291 455 2355 465 --
2398 424 2456 479 S.
2497 424 2668 480 PIUS.

3421 429 3552 486 19.3l

280 539 353 593 rii
387 539 439 592 in
464 537 555 615 die
577 546 767 615 saneto
797 536 1090 615 Paschalis
1116 536 1359 615 Romano
1389 538 1625 615 pontiﬁci
1648 554 1723 615 ex
1742 538 1866 615 _La-
1891 538 2241 615 A‘radicilms
2280 543 2346 615 de
2371 551 2638 615 vetustate
2671 544 2811 599 inter
2839 560 2897 599 se
2923 562 3089 615 penes
3119 546 3412 615 scriptores
3442 565 3560 603 cer-

279 608 557 664 teranensi
594 609 659 663 ad
690 608 1032 663 Liberianam
1077 607 1354 678 basilicam
1397 609 1660 678 equitauti
1689 611 1756 664 ad
1782 626 1866 665 sa-

276 679 548 734 criﬁcium
583 680 695 734 Deo
735 680 799 733 de
843 694 994 734 more
1034 677 1389 744 offerendum,
1422 677 1483 733 ut
1520 681 1868 736 aununtiaret

277 765 571 820 numerum
598 751 992 820 baptizatorum
1036 759 1194 803 nocte
1238 750 1562 818 praecedenti
1596 751 1649 804 in
1680 761 1867 806 sancta

276 818 475 874 Maria.
507 818 968 876 Ordo‘Romanus
1003 819 1411 886 antiquissimus
1456 824 1598 874 inter
1624 820 1798 877 editos
1834 838 1866 876 a

275 889 353 943 R.
384 889 447 944 P.
483 890 791 945 Mabillonio
823 891 1001 946 Mnszei
1045 890 1210 944 Italici
1245 898 1389 946 torno
1434 891 1499 956 ll,
1539 891 1613 946 ita
1651 906 1864 947 annun-

276 959 530 1032 tiandum
564 962 864 1032 przescribit
901 976 916 1016 :

360 1030 514 1103 «pie
539 1030 717 1086 autem
754 1031 1184 1103 Resurrectionis
1206 1032 1514 1098 Dominicte,
1544 1033 1868 1103 procedente

273 1113 350 1155 eo
377 1100 643 1167 (Romano
673 1102 947 1172 pontiﬁce)
976 1104 1042 1157 ad
1077 1113 1317 1157 sanctam
1350 1100 1596 1168 Mariam,
1625 1106 1867 1160 notarius

273 1171 623 1245 regionarius
647 1171 757 1245 stat
783 1173 836 1227 in
868 1174 984 1245 loco
1026 1174 1337 1245 quidicitur
1366 1174 1668 1230 Merolanas
1699 1176 1866 1245 (locus

271 1252 356 1314 εει
392 1243 447 1296 in
476 1254 650 1314 monte
686 1243 971 1314 Esquilino
997 1244 1137 1297 haud
1172 1245 1353 1314 procul
1380 1262 1412 1297 a
1439 1245 1655 1299 basilica
1669 1243 1867 1300 sancta:

272 1310 475 1367 Metire
500 1313 745 1386 Maioris,
770 1310 858 1369 ubi
884 1314 1099 1369 ecclesia
1129 1310 1297 1369 sancti
1325 1314 1566 1379 Maliaci,
1593 1333 1711 1386 qua:
1736 1317 1867 1370 dici-

272 1392 371 1456 tur
393 1386 463 1438 ad
489 1384 811 1456 Meroianas,
842 1395 901 1440 ut
928 1396 1072 1456 recte
1102 1395 1255 1440 notat
1282 1384 1647 1456 MabilloniuS)
1676 1400 1729 1441 et
1774 1404 1863 1441 sa-

272 1452 455 1526 lutato
483 1455 737 1526 pontiﬁce
763 1456 895 1511 dicit
931 1474 944 1511 :
974 1454 1001 1508 Ι
1010 1473 1042 1509 η
1065 1456 1271 1509 nomine
1302 1456 1517 1511 Domini
1547 1452 1712 1511 nostri
1737 1456 1866 1512 Iesu

272 1523 773 1595 Chrisli'bnptizati
806 1539 926 1581 sunt
977 1527 1217 1580 hesterna
1258 1536 1405 1581 nocte
1449 1528 1505 1581 in
1554 1539 1736 1583 sancta
1768 1529 1865 1583 Dei

270 1597 528 1665 genitrice
566 1597 742 1668 Maria
783 1598 1013 1667 infantes
1053 1596 1273 1651 masculi
1334 1615 1549 1652 numero
1586 1600 1742 1662 tanti,
1785 1600 1864 1668 fe-

268 1667 641 1739 mime‘tantw.
677 1667 984 1739 Respondet
999 1668 1266 1739 pontifex:
1300 1668 1410 1723 Deo
1438 1672 1657 1739 gratias.
1692 1689 1710 1721 ε
1732 1667 1864 1725 cum

269 1736 518 1807 pontiﬁci
563 1754 593 1792 e
620 1736 971 1794 Lateranensi
999 1736 1351 1810 'patriarcltio
1390 1736 1686 1795 discedenti
1735 1741 1867 1797 alio-

271 1824 400 1880 rum
446 1810 599 1880 urbis
629 1810 854 1865 fontium
890 1811 1213 1880 haptismata
1244 1826 1350 1865 non
1383 1810 1735 1875 referrentur,
1772 1813 1866 1868 sed

269 1879 443 1935 solius
471 1878 742 1935 Liberiani
772 1878 1099 1952 fontis,'(qui
1129 1898 1158 1935 a
1190 1890 1500 1937 constructa
1528 1882 1749 1938 basilica
1784 1884 1865 1938 in-

272 1952 571 2007 termedius
596 1952 737 2006 inter
768 1952 972 2007 titulos
993 1952 1096 2006 sibi
1142 1953 1480 2008 adhaerentes
1507 1953 1769 2009 Praxedis
1808 1963 1862 2009 et

268 2019 625 2094 Pudentiante
653 2023 865 2078 illorum
894 2024 1251 2094 vetustiorum
1293 2025 1439 2079 vices
1464 2026 1862 2094 quodammodo

267 2092 545 2176 gerebat)
586 2092 996 2176 fecupditasuiu
1045 2093 1263 2151 Christo
1309 2092 1712 2176 mutuli-aretur;
1772 2097 1861 2151 vix

267 2160 435 2218 aliam
484 2160 619 2220 ritus
665 2162 926 2231 ejusmodi
979 2180 1197 2219 causam
1243 2166 1506 2236 suspicari
1550 2181 1859 2236 possumus,

265 2248 438 2307 quam
487 2247 549 2307 ut
593 2237 867 2307 antiquam
923 2235 1069 2307 illam
1122 2235 1384 2307 originem
1435 2235 1730 2292 testaretur
1775 2254 1861 2293 so-

264 2303 466 2360 lemnis
514 2303 767 2376 baptismi
822 2305 1128 2369 Paschalis,
1188 2303 1240 2362 in
1295 2308 1540 2376 proximo
1602 2308 1861 2365 Pudentis

265 2376 431 2431 titulo
459 2393 489 2429 a
518 2378 792 2446 primitiva
840 2378 1082 2432 Ecclesia
1127 2377 1402 2431 celebrati.
1456 2380 1526 2434 Ut
1571 2379 1713 2433 enim
1756 2380 1857 2435 SS.

261 2448 534 2519 apostoli,
581 2459 635 2503 ct
684 2448 842 2511 Pius,
886 2449 959 2504 ita
1006 2447 1254 2504 Urbanus
1289 2448 1331 2513 l,
1382 2450 1433 2502 in
1472 2449 1685 2518 pictura
1724 2466 1862 2519 pone

259 2518 513 2589 absidem
556 2521 928 2575 vetustissima
980 2519 1051 2572 ibi
1102 2535 1391 2589 expressus
1431 2535 1555 2574 cum
1612 2518 1860 2577 'l‘iburtio

257 2600 320 2643 et
374 2588 689 2656 Valeriano,
736 2606 943 2645 necnon
993 2588 1299 2657 Stephanus
1329 2590 1535 2659 pariter
1562 2590 1605 2656 ι,
1657 2591 1857 2648 ibidem

261 2659 323 2732 ῂι
365 2661 629 2732 Pascbate
672 2663 947 2732 baptizare
978 2662 1283 2727 consuevit,
1311 2670 1370 2715 ut
1408 2660 1666 2716 lectiones
1700 2662 1860 2731 hujus

260 2730 527 2803 Ecclesia:
589 2730 819 2803 propria:
878 2733 1122 2786 referunt
1180 2732 1234 2786 in
1288 2733 1429 2787 festo
1490 2730 1858 2789 translationis

261 2800 371 2857 SS.
433 2800 734 2875 Virginum.
792 2802 907 2871 Qua
957 2804 1120 2857 etiam
1170 2804 1237 2857 de
1295 2819 1456 2858 causa
1506 2807 1857 2860 constituunn

257 2883 421 2944 puto,
448 2886 508 2929 ut
550 2876 712 2929 missa
750 2875 1101 2945 pontiﬁcalis,
1134 2890 1197 2928 ac
1242 2875 1403 2929 statio
1434 2876 1620 2930 eadem
1671 2878 1856 2931 Domi-

256 2945 388 2999 nica
421 2945 854 3001 Resurrectionis
882 2947 1254 3001 celebraretur
1284 2946 1336 3000 in
1379 2956 1679 3001 memorata
1713 2948 1860 3002 basi—

260 3015 372 3069 lica
406 3014 688 3071 Liberiana
725 3018 904 3086 potius
934 3032 1093 3086 quam
1136 3016 1187 3070 iu
1218 3016 1597 3081 Laterauensi,
1628 3027 1722 3071 aut
1754 3017 1855 3072 Va-

260 3087 465 3141 ticana.
496 3086 789 3143 Prtevaluit
822 3089 966 3143 enim
1001 3089 1259 3142 memoria
1301 3087 1571 3157 pontiﬁcis
1608 3088 1709 3153 Pii,
1752 3090 1854 3144 l’a-

260 3158 502 3212 sebalem
540 3160 937 3214 solemnitatem
968 3159 1296 3214 celebrantis
1328 3160 1393 3213 ad
1435 3158 1693 3214 Prudentis
1726 3160 1855 3215 titu-

260 3228 412 3294 lum,
451 3238 505 3283 et
547 3231 744 3286 ibidem
788 3231 1081 3294 ediceutis,
1130 3244 1197 3284 ne
1238 3239 1391 3283 extra
1437 3230 1576 3284 diem
1616 3229 1855 3285 Domini-

257 3314 386 3354 catn
421 3315 452 3354 a
491 3299 737 3356 ﬁdelibus
765 3313 1133 3372 perageretur,
1176 3308 1338 3371 atque
1378 3301 1451 3355 ita
1482 3303 1853 3369 pertrahentis

257 3386 371 3424 non
414 3373 575 3443 modo
624 3374 690 3427 ad
734 3373 1072 3443 exemplum,
1120 3373 1214 3427 sed
1249 3372 1413 3426 etiam
1462 3372 1527 3425 ad
1571 3372 1748 3428 locum
1788 3374 1857 3429 ab

256 3443 520 3510 apostolis
555 3442 970 3513 frequentatum,
1005 3458 1131 3497 suos
1152 3457 1513 3506 successores,
1539 3452 1595 3497 ut
1623 3444 1857 3499 auctori-

259 3520 345 3584 tas
390 3513 523 3584 legis
556 3515 718 3567 etiam
760 3523 1047 3583 conspectu
1092 3513 1333 3583 hospitii,
1379 3513 1538 3567 Petro
1584 3514 1854 3569 fundatori

257 3581 519 3637 Romanae
546 3584 800 3639 Ecclesizc
829 3581 1014 3649 oblati,
1047 3581 1362 3639 redderetur
1390 3584 1664 3639 illustrior.

330 3654 427 3709 His
455 3655 630 3709 obiter
666 3657 986 3720 observatis,
1016 3655 1324 3710 conﬁrmari
1350 3669 1454 3725 non
1497 3654 1686 3725 leviter
1724 3663 1854 3725 puto

256 3733 522 3779 assertum
562 3743 589 3779 a
633 3726 1050 3781 Bibliothecario
1093 3726 1252 3779 fontis
1277 3741 1341 3779 ac
1376 3724 1513 3779 tituli
1555 3724 1851 3782 dedicatio-

260 3813 384 3852 nem
418 3812 516 3866 per
550 3797 856 3865 pontiﬁcem
896 3797 1049 3852 Pium
1093 3806 1279 3866 rogatu
1323 3795 1539 3851 familiae
1573 3795 1850 3863 Pudentis,

254 3869 546 3921 occasione
574 3868 843 3939 Paschalis
872 3869 1120 3939 baptismi
1142 3866 1462 3939 solemniter
1483 3867 1769 3937 peragendi
1799 3869 1852 3923 in

254 3939 379 3993 vico
404 3939 662 4002 Patricio,
689 3939 776 3994 ubi
811 3938 1002 3994 Petrus
1036 3949 1091 3994 et
1132 3938 1325 3992 Paulus
1364 3938 1600 4007 hospites
1641 3948 1850 3993 utrum-

254 4026 363 4079 que
403 4010 591 4064 callent
643 4011 986 4079 Esquilinum
1028 4026 1093 4065 ac
1128 4007 1757 4065 Viminalcmcatechesi
1799 4019 1855 4066 et

253 4080 525 4149 baptismo
549 4082 836 4136 nobiliores
865 4082 1236 4143 reddiderant,
1280 4096 1440 4149 quam
1469 4080 1595 4133 olim
1631 4080 1853 4137 Servius

254 4151 463 4206 Tullius
486 4153 832 4223 patriciorum
861 4152 987 4207 sede
1018 4152 1213 4223 ibidem
1241 4150 1851 4223 constituta.Univetsa

251 4223 400 4277 enim
431 4222 748 4278 dccumenta
779 4223 1115 4291 conspirant,
1151 4222 1203 4275 in
1244 4222 1521 4291 catalogis,
1568 4222 1619 4276 in
1652 4223 1854 4279 codici-

249 4295 377 4365 bus,
402 4294 455 4346 in
482 4294 725 4358 musivis,
754 4295 976 4365 picturis
998 4301 1051 4347 et
1079 4292 1518 4365 inscriptionibus
1538 4294 1683 4365 circa
1706 4294 1853 4350 hunc

251 4364 493 4427 titulum,
522 4374 575 4419 et
617 4366 731 4434 ipso
756 4364 816 4420 in
860 4364 1013 4419 titulo
1051 4364 1366 4434 consignata
1398 4380 1411 4417 :
1449 4364 1645 4432 quibus
1685 4365 1849 4420 etiam

249 4436 462 4490 accedit
489 4434 685 4491 Justini
728 4436 998 4507 martyris,
1028 4435 1221 4507 horum
1252 4443 1562 4507 temporum
1603 4437 1848 4505 aequalis,

246 4507 534 4575 responsio
570 4507 639 4562 ad
677 4504 988 4576 prtefcc'tum
1026 4504 1193 4569 Urbi,
1231 4505 1515 4576 designans
1544 4504 1719 4561 locum
1749 4508 1847 4562 ho-

249 4577 399 4647 spitii
429 4579 511 4633 sui
543 4578 610 4632 ad
656 4578 753 4632 has
796 4578 1011 4633 easdem
1060 4576 1299 4647 thermas
1338 4576 1643 4642 Timothei,
1686 4576 1846 4632 Chri-

1973 620 2106 682 tant.
2153 612 2386 667 Titulum
2428 614 2669 669 Pastoris
2706 616 2773 669 ad
2815 612 3051 672 thermas
3092 612 3315 682 Novati,
3352 634 3449 673 seu
3494 619 3551 675 S.

1967 681 2315 757 Pudentiante
2360 685 2614 755 templum
2642 695 2911 757 tanquam
2954 688 3300 742 vetustiorem
3339 689 3559 757 praefert

1967 751 2234 828 Baronius
2264 766 2372 808 tam
2405 751 2850 828 ininotationilius
2880 774 3040 828 quam
3079 758 3129 812 in
3153 751 3473 825 Annalibus,
3504 771 3560 816 et

1968 823 2340 899 antiquiorem
2357 827 2608 899 omnibus
2635 825 2794 882 Urbis
2817 823 3059 884 ecclesiis
3080 829 3338 899 prtedicat
3365 823 3559 885 Panvi-

1966 894 2090 967 nius
2116 894 2179 967 de
2203 912 2277 949 vn
2303 896 2577 961 Ecclesiis,
2607 914 2727 967 cap.
2758 900 2879 965 ult.;
2924 900 3013 967 qui
3057 894 3221 954 etiam
3262 909 3492 956 testatur
3524 916 3554 955 a

1967 965 2261 1040 majoribus
2286 967 2539 1040 traditum
2586 965 2687 1040 ibi—
2705 970 2757 1024 in
2800 965 3001 1026 sacello
3036 971 3231 1025 musivi
3276 972 3454 1040 operis
3494 971 3556 1029 Ι).

1964 1033 2127 1089 Petro
2163 1036 2394 1105 primum
2436 1036 2620 1092 Roma:
2662 1039 3000 1096 incruentum
3032 1033 3356 1096 sacriﬁcium
3395 1041 3561 1098 fuisse

1965 1105 2226 1160 oblatum.
2260 1105 2457 1163 Verum
2505 1109 2559 1163 in
2584 1109 2810 1165 ecclesia
2854 1110 2910 1166 S.
2957 1112 3211 1165 Praxedis
3251 1127 3354 1166 non
3400 1115 3560 1170 modo

1967 1174 2138 1250 altare
2165 1176 2397 1250 ligneum
2432 1180 2498 1234 ad
2535 1182 2749 1235 modmn
2782 1198 2921 1237 arcte
2949 1182 3018 1236 ad
3042 1182 3319 1237 dexteram
3340 1184 3561 1250 intran-

1969 1246 2110 1323 tibus
2134 1246 2456 1323 ostenditur,
2503 1250 2557 1323 in
2589 1266 2695 1319 quo
2720 1251 2860 1307 idem
2901 1252 3265 1323 apostolorum
3308 1246 3560 1323 princeps

1966 1318 2184 1394 missam
2213 1318 2624 1394 celebraveritg
2639 1322 2733 1376 sed
2773 1324 2840 1377 ad
2881 1318 3068 1378 laivam
3100 1318 3401 1394 marmorea
3435 1318 3563 1394 pro-

1966 1397 2072 1443 stat
2097 1389 2409 1464 epigraphe,
2437 1407 2556 1461 qua:
2580 1391 2820 1464 ejusdem
2851 1410 3011 1464 supra
3039 1393 3275 1464 reliquas
3303 1389 3561 1451 ecclesias

1965 1468 2288 1514 vetustatem
2322 1462 2587 1515 afﬁrmet:
2627 1461 2692 1515 In
2730 1465 2828 1516 hac
2856 1461 3197 1518 ecclesiarum
3222 1463 3376 1518 Urbis
3418 1476 3566 1519 relu-

1964 1530 2196 1604 stissima
2220 1530 2620 1604 olimdomoS.
2654 1532 2909 1604 Pudentis
2943 1539 3220 1598 senatoris,
3251 1538 3418 1604 patris
3450 1536 3558 1591 SS.

1968 1598 2186 1662 Novati,
2218 1612 2262 1654 et
2295 1600 2572 1666 Timothei,
2611 1614 2659 1656 et
2697 1602 2795 1658 SS.
2836 1604 3182 1660 Pudentiaua:
3223 1598 3270 1660 et
3300 1605 3561 1662 Praa‘edis

1965 1670 2250 1745 virginum,
2278 1671 2515 1740 [uit-SS.
2547 1674 2904 1743 apostolorum
2944 1673 3092 1729 Petri
3121 1685 3168 1729 et
3200 1676 3357 1730 Pauli
3385 1678 3560 1745 hospi-

1966 1740 2094 1793 tium
2137 1742 2364 1815 primum
2391 1745 2459 1795 ad
2501 1740 2789 1813 martyrum
2832 1757 2877 1799 et
2923 1745 3344 1800 Christianorum
3393 1740 3563 1815 bapti-

1965 1826 2159 1885 smum,
2205 1822 2253 1885 et
2284 1813 2354 1866 ad
2381 1815 2568 1885 missas
2606 1831 2912 1882 sacramque
2958 1816 3219 1885 synaa'im.
3261 1816 3368 1871 Sub
3402 1813 3562 1872 altari

1894 1904 1940 1963 Β
1960 1881 2141 1949 jaceat
2173 1883 2276 1935 tria
2313 1883 2485 1963 millia
2510 1901 2730 1954 corpora
2760 1881 2864 1941 SS.
2892 1881 3203 1956 martyrum,
3236 1897 3284 1942 et
3320 1890 3561 1961 copiosus

1966 1962 2267 2023 sanctorum
2297 1955 2534 2023 sanguis,
2572 1975 2591 2008 ι
2620 1964 2726 2011 etc.
2783 2006 2787 2011 .
2976 1992 2979 1996 -

1976 2052 1979 2097 ς
2017 2022 2170 2097 _Cum
2199 2023 2313 2079 haec
2343 2022 2591 2097 legissem
2622 2035 2731 2081 tam
2762 2037 3136 2083 asseveranter
3162 2029 3368 2097 prolata
3406 2046 3435 2084 a
3467 2045 3559 2086 ce-

1964 2094 2099 2149 lebri
2131 2105 2375 2172 auctore,
2408 2094 2589 2150 fateor
2616 2113 2702 2153 me
2732 2098 2986 2153 diﬁidisse
3016 2100 3082 2172 de
3109 2094 3565 2172 proprioexperi—

1964 2173 2171 2230 mento,
2202 2167 2344 2242 quod
2375 2174 2657 2242 ceperam,
2688 2185 2784 2237 per
2809 2185 2980 2242 annos
3015 2167 3181 2225 ferme
3207 2167 3561 2242 Quadraginta

1963 2251 2029 2312 ex
2065 2253 2173 2308 quo
2202 2236 2402 2312 Urbem
2449 2238 2645 2312 incolo,
2688 2236 2785 2312 per
2823 2241 3106 2312 duodecim
3146 2236 3275 2296 vero
3317 2236 3563 2312 proiime

1963 2309 2175 2383 elapsos
2200 2309 2268 2383 in
2311 2309 2596 2383 Liberiana
2631 2309 2853 2383 basilica
2892 2311 3203 2383 canonicos,
3244 2309 3459 2383 utrique
3500 2315 3566 2368 ti-

1964 2379 2075 2453 tulo
2097 2378 2334 2453 basilicae
2357 2380 2676 2453 adluerenti,
2701 2396 2999 2451 eorumque
3026 2382 3196 2435 sacris
3225 2378 3563 2453 antiquitati-

1964 2450 2470 2522 busginspectandis
2510 2467 2617 2505 non
2668 2453 2833 2507 semel
2882 2450 3221 2507 immoratus.
3274 2450 3561 2522 Nunquam

1962 2520 2097 2574 mihi
2142 2521 2445 2590 contigerat
2492 2522 2543 2576 in
2590 2523 2745 2578 tititlo
2790 2526 2961 2579 beatte
2997 2522 3258 2577 Praxedis
3298 2524 3365 2579 de
3406 2520 3564 2581 altari

1962 2590 2141 2662 ligneo
2157 2607 2234 2664 Aac
2263 2593 2329 2664 de
2354 2593 2647 2664 epigraphe
2674 2594 2946 2664 quidpiam
2978 2594 3195 2659 audire;
3231 2596 3324 2649 sed
3354 2604 3561 2651 utrum-

1961 2661 2067 2732 que
2116 2661 2243 2716 illud
2291 2663 2345 2716 in
2388 2661 2570 2735 beata:
2616 2661 2966 2719 Pudeniiaute
3014 2664 3167 2719 titulo
3194 2680 3358 2735 saepe
3396 2681 3427 2719 a
3476 2683 3564 2721 me

1962 2741 2259 2803 Spectatum
2292 2748 2355 2787 ac
2387 2733 2584 2788 lectum
2618 2736 2988 2789 memineram.
3026 2736 3279 2790 Attamen
3296 2733 3560 2792 consului

1960 2804 2396 2872 religiosissimos
2434 2804 2581 2858 viros
2620 2803 3072 2859 Vallombrosiani
3119 2805 3326 2860 ordinis
3373 2822 3564 2863 mona-

1958 2876 2111 2948 chos,
2157 2875 2211 2929 S.
2246 2876 2504 2948 Praxedis
2543 2876 2773 2948 accolas,
2817 2876 3389 2948 eosque_interr_ogavi
3428 2894 3559 2933 num

1961 2946 2100 2999 inter
2127 2960 2281 3000 sacra
2320 2945 2523 3016 iipsana
2558 2945 2791 3016 ligneum
2831 2945 3004 3002 altare
3036 2945 3180 3001 beati
3219 2945 3397 3011 Petri,
3433 2966 3563 3005 num

1959 3017 2101 3070 inter
2130 3016 2371 3071 ecclesim
2403 3015 2543 3071 illius
2576 3026 2925 3071 monumenta
2956 3017 3249 3072 indicatam
3285 3035 3312 3072 a
3346 3018 3564 3075 Floren-

1958 3087 2093 3141 tinio
2120 3087 2528 3156 inscriptionem
2558 3089 2940 3160 asservarent?
2960 3085 3107 3160 Nihil
3132 3088 3395 3160 ejusmodi
3418 3092 3562 3160 apud

1958 3173 2017 3229 se
2053 3166 2403 3229 asservatum
2434 3160 2785 3229 respondent.
2827 3159 2882 3213 In
2923 3159 3360 3214 alteramautem
3388 3159 3561 3216 tedem

1959 3244 2023 3302 ac
2059 3228 2360 3302 titnlmnMS.
2393 3228 2745 3302 Pudentianze
2776 3228 3201 3298 ingredientibus
3232 3241 3383 3302 parte
3427 3231 3560 3287 laeva

1961 3300 2242 3371 inscriptio
2272 3299 2361 3353 illa
2395 3300 2584 3355 Latine
2611 3300 2806 3367 incisa,
2838 3302 3181 3357 dextrorsum
3210 3299 3340 3356 vero
3373 3302 3562 3358 ltalice

1960 3370 2187 3435 reddita,
2215 3371 2386 3426 oculis
2424 3371 2665 3426 onmium
2693 3379 2875 3442 patet;
2901 3380 2957 3427 et
3000 3371 3101 3428 sub
3133 3387 3319 3427 mensa
3349 3374 3558 3437 altaris,

1957 3443 2099 3514 beati
2140 3442 2287 3498 Petri
2331 3443 2549 3514 nomine
2593 3443 2891 3514 nuncupati
2923 3442 2977 3497 in
3018 3443 3215 3499 sacello
3259 3454 3458 3509 erecto,
3492 3447 3559 3500 ad

1955 3513 2143 3567 lteram
2173 3515 2378 3583 pariter
2413 3513 2755 3568 adorantium
2786 3523 2911 3569 ante
2939 3530 3088 3569 aram
3120 3516 3434 3581 maximam,
3474 3526 3558 3570 ta-

1956 3584 2079 3637 bula
2111 3584 2284 3654 lignea
2320 3585 2597 3639 recondita
2628 3592 2741 3649 est,
2777 3601 2882 3654 qua
2914 3600 3068 3639 usum
3106 3584 3285 3641 ferunt
3309 3588 3557 3641 eumdem

1956 3654 2319 3726 apostolorum
2364 3655 2698 3726 principem,
2748 3656 2873 3711 dum
2920 3658 3093 3711 sacris
3137 3667 3456 3726 operaretur
3504 3659 3558 3714 in

1955 3726 2144 3780 eadem
2176 3724 2431 3778 Pudentis
2462 3725 2641 3779 domo.

2026 3795 2152 3868 Haec
2181 3804 2360 3868 autem
2401 3795 2586 3868 haberi
2633 3795 2800 3868 nolim
2831 3809 2897 3868 eo
2927 3796 3109 3851 animo
3149 3812 3178 3850 a
3208 3812 3296 3852 me
3328 3798 3556 3868 prolata,

1954 3875 2014 3921 ut
2042 3866 2143 3920 viri
2180 3867 2244 3919 de
2268 3881 2437 3937 sacra
2477 3867 2702 3921 historia
2742 3866 2945 3937 optime
2990 3867 3167 3921 meriti
3213 3866 3557 3925 allucittatioé

1954 3954 2076 3993 nem
2110 3936 2409 4008 suggillem,
2441 3938 2536 3992 sed
2579 3946 2638 3991 ut
2666 3936 2915 4007 exemplo
2952 3939 3086 3993 adeo
3120 3938 3312 3993 illustri
3354 3941 3555 3995 conﬁr-

1955 4024 2094 4063 mem
2115 4010 2278 4080 etiam
2297 4009 2535 4063 cordatis
2556 4009 2688 4064 viris
2708 4024 2772 4064 ac
2792 4008 3137 4080 diligentibus
3159 4009 3338 4065 :etatis
3358 4024 3557 4067 uosme

1952 4079 2275 4150 quandoque
2314 4081 2606 4150 contigisse
2635 4088 2696 4134 ut
2734 4080 3030 4134 humanum
3069 4080 3271 4150 aliquid
3311 4089 3556 4150 pateren-

1956 4159 2063 4216 tur,
2093 4151 2217 4205 dum
2248 4151 2521 4205 memoriae
2554 4165 2666 4206 sute
2700 4160 2795 4205 aut
2826 4152 3015 4206 alienae
3043 4151 3269 4205 nimium
3302 4153 3554 4219 ﬁdentes,

1954 4221 2286 4292 negligercnt
2334 4220 2589 4277 Romana:
2640 4221 2891 4277 Ecclesiae
2936 4232 3283 4278 monumenta
3330 4224 3557 4280 suismet

1953 4292 2126 4364 oculis
2173 4308 2467 4364 usurpare,
2519 4300 2613 4364 aut
2659 4293 2853 4347 iterato
2890 4302 3189 4364 conspectu
3236 4293 3555 4364 explorare,

1952 4363 2169 4434 quando
2212 4364 2277 4434 de
2323 4362 2529 4418 eisdem
2578 4363 2837 4419 Romanae
2864 4363 3139 4434 Ecclesiae
3188 4362 3556 4421 monumentis

1952 4433 2222 4490 scribendi
2250 4450 2436 4506 curam
2476 4434 2797 4506 suscipiunt.
2831 4433 3028 4490 Nostro
3055 4435 3284 4506 proinde
3318 4434 3443 4505 jure
3473 4436 3555 4492 fa-

1952 4521 2076 4561 cere
2103 4505 2349 4560 videmur
2375 4505 2418 4561 si
2448 4505 2577 4575 quid
2608 4507 2903 4561 asserimus
2932 4505 3076 4576 saepe
3100 4506 3403 4577 subjectum
3428 4522 3555 4562 ocu-

1953 4577 2018 4633 lis
2052 4584 2109 4631 et
2151 4576 2423 4641 examini,
2469 4578 2536 4632 de
2578 4578 2942 4632 monumentis
2984 4576 3366 4647 superstitibus
3410 4580 3553 4647 apud

248 4636 552 4703 siianorum
604 4650 956 4720 conventibus
992 4648 1082 4720 ita
1134 4646 1434 4720 celebratas
1455 4687 1470 4712 ,
1528 4648 1606 4720 uti
1631 4636 1850 4706 'omues
1873 4636 1930 4701 D
1954 4647 2205 4702 basilicas
2241 4663 2306 4703 ac
2341 4636 2544 4720 titulos,
2576 4664 2713 4718 quos
2746 4649 2816 4704 ab
2851 4649 3009 4704 annis
3040 4636 3156 4720 fere
3191 4636 3553 4720 quadraginta

249 4720 493 4774 historiae
515 4719 895 4775 ecclesiasticae
917 4719 1154 4774 cultores
1180 4718 1436 4774 concordi
1466 4717 1721 4789 suffragio
1750 4721 1844 4775 de-

245 4801 513 4863 cernunt,
564 4798 805 4846 actorum
848 4791 1149 4863 praisertim
1194 4799 1439 4845 veterum
1481 4790 1677 4857 ductu,
1726 4806 1848 4861 qua

246 4862 623 4917 recitavimus.

321 4932 476 4999 Quod
510 4933 555 4987 si
582 4933 835 4989 nonnulla
865 4934 920 4988 in
948 4933 1086 4988 actis
1109 4932 1486 5003 cbronologica
1514 4940 1695 4987 errata
1724 4948 1848 4989 esse

245 5003 579 5075 emendanda
623 5005 947 5069 monuimus,
979 5020 1100 5075 quae
1142 5004 1380 5074 profecta
1423 5004 1743 5059 videbantur
1778 5019 1846 5061 ex

245 5074 593 5146 homonymia
645 5074 1051 5137 Antoninorum,
1104 5075 1284 5146 minus
1330 5084 1488 5130 caute
1536 5075 1760 5130 confusa
1811 5092 1842 5130 a

247 5146 535 5216 scriptore,
565 5146 762 5215 duplici
795 5146 984 5201 saltem
1015 5145 1212 5200 szcculo
1236 5147 1306 5201 ab
1342 5146 1409 5201 iis
1434 5146 1703 5215 elongato,
1736 5146 1839 5200 mi-

247 5232 367 5271 rum
398 5218 450 5272 id
478 5218 644 5272 videri
677 5232 782 5272 non
813 5218 995 5281 debet,
1040 5231 1163 5270 cum
1204 5217 1524 5286 scriptores,
1549 5216 1840 5286 cteteroqui

244 5298 568 5357 prtestautes
595 5287 884 5358 diligentiae
924 5295 1192 5342 accuratae
1225 5287 1382 5343 laude
1427 5288 1479 5341 in
1512 5287 1841 5356 vestigandis

245 5358 583 5414 documentis
616 5357 793 5414 rerum
835 5374 973 5428 quas
1009 5358 1355 5423 enarrabunt,
1403 5358 1695 5413 humanum
1737 5357 1837 5413 ali-

286 5430 375 5482 uid
414 5431 555 5500 passi
596 5429 821 5492 fuerint,
861 5430 1011 5499 lapsu
1042 5428 1273 5484 fortasse
1307 5429 1584 5485 memoria:
1612 5430 1837 5500 nimium

286 5445 375 5482 mu
414 5445 555 5500 passi
596 5445 821 5492 mermt,
861 5445 1011 5499 tapsu
1042 5445 1273 5484 tortasse
1307 5445 1584 5485 memoria:
1612 5445 1837 5483 nummn

245 5445 315 5554 ile
342 5515 399 5555 se
427 5501 661 5565 ﬁdentis,
699 5502 862 5555 etiam
904 5502 961 5555 in
1002 5501 1068 5555 iis
1107 5516 1227 5569 quae
1253 5509 1574 5570 putaverant
1613 5499 1717 5554 sibi
1747 5515 1841 5555 ex-

246 5570 495 5642 plorata.
521 5571 831 5642 Exemplum
858 5572 997 5626 dabo
1024 5573 1075 5625 iu
1104 5580 1359 5626 accurato
1382 5588 1445 5627 ac
1474 5570 1673 5642 celebri
1703 5571 1837 5626 scri-

246 5651 400 5711 ptore
441 5641 793 5707 Florentinio,
829 5643 921 5711 qui
954 5644 1006 5697 in
1044 5643 1189 5697 notis
1225 5644 1292 5697 ad
1330 5644 1471 5698 diem
1513 5641 1630 5695 Kal.
1672 5641 1837 5711 Aug.,

224 5712 528 5784 .multiplici
557 5714 858 5768 eruditione
887 5724 943 5768 et
968 5713 1184 5784 quidem
1215 5713 1383 5769 solida
1409 5714 1647 5777 refertis,
1671 5728 1836 5783 agens

246 5783 316 5837 de
352 5795 580 5840 utrouue
618 5785 774 5840 titulo
823 5783 1171 5839 Pudentianze
1196 5794 1251 5838 et
1272 5785 1531 5840 Praxedis
1562 5786 1673 5839 htec
1702 5785 1838 5839 scri-

246 5802 316 5837 ue
352 5802 489 5838 llert
514 5802 580 5838 ue
618 5802 774 5840 uuuo
825 5802 1171 5839 ruuenuame
1196 5802 1251 5838 et
1274 5802 1531 5840 rraxeots
1562 5802 1673 5839 meo
1702 5802 1835 5839 scrt-

246 5852 324 5908 bit
359 5869 374 5909 :
409 5874 427 5905 ι
462 5802 702 5924 lltraque
725 5855 959 5911 ecclesia
1002 5857 1059 5911 S.
1092 5855 1441 5911 Pudentiame
1473 5865 1528 5911 et
1556 5854 1835 5920 Praxedis,

247 5924 364 5983 haec
407 5927 463 5984 in
505 5926 769 5994 Exquiliis
794 5938 850 5984 et
882 5926 1118 5994 Carinis,
1148 5926 1241 5984 illa
1284 5929 1341 5985 in
1388 5926 1665 5983 Viminalis
1687 5925 1839 5982 collis

1951 4719 2377 4790 frequentamus.
2418 4718 2529 4790 liae
2559 4719 2814 4790 diuturna
2850 4734 3001 4790 mora
3032 4718 3137 4773 frui
3165 4718 3227 4775 si
3249 4718 3585 4790 potuissent,

1951 4788 2068 4871 tum
2091 4798 2301 4871 veteres
2339 4788 2916 4871 pontiﬁciteserieinet
2950 4788 3313 4871 chronologite
3352 4788 3583 4871 deseri-gf

1949 4869 2135 4930 ptores
2160 4861 2213 4914 in
2243 4858 2481 4914 basilicis
2508 4858 2983 4928 patriarchalibus,
3015 4870 3127 4915 tum
3156 4858 3402 4918 actorum
3430 4858 3599 4930 bre-E,

1950 4933 2187 5003 viatores
2228 4939 2321 4984 aut
2358 4931 2729 5003 paraphrastze
2757 4941 2968 4986 veteres
2998 4931 3050 4986 in
3084 4933 3313 5003 archiva
3347 4932 3546 5003 raptim
3571 4931 3595 4943 ”

1950 5002 2193 5074 admissi,
2238 5017 2344 5074 non
2391 5001 2754 5074 dubito‘quin
2801 5003 3140 5074 purgatiores
3178 5001 3453 5074 catalogos
3491 5012 3550 5059 et

1949 5071 2438 5145 actagdefaecatiora
2471 5069 2675 5145 fuerint
2700 5069 2933 5141 posteris
2970 5074 3228 5128 relicturi.
3263 5069 3416 5141 Quod
3452 5075 3549 5145 igi-

1948 5153 2034 5199 tur
2066 5143 2140 5197 illi
2172 5151 2428 5212 praestare
2469 5143 2726 5212 prohibiti
2769 5152 2896 5198 sunt
2923 5145 3250 5200 necessitate
3277 5143 3547 5213 compulsi

1943 5215 2135 5271 celeris
2165 5215 2233 5267 ad
2262 5228 2389 5268 suos
2418 5215 2765 5278 reversionis,
2796 5222 2889 5269 aut
2915 5214 3232 5278 impotentia
3258 5215 3313 5269 in
3342 5213 3542 5270 Urbem

1942 5285 2226 5350 redeundi,
2256 5285 2414 5340 liceat
2439 5284 2594 5339 nobis
2619 5285 2868 5354 supplere
2893 5287 2945 5339 in
2972 5284 3113 5340 Urbe
3137 5286 3382 5352 nutritis,
3406 5298 3462 5342 et
3487 5286 3545 5341 in

1943 5357 2204 5411 Romame
2227 5355 2483 5411 Ecclesia:
2514 5356 2798 5425 complexu
2822 5371 2915 5426 per
2944 5355 3125 5425 plures
3151 5372 3417 5412 annorum
3449 5356 3543 5412 de-

1942 5432 2104 5482 cades
2130 5428 2274 5499 circa
2307 5434 2870 5499 martyrumAcryptas,
2899 5436 3111 5499 veteres
3140 5428 3325 5483 titulos
3353 5438 3408 5483 et
3438 5429 3540 5483 ba-

1908 5499 2123 5582 silicas
2146 5496 2564 5582 circumductis.
2594 5496 2791 5582 Illiceat
2832 5498 3049 5581 optima:
3088 5499 3298 5582 parenti
3332 5507 3543 5582 nostra}

1944 5569 2085 5626 hanc
2113 5569 2281 5623 vicem
2314 5569 2661 5640 obsequentis
2691 5578 2746 5623 et
2770 5569 2909 5640 grati
2938 5569 3106 5625 animi
3135 5570 3451 5635 contestari,
3481 5577 3543 5624 ut

1942 5640 2205 5711 quidquid
2236 5641 2323 5696 illa
2360 5649 2657 5710 pneservat
2687 5640 2755 5693 ad
2785 5640 3029 5695 veritatis
3067 5642 3340 5699 historica:
3368 5640 3538 5711 docu-

1943 5710 2205 5777 mentum,
2239 5712 2293 5766 id
2331 5711 2654 5782 negligentia
2684 5720 2868 5766 nostra
2897 5727 3005 5767 non
3032 5713 3355 5775 occultetur,
3385 5720 3441 5766 et
3470 5710 3536 5764 li-

1942 5784 2160 5864 beretur
2189 5783 2367 5864 studio
2395 5798 2502 5864 quo
2528 5782 2645 5837 ﬁeri
2676 5783 3113 5864 possitrmaximo
3140 5785 3211 5864 ab
3238 5783 3537 5864 intersper-

1942 5858 2018 5910 sis
2044 5854 2339 5926 improvide
2368 5852 2535 5926 meris
2576 5852 2687 5923 per'
2710 5854 3002 5925 scriptores
3030 5863 3125 5911 aut
3152 5853 3327 5910 aetatis
3360 5852 3538 5909 minus

1942 5924 2131 5993 cultae,
2148 5934 2242 5982 aut
2270 5925 2399 5981 hinc
2424 5924 2722 5997 elongatos.
