3908 5280
486 72 591 99 ην...

0 108 121 166 ὶ289

0 291 200 356 rinciis,
226 287 424 360 praeter
471 305 590 346 eam
639 287 1126 360 synodum,'quam
1161 287 1345 343 ROIINB
1376 288 1564 343 habuit

0 363 193 427 lictor,
227 357 294 416 ἐι
353 357 572 415 Patrum
615 357 871 430 epistolas
900 357 1074 430 aetate
1122 374 1217 413 sua
1262 372 1564 430 superesse.

0 455 1 458 η
34 433 250 494 Exstat.
282 431 476 500 inquit,
504 429 799 486 etiamnum
826 429 1052 499 epistola
1079 431 1444 492 sacerdotum,
1473 429 1566 500 qui

4 518 111 557 unc
137 503 190 556 in
213 501 496 557 Paltestina
522 501 834 571 congregati
875 509 1001 554 sunt
1036 517 1052 556 :
1090 500 1284 568 quibus
1284 500 1570 623 Npraeside-

4 582 113 623 tant
167 571 500 623 Theonbilus
547 571 806 623 Caesarea:
845 569 1163 623 Palaestinae.
1193 579 1248 623 et
1332 571 1568 623 arcissus

0 582 113 627 iant
167 571 500 643 Theophilus
547 569 806 643 Czeéaréa:
845 569 1163 643 Pal-testium,
1193 579 1248 624 et
1284 569 1568 643 Narcissus

5 639 484 713 lierosolymorum
512 642 814 713 episcopus.
838 640 958 713 Alia
989 642 1113 713 item
1143 648 1320 713 exstat
1342 639 1568 710 epistola

0 715 175 783 .ynodi
207 710 486 778 Romana},
525 710 610 767 cui
649 710 883 766 Victoris
929 711 1167 783 episcopi
1207 726 1400 766 nomen
1432 726 1570 780 pra:-

0 782 151 838 i’xum
195 793 296 839 est.
345 785 625 838 Habentur
659 792 922 852 praeterea
966 782 1161 837 littera:
1193 783 1569 852 episcoporum

1 855 163 917 ’onti,
201 855 398 925 quibus
435 853 632 925 Palma
660 850 845 925 utpote
892 850 1299 925 antiquissimus
1335 850 1566 925 praefuit.

0 922 231 994 Epistula
248 940 462 996 quoque
512 923 877 996 Ecclesiarum
919 922 1106 978 Gallia:
1143 931 1343 996 cx‘stat,
1374 923 1570 996 quibus

0 991 216 1050 uicerat
247 991 498 1052 Irenasus.
553 994 920 1049 Ecclesiarum
967 1008 1178 1063 quoque
1205 991 1571 1047 insdroenze

0 1067 285 1128 trovineia,
316 1077 368 1121 et
400 1067 455 1120 in
480 1064 701 1135 urbibus
726 1064 1123 1135 regionisillius
1151 1065 1570 1135 constitutarum

0 1137 178 1191 itterae
207 1138 472 1191 visuntur.
527 1133 942 1191 Seorsum'vero
970 1134 1220 1204 Bacehyli
1264 1133 1572 1188 Corinthio-

0 1224 101 1260 'um
131 1207 371 1276 episcopi
419 1205 757 1275 aliorumque
807 1206 1164 1276 complurium
1192 1204 1436 1274 epistola}
1475 1220 1571 1276 ex-

0 1274 532 1344 .tantCQui—omnes
581 1274 826 1330 eamdem
883 1274 1061 1339 ﬁdem,
1104 1276 1454 1343 eau'nlemquc
1481 1275 1575 1328 do-

0 1349 218 1402 :trinam
269 1348 628 1418 prolerentes,
660 1346 1094 1418 unammedidere
1134 1346 1476 1418 sententiam.
1508 1344 1574 1398 Et

0 1433 95 1472 nec
127 1415 351 1486 quidem
385 1419 504 1482 fuit,
538 1427 595 1472 ut
637 1417 772 1478 dixi,
820 1415 1032 1470 illorum
1065 1417 1325 1471 deﬁnitio.
1368 1435 1386 1467 ι
1421 1415 1573 1486 Illam

0 1485 356 1544 letinitionem
405 1489 656 1558 superius
702 1495 1048 1558 expresserat
1092 1487 1282 1558 eodem
1326 1502 1447 1557 cap.
1477 1485 1571 1550 23,

0 1559 62 1611 lis
87 1560 323 1616 verbis:
360 1579 378 1611 ι
417 1557 616 1630 synodi
666 1558 738 1613 ob
789 1557 841 1611 ld
884 1566 1168 1627 certusque
1193 1557 1571 1630 episcoporum

0 1644 307 1685 :onvenere.
359 1627 535 1699 Atque
580 1644 770 1684 omnes
800 1643 908 1682 uno
933 1643 1200 1682 consensu
1244 1627 1570 1699 ecclesiasti-

0 1715 99 1754 ram
135 1701 381 1770 regulam
431 1698 695 1755 universis
727 1699 974 1770 ﬁdelibus
993 1714 1088 1768 per
1119 1699 1371 1770 epistolas
1401 1698 1566 1770 tradi-

0 1768 232 1825 lerunt}
265 1785 334 1826 ne
364 1770 614 1826 videlicet
670 1770 778 1825 ullo
829 1769 934 1823 alio
977 1784 1136 1839 quam
1183 1768 1459 1823 Dominico
1488 1769 1573 1823 die

0 1841 304 1911 nysterium
357 1841 786 1911 resurrectionis,
809 1839 1018 1911 Domini
1069 1854 1312 1911 unquam
1337 1839 1573 1894 celebre-

0 1909 70 1964 u'r
103 1930 115 1963 :
146 1920 318 1981 utque
342 1925 407 1966 eo
429 1912 692 1966 duntaxat
736 1910 824 1966 die
853 1909 1194 1964 Paschalium
1219 1980 1224 1981 γ
1242 1909 1572 1981 j’ejuniorum

0 1979 283 2036 erminuin
328 1981 698 2037 observemus.
738 2000 756 2032 ι
792 1981 979 2051 Capite
1030 1995 1159 2034 vero
1203 1980 1294 2041 25,
1327 1979 1574 2051 producit

0 2055 146 2124 Verba
173 2067 244 2107 ex
259 2051 485 2124 epistola
516 2053 706 2124 synodi
727 2049 1203 2124 Caesa'riensis,_et_ti
1224 2049 1577 2124 interfuerant

0 2121 307 2192 lareissus’
335 2121 827 2192 Hierosolymorum
858 2162 871 2184 ,
915 2121 1246 2192 Theophilus
1289 2122 1570 2192 Caesareae,

0 2191 206 2266 lassius
230 2193 385 2266 Tyri,
412 2191 608 2266 Clarus
642 2191 1052 2266 Ptolemaidi‘s,
1091 2192 1290 2266 aliique
1314 2191 1574 2266 episcopi.

0 2265 168 2318 estati
193 2261 582 2318 'de’traditioue
615 2265 720 2318 diei
770 2261 1066 2324 Paschalis,
1091 2278 1208 2332 qua:
1229 2262 1344 2331 jam
1366 2263 1486 2316 inde
1509 2262 1575 2314 ab

0 2333 243 2403 rpostolis
265 2335 333 2387 ad
355 2335 492 2404 ipsos
532 2335 839 2404 continuata
867 2332 1148 2404 traditione
1175 2343 1495 2404 manaverat,
1523 2339 1578 2386 et

1 2401 32 2458 n
63 2419 130 2458 ea
167 2401 434 2469 monent,
479 2413 540 2460 ut
588 2403 910 2472 exemplaria
969 2402 1180 2456 illorum
1234 2401 1466 2472 epistola:
1485 2418 1579 2472 per

0 2491 162 2530 imnes
194 2473 459 2529 Ecclesias
479 2476 776 2529 mittantur.
806 2472 1128 2544 Signiﬁcant
1150 2472 1339 2538 etiam,
1367 2487 1426 2527 se
1452 2487 1574 2527 cum

0 2545 379 2600 tlexandrinis
398 2547 455 2599 in
479 2546 564 2599 die
590 2545 839 2600 Paschali
869 2545 1162 2599 convenire
1200 2559 1213 2597 :
1259 2559 1381 2597 cum
1405 2558 1467 2597 ea
1509 2544 1578 2597 de

0 2631 148 2670 :ansa
188 2630 304 2669 sua:
327 2617 396 2670 ad
428 2617 546 2672 illos
567 2657 581 2680 ,
605 2625 662 2672 et
690 2616 901 2670 illorum
928 2613 996 2668 ad
1029 2629 1087 2668 se
1113 2614 1308 2668 littera:
1338 2613 1578 2668 vicissim

0 2686 362 2740 terfcrantur.
393 2687 585 2742 Studia
621 2687 854 2742 Victoris
883 2700 982 2755 pro
1003 2685 1313 2752 apostolica:
1336 2683 1577 2753 discipli-

0 2772 61 2810 ιεε
91 2757 470 2823 observantia,
497 2767 550 2813 et
573 2760 782 2812 unitate
811 2772 875 2811 ac
903 2770 1034 2824 pace
1062 2755 1314 2810 Ecclesia:
1359 2755 1574 2818 tuenda,

0 2843 146 2895 luant
171 2827 230 2881 in
257 2828 546 2882 discrimen
574 2828 800 2884 vocabat
841 2826 1176 2882 contumacia
1229 2825 1574 2890 Asianorum,

0 2898 264 2952 promovit
294 2898 346 2951 in
373 2899 560 2956 Galliis
589 2898 648 2954 S.
684 2899 918 2953 lrenteus
956 2897 1100 2950 uotis
1130 2898 1181 2950 in
1211 2896 1404 2951 litteris
1435 2897 1574 2965 apud

818 103 1137 161 HISTORIA
1176 101 1264 160 DE
1304 101 1477 159 Vl'l‘lS
1516 100 1681 158 “OM.
1724 100 1923 160 PONT.
1962 133 2028 142 ——
2051 102 2116 158 S.
2159 99 2429 159 VICTOR.

0 218 541 289 netnoratcomplura
571 218 797 276 concilia
827 226 1149 290 congregata
1164 216 1339 290 fuisse
1362 217 1415 290 in
1447 230 1562 290 pro-
1592 220 1639 279 Λ
1667 219 1897 290 chetypo
1927 219 2272 283 delineatatn,

3124 102 3260 162 1290

2297 227 2368 342 ft
2408 219 2498 272 atri
2550 217 2774 301 incisam
2811 220 3004 303 protuli
3037 220 3090 275 in
3123 219 3260 276 libro

2319 305 2348 342 ο
2376 287 2625 342 Cwsaris.
2656 289 2745 342 ubi
2779 292 3080 342 ostendisse
3107 300 3258 342 nuto.

1668 291 1732 343 de
1761 287 2086 360 Kalemtario
2116 299 2163 342 et
2205 287 2348 359 cyclo
2376 287 2625 354 Cwsaris,
2656 289 2745 344 ubi
2779 287 3080 346 ostendisse
3107 300 3258 360 puto,

1669 374 1735 414 ex
1770 359 1921 430 cyclo
1959 368 2327 428 octagrammo
2360 359 2413 413 in
2456 374 2758 414 marmoreo
2789 359 3119 416 Kalendario’
3141 362 3258 416 (Σερ-

1670 429 1976 500 sarisjuna:
2003 430 2283 500 periodum
2309 430 2443 500 satis
2465 439 2655 486 exacte
2685 431 3130 486 accommodante
3161 447 3268 486 an—»

1671 501 1756 556 nis
1802 499 2053 571 Iulianis,
2094 500 2377 555 deductam
2410 499 2577 555 fuisse
2618 502 2931 556 methodum
2981 501 3267 571 duplicatae

1669 570 2033 631 octaeteridis,
2064 585 2167 640 qua
2203 579 2418 642 constat
2445 571 2628 641 cyclus
2654 570 3077 642 llippolythreus.
3107 570 3260 626 Utro-

1671 656 1792 723 que
1813 650 1992 696 autem
2039 656 2104 724 es
2152 641 2304 724 cyclo
2343 641 2580 724 _(__Ju|iano
2607 650 2662 724 et
2698 641 3092 724 llippOlytbaegi
3120 658 3268 724 cgni-

1670 711 1795 783 poni
1825 727 1982 782 posse
2023 711 2234 783 ostendi
2265 713 2481 765 tertimn
2507 712 2737 783 cyclum,
2769 711 2938 767 annis
2962 713 3100 769 1184
3132 711 3267 768 Gre-

1671 782 1908 854 gorianis
1941 782 2291 854 explicatum,
2332 791 2387 836 et
2436 782 2629 836 iterum
2672 784 3021 854 repetendum
3055 783 3269 854 quoties

1671 852 1805 922 Opus
1855 852 2036 916 fuerit,
2083 853 2175 921 qui
2222 861 2413 907 exacte
2452 852 2772 922 respondeat
2825 852 3123 908 canonibus
3165 853 3270 908 Pa-

1672 923 1875 988 schatis
1897 923 2244 979 celebrationi
2270 924 2470 992 optime
2506 924 2812 978 constitutis
2846 934 2956 977 tmn
2989 926 3056 979 ab
3083 923 3268 979 Eccle-

1674 995 1751 1050 sia
1781 995 1832 1048 in
1866 993 2079 1049 Nicaena
2121 994 2344 1064 synodo,
2379 1002 2488 1047 tum
2522 1010 2552 1046 a
2583 993 2842 1064 Gregorio
2863 993 2978 1048 Xlll
3009 996 3062 1048 in
3085 1010 3266 1049 corre-

1673 1065 1849 1119 ctione
1887 1065 2212 1128 Kalendarii,
2242 1073 2402 1132 atque
2432 1065 2557 1118 huic
2589 1066 2762 1118 eidem
2795 1066 2990 1134 regulae
3029 1066 3082 1119 in
3116 1075 3264 1120 textu

1673 1135 1945 1207 Anastasii
1976 1136 2255 1207 recensita:
2294 1136 2395 1207 hoc
2430 1135 2481 1187 in
2522 1150 2765 1197 numero,
2802 1145 2861 1190 ιιι
2894 1148 2923 1189 a
2958 1146 3146 1207 quarta
3175 1137 3268 1189 de—

1675 1206 1808 1259 cinta
1832 1207 1957 1258 (una
1996 1206 2150 1274 primi
2180 1205 2370 1258 utensis
2414 1222 2575 1274 usque
2613 1208 2682 1258 ad
2720 1205 3017 1272 vigesimum
3043 1208 3266 1273 primam

1675 1276 1758 1329 die
1784 1275 2062 1330 Dominica
2107 1275 2436 1328 custodiatur
2461 1287 2698 1330 sanctum
2743 1274 2969 1330 Pascha.
3008 1277 3086 1331 Ea
3129 1277 3270 1332 ratio

1675 1346 1924 1415 cognosci
1952 1354 2126 1416 potest
2154 1360 2391 1417 espansa
2428 1361 2492 1417 ae
2514 1347 2880 1401 deuionstrata
2910 1347 2961 1401 in
2988 1347 3267 1417 opusculo,

1675 1407 1772 1470 cui
1811 1407 2024 1471 titulum
2073 1407 2316 1486 praeﬁiti:
2351 1415 2556 1470 Salutio
2600 1418 2935 1486 problematis
2974 1407 3268 1472 Paschalis;

1675 1487 2031 1558 Fraudarem,
2061 1489 2322 1558 inquam,
2375 1487 2568 1558 insigni
2620 1488 2942 1543 documento
2986 1488 3270 1543 historiam

1679 1557 1836 1626 hujus
1859 1557 2095 1618 numeri,
2128 1557 2229 1611 nisi
2257 1556 2384 1610 illud
2418 1556 2820 1612 monumentum
2849 1559 3144 1614 insererem
3173 1577 3185 1612 :
3218 1561 3272 1612 in

1675 1643 1781 1696 quo
1803 1644 1907 1682 una
1943 1643 2064 1682 cum
2093 1628 2253 1700 cycloi
2285 1638 2342 1682 et
2380 1643 2587 1700 canone
2624 1627 2889 1700 Hippolyti
2933 1631 3158 1686 incisum
3192 1629 3273 1684 le-

1713 1700 1818 1752 itur
1857 1714 1995 1751 anno
2024 1700 2191 1766 primo
2238 1699 2568 1767 imperatoris
2603 1698 2892 1753 Alexandri
2922 1702 3200 1755 decretum
3238 1716 3272 1754 a

1719 1771 1790 1832 io,
1832 1768 2141 1832 Eleuthero,
2199 1767 2412 1824 Victore
2457 1779 2511 1824 et
2561 1771 2971 1825 successoribus
3015 1771 3274 1825 Romanis

1675 1839 2383 1910 pontiﬁcibusconstanter
2441 1840 2779 1910 propositum
2845 1841 3101 1896 Ecclesia:
3155 1843 3274 1895 uni-

1674 1909 1867 1974 versae,
1900 1920 1953 1964 et
1986 1909 2217 1965 Victoris
2264 1909 2705 1980 astate'plurium
2752 1911 3104 1966 conciliorum
3145 1926 3276 1965 con-

1675 1981 1859 2036 cordia
1897 1991 2183 2046 assertum,
2215 1981 2292 2034 uti
2320 1982 2554 2036 vidimus
2600 1997 2722 2036 cum
2778 1982 3035 2048 Eusebio,
3075 1991 3134 2036 ut
3171 1983 3276 2036 sci-

1675 2051 1799 2106 licet
1834 2060 2049 2122 recepta
2072 2066 2140 2106 ex
2158 2067 2284 2122 aevo
2309 2053 2608 2120 apostoliro
2638 2052 2919 2122 disciplina
2945 2063 3001 2107 et
3027 2052 3275 2122 exemplo

1677 2123 1792 2178 dies
1833 2121 2110 2176 Dominica
2138 2121 2444 2177 Christiano
2487 2122 2737 2178 Pasrhati
2784 2121 3104 2180 celebrando
3134 2121 3278 2178 sem-

1677 2207 1776 2262 per
1818 2192 2178 2264 addiceretur,
2205 2207 2324 2264 qua:
2368 2201 2488 2262 post
2517 2204 2768 2264 quartam
2809 2194 3075 2249 decimam
3115 2195 3275 2248 luna-

1679 2278 1793 2334 rem
1825 2263 1970 2334 diem
1985 2262 2194 2334 mensis
2225 2263 2384 2334 primi
2422 2262 2665 2333 prosime
2696 2275 3061 2334 consequatur
3091 2283 3104 2318 :
3139 2278 3276 2318 neve

1676 2332 1882 2404 jejunia
1920 2332 2177 2404 solemnia
2211 2332 2486 2388 solvantur
2511 2344 2636 2389 ante
2664 2332 2975 2403 praedictam
3002 2334 3144 2389 diem
3172 2334 3279 2387 Do-

1681 2403 1952 2476 minicam.
2011 2404 2091 2457 Ex
2134 2403 2237 2458 hoc
2287 2405 2429 2458 enim
2483 2420 2755 2461 marmore
2799 2405 3141 2476 perspicuum
3169 2408 3274 2476 _tit,

1679 2476 1842 2530 etiam
1876 2473 2118 2530 fervente
2164 2476 2598 2543 persecutionum
2645 2473 2816 2540 aestu;
2844 2473 3122 2531 decretum
3167 2474 3277 2530 Ro-

1680 2561 1963 2600 manorum
2019 2544 2333 2614 pontiﬁcum
2387 2547 2604 2614 scriptis
2657 2555 2711 2600 et
2757 2547 3002 2602 conciliis
3051 2554 3276 2602 sancto-

1680 2631 1799 2670 rum
1826 2615 2045 2670 Patrum
2086 2614 2582 2687 luculenterfuisse
2628 2616 2978 2681 illustratum,
3009 2627 3065 2672 et
3090 2618 3278 2687 genui-

1680 2687 1764 2741 nis
1793 2685 2130 2740 documentis
2159 2686 2411 2740 marmori
2455 2687 2734 2756 insculptis
2763 2688 2816 2741 in
2850 2687 2994 2744 Urbe
3033 2685 3139 2742 non
3188 2705 3279 2742 ca-

1683 2758 1874 2829 ruisse,
1900 2771 2020 2829 quise
2048 2755 2240 2829 victrix
2281 2757 2378 2810 :evi
2407 2758 2595 2828 religio
2624 2755 2806 2812 nostra
2848 2759 3050 2829 integra
3095 2769 3280 2815 servat

1680 2827 2003 2898 posteritati.
2032 2826 2426 2897 Argumentum
2459 2826 2580 2883 inde
2604 2829 2820 2898 capiant
2847 2826 3008 2883 velim
3049 2828 3279 2884 lectores

1682 2898 1888 2952 ﬁduciae
1912 2912 2072 2968 quam
2095 2898 2354 2952 debemus
2391 2899 2730 2954 documentis
2758 2908 3059 2968 temporum
3089 2900 3141 2953 in
3172 2899 3280 2954 llo-

0 2969 241 3022 rumdem
273 2968 487 3041 Eusebii
523 2970 742 3041 librum,
783 2983 901 3037 cap.
930 2967 1275 3041 25.__Const_at
1302 2966 1466 3041 etiam
1497 2967 1576 3020 vi-
1601 2975 1647 3036 α
1682 2983 1836 3041 mana
1868 2967 2106 3041 Ecclesia
2151 2969 2443 3023 asservatis
2488 2979 2541 3024 et
2586 2969 2798 3039 publice
2824 2966 3117 3041 propositis
3157 2980 3279 3040 post

0 3053 69 3092 os
96 3039 588 3107 przestantissimos
613 3039 770 3110 hujus
806 3040 982 3094 aetatis
1022 3038 1225 3110 Victori
1251 3037 1493 3110 aequalis,
1520 3047 1576 3092 et

0 3110 365 3163 iroximarum
391 3107 735 3165 adlaborasse
757 3111 809 3164 in
826 3109 1144 3165 ordinandis
1163 3108 1329 3179 cyclis
1343 3107 1577 3179 Pascha-

1 3179 148 3232 ibus.
196 3179 484 3236 Anatolius
521 3179 939 3243 Alexandrinus,
970 3178 1255 3250 episcopus
1282 3178 1578 3234 Laodicen-

0 3250 54 3302 iis
88 3251 156 3320 in
176 3251 444 3320 opusculo
468 3252 692 3306 canonis
729 3250 1006 3306 Paschalis
1029 3249 1166 3318 apud
1213 3249 1575 3320 Bucherium,

0 3335 104 3388 pag.
133 3319 274 3382 439,
307 3319 487 3383 refert,
521 3337 582 3376 ea
614 3322 681 3376 de
710 3337 769 3375 re
800 3321 967 3375 luisse
993 3320 1443 3374 commentarium
1464 3319 1578 3372 edi-

0 3407 92 3462 um
124 3391 200 3444 ab
233 3391 468 3462 Origene
493 3392 861 3456 Alexandria),
894 3391 982 3445 ubi
1021 3390 1193 3462 studia
1223 3389 1486 3462 ﬂorebant
1511 3389 1579 3444 ad

0 3459 305 3528 tujusmodi
337 3459 643 3532 computum
681 3462 1008 3518 necessaria.
1048 3460 1166 3530 Ipse
1205 3475 1336 3514 vero
1380 3461 1578 3532 Anato-

0 3533 90 3605 ius_
113 3532 275 3605 mine
303 3530 554 3588 doctrina:
575 3535 652 3588 vir
681 3534 761 3605 (ut
791 3535 868 3587 ait
897 3533 1254 3605 Hieronymus
1286 3532 1350 3605 de
1375 3530 1576 3605 Script.

0 3601 212 3672 celes.)
245 3603 302 3655 iu
349 3601 698 3668 arithmetica,
727 3604 1029 3672 geometria,
1060 3601 1404 3665 astronomia,
1433 3601 1582 3672 aliis-

0 3689 79 3744 rue
111 3671 438 3741 disciplinis,
478 3674 630 3744 cujus
665 3671 858 3744 ingenii
900 3673 1312 3744 magnitudinem
1330 3673 1403 3744 de
1430 3671 1578 3725 rotu-

0 3743 148 3806 aiue,
179 3744 326 3812 quod
353 3760 510 3813 super
525 3742 736 3798 Pascha
754 3744 1039 3814 composuit
1065 3783 1080 3807 ,
1125 3743 1294 3796 metiri
1320 3742 1459 3805 licet,
1485 3758 1580 3798 eo-

0 3815 104 3886 Iem
131 3814 540 3886 inargumento
572 3815 830 3886 praeclare
852 3823 1097 3886 versatus
1125 3814 1326 3886 scripta
1357 3828 1453 3886 sua
1470 3829 1581 3886 Ano-

0 3883 64 3956 iis
95 3882 348 3956 reliquit.
405 3882 690 3956 Dionysius
724 3885 1144 3956 Alexandrinus,
1191 3884 1282 3953 qui
1328 3885 1428 3956 sub
1455 3882 1584 3939 Gal-

0 3953 129 4007 ieno
191 3951 400 4020 ﬂoruit,
453 3951 642 4010 eodem
700 3956 754 4010 in
811 3955 988 4010 stadio
1033 3969 1091 4008 se
1139 3951 1400 4019 excreuit,
1452 3968 1583 4008 usus

0 4024 364 4078 ictaeteride:
393 4034 452 4078 ut
472 4027 720 4080 observat
747 4026 896 4080 card.
925 4023 1168 4080 Norisius
1194 4025 1408 4079 dissert.
1439 4024 1476 4078 ‘2
1515 4027 1583 4082 de

0 4093 249 4165 ’ascltali
279 4092 590 4150 Latinorum
621 4096 792 4165 cyclo.

53 4163 274 4236 Verum
305 4180 412 4234 prie
449 4163 669 4221 caateris'
700 4167 936 4221 illustrat
988 4165 1222 4236 genuino
1260 4179 1581 4236 monumen-

0 4233 240 4307 o_hujus
289 4233 462 4290 aetatis
492 4236 547 4290 in
583 4251 862 4307 marmore
901 4233 1216 4307 consignato
1261 4235 1582 4307 Hippolytus

0 4255 32 4287 Ο
63 4255 240 4302 ΙΙυ]υ5
289 4255 462 4290 ωιειιιδ
492 4255 547 4290 ιιι
592 4255 862 4292 marmore
901 4255 1216 4291 COIISI’IIHIO
1262 4255 1324 4288 ΠΙ

0 4304 317 4386 :piscopus,_
338 4307 428 4375 qui
467 4306 753 4386 duplicata
790 4255 1117 4386 oetaeteriﬁe
1156 4307 1330 4361 sedeei

0 4391 104 4428 'um
134 4375 410 4446 circulum
436 4375 801 4443 concinnavit,
838 4378 1126 4432 deductum
1146 4391 1211 4430 ex
1241 4391 1381 4430 anno
1407 4378 1583 4446 primo

0 4448 347 4518 inperatoris
372 4444 561 4502 Severi
602 4447 897 4518 Alexandri
933 4486 949 4512 ,
988 4449 1053 4518 ad
1085 4462 1243 4515 quem
1277 4444 1533 4518 exegerat
1565 4489 1580 4514 ,

0 4514 678 4588 tti’Hieronymustradit,
729 4518 970 4573 rationes
1003 4514 1223 4571 Pascha:
1249 4557 1264 4582 ,
1296 4527 1351 4572 et
1381 4514 1584 4588 t'etnpoo

0 4601 110 4658 'um
159 4586 422 4658 canones.
449 4657 454 4658 ν
479 4586 631 4642 Licet
666 4589 810 4642 enim
839 4589 1027 4643 eodem
1055 4588 1208 4658 cyclo
1237 4603 1332 4643 usa
1379 4586 1586 4644 non‘sit

0 4655 244 4711 Ecclesia
264 4698 278 4721 ,
310 4673 377 4713 ex
401 4657 495 4712 illo
520 4667 698 4713 tamen
727 4659 939 4713 occasio
965 4667 1022 4712 et
1064 4655 1205 4713 ratio
1235 4661 1456 4714 suborta
1499 4667 1585 4714 est

0 4728 386 4797 :omponenda:
453 4729 1034 4794 enneadecaetcridos,
1093 4744 1186 4783 seu
1239 4728 1428 4784 circuli
1481 4744 1582 4784 no-

0 4797 298 4869 renidecim
346 4814 614 4853 annorum
641 4838 657 4862 ,
689 4813 846 4868 quem
878 4799 1090 4854 caeteris
1126 4800 1366 4856 Ecclesia
1392 4809 1582 4869 prauu-

4 4869 64 4919 it.
89 4866 371 4941 Praeterea
415 4868 599 4940 cyclus
649 4866 737 4923 ille
788 4869 1187 4941 llippolytltzeus
1214 4866 1470 4926 marmori
1494 4870 1578 4941 in-

0 4938 273 5012 εςιιίριιιεζ
278 4948 332 4995 et
356 4939 412 4993 in
435 4938 732 5012 titartyrum
746 4938 950 5012 cryptis
962 4938 1189 4996 effossus
1213 4956 1379 5012 prope
1404 4940 1581 4996 eccle—

0 5010 127 5082 iialll
162 5007 228 5082 S__.
251 5009 530 5082 Laurentii
560 5007 714 5082 extra
744 5007 944 5082 Muros,
969 5011 1176 5082 inagro
1196 5007 1433 5075 Verane,
1461 5020 1514 5065 et
1545 5027 1573 5065 a

0 5077 255 5152 ilarcello
273 5079 792 5152 Qervino‘cardiuali
820 5077 1248 5148 bibliothecario,
1275 5083 1364 5152 qui
1389 5090 1571 5151 postea

0 5149 48 5201 ιι]
91 5149 474 5216 pontiﬁcatum
507 5147 804 5205 Romanum
850 5160 1067 5208 evectus
1124 5147 1355 5210 Marcelli
1389 5147 1444 5206 ἸΙ
1473 5166 1570 5206 no-

0 5233 108 5271 nen
140 5220 387 5280 retinuit,
420 5221 474 5273 in
503 5219 811 5274 Vaticanam
842 5221 1220 5278 bibliothecam
1265 5227 1463 5280 illatus.
1491 5221 1577 5276 ubi

1087 4321 1117 4360 e
1156 4307 1390 4361 sedecim
1416 4323 1584 4389 anuo-
1614 4339 1660 4398 υ

1681 3039 1948 3093 redditam
1978 3038 2053 3092 illi
2097 3053 2316 3108 pacem;
2356 3055 2478 3094 cum
2531 3038 2811 3094 videamus
2833 3038 2952 3094 tam
2996 3038 3278 3110 splendido

1679 3120 2030 3182 monumento
2059 3111 2362 3182 decoratos
2407 3111 2572 3165 etiam
2625 3111 2675 3164 in
2723 3112 2926 3182 cryptis
2976 3120 3286 3182 martyrum

1679 3182 1779 3236 sub
1810 3180 2014 3252 Severo
2042 3179 2348 3252 Alexandro
2377 3189 2678 3251 temporum
2702 3179 2937 3237 canones
2977 3179 3136 3236 unius
3163 3183 3277 3252 epi-

1681 3252 1828 3320 scopi
1865 3251 2067 3322 scripto
2107 3251 2419 3315 illustratos,
2463 3262 2518 3307 et
2553 3253 2792 3306 additum
2835 3251 3134 3322 catalogum
3174 3251 3279 3307 ca:-

1683 3330 1919 3375 terarum
1949 3321 2066 3388 ejus
2101 3322 2555 3376 lucubratiormm.
2607 3324 2872 3378 llecenset
2913 3321 3030 3377 illas
3061 3323 3119 3375 Β.
3160 3322 3284 3378 Hie-

1683 3406 1939 3463 ronymus
1964 3393 2016 3444 in
2045 3390 2182 3463 libro
2201 3390 2269 3463 de
2293 3391 2660 3460 Scriptoribus
2685 3392 3088 3457 ecclesiasticis,
3121 3394 3281 3462 plane

1683 3461 2070 3529 respondentes
2095 3461 2262 3516 titulis
2288 3478 2535 3532 operum,
2563 3465 2898 3533 consignatis
2929 3464 3029 3533 hoc
3053 3465 3103 3518 in
3125 3461 3279 3516 imar-

1682 3547 1832 3587 more
1890 3547 2056 3602 prope
2100 3546 2362 3603 canonem
2417 3532 2738 3603 temporum
2771 3532 3131 3603 superiorum,
3181 3548 3280 3602 per

1682 3602 2268 3674 becczeadecaeteridas
2303 3603 2590 3674 digestum.
2626 3602 2814 3658 Partes
2841 3602 3021 3674 illius,
3038 3603 3279 3674 singulas

1682 3689 1807 3728 cum
1836 3673 2188 3744 explicuerint
2218 3673 2270 3727 in
2314 3672 2697 3744 dissertatione
2717 3675 2782 3728 de
2811 3672 2965 3744 cyclo
2991 3673 3050 3728 S.
3081 3673 3279 3743 llippo—

1684 3745 1940 3816 lytiiedita
1975 3745 2028 3798 in
2069 3743 2208 3798 libro
2232 3745 2299 3799 de
2322 3742 2653 3816 llalendario
2682 3753 2736 3799 et
2764 3742 2916 3816 cyclo
2940 3742 3197 3816 (iusseris,
3225 3754 3280 3816 et

1685 3814 1736 3869 iit
1767 3815 2054 3870 Germania
2082 3830 2270 3869 recusa
2319 3815 2372 3869 in
2415 3815 2652 3870 editione
2689 3814 2913 3885 operum
2945 3814 3186 3885 ejusdem
3219 3814 3279 3870 S.

1683 3885 1920 3956 episcopi
1947 3895 2003 3939 et
2031 3887 2303 3955 martyris,
2333 3885 2580 3940 abstineo
2628 3901 2658 3939 a
2703 3883 2945 3956 pluribus
2979 3883 3281 3940 ’aﬁ‘erendis

1684 3955 1752 4011 ad
1805 3956 2004 4012 veteris
2048 3956 2188 4010 illius
2246 3956 2580 4011 monumenti
2630 3955 3064 4018 illustratiouem,
3114 3971 3279 4024 quam

1685 4036 1806 4098 post
1826 4027 2104 4082 Petavium
2128 4035 2181 4082 et
2203 4024 2555 4098 Scaligerum,
2582 4026 2778 4098 ibidem
2802 4027 3039 4094 reperies
3063 4035 3278 4098 auctam

1685 4097 2086 4154 commentariis
2114 4099 2166 4152 in
2197 4111 2259 4152 ea
2288 4097 2525 4153 editione
2547 4097 2753 4152 recusis
2779 4097 3018 4150 virorum
3042 4097 3281 4150 clarissi-

1686 4183 1920 4233 morum,
1939 4169 2115 4224 aetatis
2136 4177 2334 4222 nostrae
2355 4168 2518 4222 decus
2544 4183 2640 4222 sua
2663 4167 2966 4224 eruditione
2991 4169 3276 4230 tuentium,

1686 4238 1913 4310 Philippi
1954 4254 1984 4292 a
2026 4238 2199 4310 Turre
2230 4240 2381 4310 idum
2432 4238 2635 4293 viveret
2683 4238 2920 4309 episcopi
2951 4238 3280 4310 rAdrieusis,

1686 4307 1879 4364 Joaunl
1908 4311 2032 4380 abb.
2058 4309 2281 4380 Vignolii
2306 4307 2578 4380 Vaticanre
2605 4307 2842 4364 basilica:
2870 4307 3282 4380 etpbibliothecte

1686 4380 1877 4434 olliciis
1900 4378 2145 4444 illustris,
2170 4391 2224 4436 et
2254 4379 2317 4434 Β.
2348 4379 2406 4433 Ρ.
2439 4378 2663 4450 Virginii
2696 4378 2965 4442 Valsecbi,
2991 4379 3044 4432 in
3086 4379 3282 4433 Pisaua

1687 4451 1964 4505 academia
1999 4465 2279 4505 sacrarum
2323 4451 2628 4504 litterarum
2670 4450 3008 4520 interpretis,
3040 4451 3280 4520 amicitia

1688 4522 1818 4576 mihi
1846 4529 1904 4575 et
1926 4521 2231 4575 studiorum
2268 4520 2648 4574 communione
2691 4518 3020 4587 iunctorum.
3069 4518 3282 4574 leonem

1688 4606 2006 4646 marmorea:
2038 4592 2185 4662 sedis
2209 4601 2266 4646 et
2291 4589 2565 4662 simulacri
2596 4589 2940 4662 Hippolytum
2967 4589 3284 4662 epist-ppulit

1687 4663 1994 4725 referentis,
2024 4661 2370 4732 cumilitteris
2398 4659 2602 4714 Graecis
2624 4659 2681 4715 in
2703 4659 2899 4732 duplici
2939 4659 3084 4732 sedis
3119 4660 3292 4732 latere

1689 4731 1815 4788 hinc
1841 4731 2276 4804 exprimentibus
2313 4744 2575 4804 canonem
2625 4728 2933 4804 temporum
2961 4728 3039 4804 (et
3081 4731 3296 4804 catalo-

1727 4820 1814 4858 um
1837 4798 2060 4874 operum
2087 4802 2139 4874 in
2164 4803 2310 4856 sedis
2333 4798 2620 4874 inﬂexione
2654 4798 2884 4874 postica)
2921 4798 3044 4850 inde
3072 4803 3300 4868 cyclutn

1727 4820 1814 4858 llll‘l
1837 4819 2060 4870 operum
2087 4819 2139 4853 lll
2164 4819 2310 4856 sedis
2333 4819 2620 4855 muexrone
2654 4819 2884 4874 pOSllCﬂ)
2922 4819 3044 4850 mut:
3072 4819 3300 4868 cyctuut

1690 4819 2004 4928 gasclialem
2027 4873 2114 4947 ad
2161 4871 2546 4947 consequentia
2597 4881 2840 4947 tempora
2881 4881 3203 4947 expansum
3231 4883 3309 4947 es

1689 4946 1863 5013 primo
1884 4939 2236 5016 antto'Severi
2258 4937 2544 4998 Alexandri
2571 4937 2876 5016 pag.'seqq.
2903 4937 3071 4992 subdo
3097 4939 3317 5016 duplici

1685 5009 1836 5070 ἔπειθε
1871 5009 2047 5066 tabula
2077 5023 2366 5070 excusant.

1757 5085 1923 5157 Linea
1952 5081 2101 5157 4ης-
2131 5082 2184 5135 Η
2192 5089 2242 5141 ic
2272 5084 2389 5156 fecit
2409 5094 2678 5157 sequentes
2713 5087 2896 5157 clerus.
2930 5077 3136 5157 ᾮ-ἣρος
3175 5078 3325 5157 apud

1685 5154 1977 5210 Eusebium
2007 5149 2244 5225 lib._vu,
2272 5149 2390 5225 cap.
2429 5149 2536 5225 ὢν
2569 5159 2815 5214 redditur
2863 5149 3052 5225 liatine
3105 5149 3330 5218 gradus

1685 5241 1779 5280 seu
1800 5225 2048 5280 diauitas.
2082 5221 2573 5280 Marinus'arudum
2596 5221 2940 5280 centuritmis
2971 5228 3334 5280 promeritus
