3954 6318
231 281 378 337 1297

1060 279 1379 340 HISTORIA
1421 283 1508 338 DE
1550 279 1722 337 VlTlS
1760 279 1920 334 ROM.
1961 277 2159 336 PONT.
2196 310 2264 320 —
2294 278 2351 335 S.
2394 278 2670 336 VICTUB.‘

3304 271 3502 362 (1298
3549 260 3566 287 ’

237 417 411 478 garum
471 403 524 457 in
589 401 918 474 Panegyrico
969 403 1036 458 de
1097 413 1292 478 quarto
1338 401 1562 458 Honorii
1624 415 1818 457 constt-
1845 399 1895 459 Α
1931 399 2278 478 mGestorum
2310 399 2492 478 itaque
2519 399 2690 478 series
2719 399 3232 478 estentlit,_secutitl_o
3255 414 3319 455 ac
3341 399 3502 455 tertio

236 474 374 529 latu.

397 603 442 615 ..
475 601 486 613 .
518 603 531 615 .
562 603 574 614 .
600 565 884 616 laduerttnt
915 565 1236 615 Samnitico

389 630 616 679 Onasus
643 643 657 678 :
683 627 880 678 Incaluit
904 628 1148 678 l‘tc'ronrn
1171 629 1411 683 satimtine
1430 625 1596 674 Tnuu:
1621 638 1633 672 :

389 692 644 741 Sco'roncu
668 691 886 741 cumulos
910 693 1044 741 ﬂevit
1061 689 1278 753 glacialis
1299 689 1460 738 Isaae.

317 794 338 826 α
369 774 441 831 Ut
464 775 608 829 enim
644 775 881 830 Orcadas
918 775 1125 844 (subdit
1153 773 1405 829 Usserius
1446 773 1716 844 Saxonum
1743 769 1826 844 pi-

233 847 652 902 rat.'ts.tenuisse
675 887 688 907 .
729 846 800 901 ita
840 841 1015 901 Pictos
1044 845 1251 899 Thulen
1279 845 1414 913 (sive
1463 841 1822 896 Scandinavia

231 931 302 971 ea
362 916 566 980 fuerit,
623 918 739 972 sive
805 917 1308 985 septentrionalium
1361 914 1657 970 insularum
1705 926 1826 985 qua:

230 987 369 1055 alia)
401 997 455 1042 et
507 986 693 1043 Scotos
749 983 954 1041 lentem
1005 987 1291 1042 incoluisse
1328 985 1490 1040 claris
1531 983 1825 1055 etapertis

230 1053 421 1114 verbis
469 1059 777 1134 signiﬁcat:
809 1059 951 1134 quod
988 1067 1054 1134 et
1083 1059 1157 1134 de
1181 1057 1388 1134 _le_rne,
1412 1056 1533 1134 _sive
1566 1053 1822 1134 Hibernia

232 1139 424 1184 nostra
453 1123 742 1185 conﬁrmat
777 1123 938 1184 etiam
988 1128 1153 1193 Beda,
1181 1129 1234 1182 in
1266 1127 1384 1197 loco
1405 1127 1516 1197 jam
1544 1127 1710 1179 citato
1765 1123 1824 1197 il:

232 1199 330 1252 ind
368 1200 610 1254 addens:
648 1199 776 1255 ch
813 1200 1023 1269 proprie
1060 1201 1233 1269 pqtria
1269 1193 1546 1269 Scotogum
1570 1205 1689 1269 est:
1734 1193 1823 1264 qui

229 1269 306 1340 qb
345 1271 443 1323 hac
487 1272 702 1340 egressi,
752 1265 960 1325 tertiam
1014 1265 1373 1340 iuiBritannia
1426 1265 1730 1340 Britonibus
1774 1273 1822 1317 et

234 1337 408 1394 Pictis
459 1337 662 1412 gentem
696 1341 1034 1412 addiderunt.
1066 1339 1220 1412 Quod
1263 1338 1426 1412 etiam
1472 1338 1596 1391 solo-
1630 1337 1824 1412 lingua:

229 1405 546 1481 comitiuiijs
590 1411 902 1468 testimonio
941 1410 1116 1465 evinci
1148 1409 1420 1481 proditum
1464 1405 1730 1481 ostendit
1757 1405 1826 1460 ab

230 1480 414 1552 ᾼηειο
450 1475 765 1538 ϐξηιίὺάθιιο
829 1481 1076 1552 Britann.
1121 1475 1245 1552 pag.
1291 1479 1357 1552 142
1388 1519 1404 1545 ,
1445 1486 1504 1534 et
1572 1494 1603 1532 a
1661 1477 1826 1552 Scoto

230 1549 453 1636 Joalnne
479 1552 700 1636 majore,
724 1554 790 1608 de
813 1551 960 1635 Gest:
996 1549 1285 1636 seot'ort'tm
1309 1550 1405 1606 lib.
1442 1567 1480 1614 ι,
1507 1563 1630 1636 capi
1660 1549 1716 1636 91ἒ
1751 1567 1769 1631 ε

313 1621 458 1695 Qrdo
512 1617 1094 1695 igitur-successionis,
1130 1623 1357 1695 istarum
1399 1617 1666 1695 gentium
1692 1617 1827 1681 fuit,

233 1700 304 1748 ut
333 1689 615 1764 Britonés,
639 1696 729 1764 qui
763 1693 1056 1764 austraiem
1085 1689 1498 1764 insulrcpartem
1527 1689 1782 1764 tenebant
1812 1728 1826 1751 ,

233 1765 345 1818 sub
371 1762 594 1819 Claudio
616 1760 861 1836 pi-incipe
888 1779 916 1818 a
947 1763 1207 1836 Romanis
1234 1760 1657 1836 inprovineiam
1676 1760 1830 1836 reda-

233 1845 413 1898 ctam,
441 1831 854 1890 dominarentur
883 1835 1046 1889 etiam
1075 1831 1325 1898 Boreali,’
1363 1849 1455 1888 seu
1503 1831 1826 1894 Calidonia’,

233 1921 366 1978 qute
398 1907 564 1978 hodie
581 1903 766 1978 ,Scotia
793 1906 992 1978 dicitur
1025 1923 1038 1959 :
1065 1921 1175 1975 quo
1204 1921 1353 1959 arma
1387 1905 1830 1978 liomaua_tteque

235 1973 346 2047 sub
400 1976 629 2033 Claudio
694 1973 1293 2047 perligerant,'neque
1343 1977 1444 2031 sub
1501 1973 1828 2029 Domitiano.

236 2043 415 2116 Hujus
443 2056 624 2102 autem
658 2043 820 2103 aetate
844 2043 911 2102 ex
939 2043 1410 2119 iuvenale—satyra
1432 2047 1465 2100 4
1491 2064 1504 2100 :

396 2137 512 2201 Qum
532 2139 629 2201 jam
651 2139 988 2188 semianimem
1015 2137 1260 2190 laceraret
1285 2137 1481 2201 Flavius
1502 2150 1672 2188 ornem

397 2199 624 2263 Ultimus,
649 2208 704 2251 et
727 2201 866 2250 calvo
887 2203 1103 2252 serviret
1125 2202 1276 2250 lioma
1300 2199 1502 2261 Neroni,

235 2301 438 2355 nempe
476 2286 825 2358 Domitiano,
850 2287 1090 2343 ostendit
1129 2288 1439 2358 Arvircgum
1492 2301 1677 2357 regem
1720 2284 1829 2340 Ma-

237 2358 308 2411 rii
342 2367 552 2428 patrem
584 2356 862 2414 Britannis
887 2359 1206 2428 imperasse.

397 2446 547 2511 Qmen
573 2446 744 2511 habes,
762 2449 934 2509 inquit,
958 2450 1140 2511 magni,
1167 2448 1378 2508 clarique
1401 2446 1626 2505 triumphi
1651 2461 1662 2495 :

397 2507 586 2574 ἷξες-(ιω
613 2507 1211 2574 ειὴιυθηι“οει›ἰρε,ἐυῑαυ
1233 2507 1431 2562 temone
1460 2511 1686 2560 Britanno

398 2571 606 2623 Excidet
626 2571 928 2633 Arviragus:

239 2671 404 2726 quem
444 2672 473 2712 a
506 2657 798 2713 scltoliaste
835 2658 1005 2713 veleri
1035 2657 1289 2721 Arbilam,
1315 2667 1365 2712 et
1389 2658 1440 2712 in
1472 2656 1709 2724 antiquis
1732 2672 1829 2709 nu-

241 2727 588 2784 utismatibus
609 2728 1487 2795 AlilVOGumsignatumindicat.
1529 2728 1640 2780 Hoc
1679 2727 1828 2779 Arvi-

241 2815 373 2869 rogo
398 2809 676 2868 regnante,
705 2801 820 2869 sive
844 2801 961 2869 ejus
993 2800 1102 2854 ﬁlio
1132 2798 1306 2852 Mario
1336 2798 1498 2853 refe-rt
1524 2816 1551 2851 a
1586 2799 1830 2869 pluribus

242 2867 712 2942 Itistoricisilradi,
754 2867 1283 2942 PictosScytharum
1314 2886 1482 2942 genus
1536 2871 1585 2921 in
1617 2868 1830 2942 Bruan-

243 2939 732 3010 nianrnavigassc.
763 2941 992 2996 Collatis
1019 2939 1350 3009 temporibus
1402 2939 1593 3001 infert,
1648 2939 1826 2992 Picos

243 3008 372 3081 i_llos
395 3008 626 3081 Scythas
671 3027 792 3066 esse
837 3012 1012 3067 Dacos
1060 3008 1173 3068 sive
1220 3010 1606 3072 Sauromatas,
1653 3011 1742 3078 qui
1795 3026 1824 3062 a

245 3079 486 3151 Traiano
508 3081 633 3136 sede
663 3082 823 3151 pulsi,
853 3097 975 3138 cum
1010 3083 1226 3138 Daciam
1255 3081 1485 3151 subegit,
1539 3083 1641 3135 huc
1669 3096 1824 3147 appu-

245 3149 448 3205 lerunt.
479 3151 620 3206 Picti
663 3149 792 3207 vero
830 3154 1004 3208 vocati
1057 3163 1182 3208 sunt
1210 3153 1276 3206 ab
1309 3149 1666 3222 interpunctis
1712 3166 1823 3222 cor-

244 3222 476 3290 poribus
521 3238 541 3278 :.
580 3239 699 3291 qua:
773 3225 1106 3279 consuetudo
1147 3223 1218 3279 ibi
1264 3221 1492 3290 vigebat.
1550 3222 1720 3276 Dacos
1759 3221 1826 3274 si-

241 3292 467 3364 quidem
509 3303 563 3348 et
611 3291 956 3348 Sauromatas
1012 3312 1246 3364 corpora‘
1283 3311 1378 3347 sua
1423 3294 1703 3346 inscribere
1747 3307 1827 3345 so-

244 3361 374 3417 litos
444 3363 610 3420 fuisse
656 3372 845 3420 auctor
886 3375 970 3420 est
1017 3361 1222 3420 Plinius
1272 3365 1365 3418 lib.
1433 3381 1570 3428 un,
1617 3379 1737 3432 cap.
1779 3363 1823 3416 Ι.

245 3432 450 3504 Longis
514 3435 680 3506 igitur
733 3436 961 3490 navibus
1014 3437 1247 3507 advecti,
1302 3436 1560 3507 Scythae,
1623 3436 1828 3507 Sauro-

247 3513 433 3570 rnataa,
461 3504 554 3578 seu
584 3507 734 3570 Daci,
768 3508 858 3578 qui
915 3518 970 3562 et
992 3507 1125 3578 Picti
1155 3523 1183 3561 a
1209 3504 1444 3574 Trajaiio
1475 3506 1706 3578 expulsi,
1732 3520 1828 3574 per

248 3590 404 3629 mare
465 3576 848 3632 Germanicum
917 3579 982 3632 ad
1050 3577 1396 3632 Hibernieum
1462 3577 1624 3630 delati
1679 3585 1825 3629 sunt.

248 3644 390 3718 Dum
423 3655 635 3718 tentant
669 3649 944 3703 Borealem
984 3649 1253 3704 Hibernia:
1285 3657 1494 3718 partem
1541 3663 1824 3718 occupare,

247 3734 281 3771 a
309 3717 486 3771 Scotis
525 3717 797 3774 Hibernia:
832 3720 1032 3776 incolis.
1051 3716 1349 3774 suadentur
1404 3729 1462 3772 ut
1491 3716 1690 3773 sedem,
1724 3716 1826 3772 sibi

251 3788 581 3856 conquirant
627 3790 681 3844 in
717 3790 923 3846 Boreali
970 3800 1124 3861 parte
1155 3790 1358 3860 Magna:
1409 3790 1698 3843 Britannia:
1722 3806 1735 3853 ;
1763 3789 1828 3843 ad

246 3874 373 3944 eam
399 3873 510 3913 rem
541 3861 742 3916 auxilia
783 3879 841 3918 se
868 3863 1206 3944 prmstituros
1234 3861 1332 3944 ex
1367 3861 1654 3944 Fioi'ilcgo)
1688 3861 1828 3944 quod

247 3931 543 4004 ctiauiipro
573 3941 695 4004 voto
740 3931 983 4004 contigit.
1020 3933 1152 3985 Picti
1193 3933 1357 4004 igitur
1401 3933 1628 3986 Albania
1673 3932 1828 4004 potiti

248 4017 376 4070 quae
406 4001 682 4073 Borealior
710 4013 793 4058 est
828 4001 1015 4058 insula:
1044 4001 1493 4072 Britanniaepars,
1512 4019 1709 4058 uxores
1730 4003 1832 4073 pri-

248 4086 402 4126 mum
459 4088 486 4143 a
520 4072 697 4128 Scotis
751 4074 1061 4129 Hiberniam
1109 4075 1464 4129 incolentibus
1511 4072 1833 4143 impetrave-

249 4151 400 4197 runt.
446 4141 579 4199 Cum
608 4143 916 4200 Britonibus
960 4145 1152 4202 deinde
1180 4145 1502 4207 Caledoniis,
1546 4141 1664 4199 sitis
1692 4145 1832 4200 ultra

250 4228 470 4268 murum
515 4215 759 4270 dividens
794 4216 1127 4271 Britanniam
1158 4217 1451 4270 Romanam
1485 4232 1512 4269 a
1555 4214 1832 4270 Britannia

250 4285 649 4354 indigenarum,
673 4301 766 4342 seu
787 4287 1098 4351 Caledonia,
1123 4303 1244 4356 qua:
1268 4296 1321 4340 et
1345 4286 1524 4341 Scotia
1550 4288 1830 4348 hodierna,

251 4370 466 4424 pacem,
497 4358 810 4422 amicitiam,
855 4366 910 4412 et
959 4357 1224 4412 connubia
1269 4366 1670 4412 contraxerunt.
1709 4358 1834 4412 Haec

251 4428 428 4496 prima
471 4427 678 4483 colonia
711 4427 980 4483 Pictorum
1007 4428 1105 4482 fuit
1135 4430 1186 4482 in
1214 4443 1318 4497 qua
1359 4427 1489 4482 Picti
1515 4427 1832 4482 Caledonio-

1925 468 2124 540 Christi
2175 469 2372 524 szeculu
2418 469 2696 540 Borealem
2716 469 2934 540 Magna:
2959 471 3252 526 Britannia:
3286 479 3498 540 partem

1926 539 2063 592 ultra
2131 540 2404 594 Romanos
2454 539 2589 593 lines
2611 541 2680 593 ita
2707 539 2871 594 fuisse
2901 541 3186 596 obnoxiam
3235 539 3499 595 bellorum

1925 611 2162 664 motibus
2217 610 2385 664 ferme
2429 609 2742 673 coutinuis,
2789 620 2848 664 ut
2888 612 3292 680 episcotiattmm
3327 611 3380 665 in
3435 626 3499 665 ea

1923 680 2302 751 erigendorum
2331 681 2417 733 vix
2449 680 2554 733 u'la
2591 681 2806 736 occasio
2841 697 2960 737 sese
2988 683 3278 751 praebuerit
3317 698 3331 734 :
3373 696 3502 736 con-

1924 761 2104 805 stante
2131 750 2310 823 reguia
2344 752 2591 823 superius
2627 752 2860 807 indicata
2893 750 3206 823 pontiﬁcum
3233 751 3502 806 Romano-

1927 837 2067 886 rum,
2094 838 2167 876 ne
2188 821 2522 892 episcopales
2550 824 2703 876 sedes
2729 823 2799 877 ibi
2827 821 3114 877 fundarent
3141 835 3502 892 pra‘propere,

1925 891 2012 945 ubi
2039 890 2277 946 nondum
2312 891 2522 946 ﬁrmata
2569 908 2721 961 pace,
2754 904 2805 947 et
2834 890 3169 949 consolidato
3213 901 3356 948 statu
3388 890 3505 960 ejus

1925 964 2234 1032 reipublicae
2262 962 2437 1016 timeri
2471 971 2651 1031 posset
2673 979 2765 1017 eas
2789 963 2946 1017 facile
2988 963 3244 1018 ruituras.
3279 961 3505 1032 Quando

1925 1031 2089 1098 igitur
2135 1041 2437 1104 memorant
2475 1042 2722 1104 attctorcs
2764 1034 3006 1104 producti
3037 1051 3065 1088 a
3103 1032 3322 1104 laudato
3346 1031 3507 1104 Patre

1925 1103 2185 1158 Micbacle
2211 1102 2452 1157 Alfordio
2482 1103 2533 1156 i-‘n
2574 1102 2827 1160 Ecclesia:
2871 1102 3195 1158 Britannica:
3225 1102 3508 1160 annalibus

1924 1175 1990 1247 ad
2021 1190 2241 1247 annum
2266 1173 2464 1247 Christi
2507 1172 2614 1227 ζ203
2643 1174 2962 1247 rogationem
3015 1175 3379 1247 institutama
3405 1171 3509 1226 Co-

1925 1244 2120 1315 dualdo
2148 1244 2564 1298 Caledoniorum
2599 1243 2722 1314 rege
2754 1247 2819 1300 ad
2849 1245 3152 1300 Romanum
3197 1243 3508 1315 pontificem

1927 1313 2241 1387 Victorem,
2291 1315 2538 1384 exemplo
2610 1313 2758 1387 Lucii
2813 1317 2995 1386 regis,
3041 1316 3130 1387 qui
3181 1313 3340 1387 paulo
3384 1322 3510 1387 ante

1927 1384 2136 1456 legatos
2189 1386 2458 1440 direxerat
2489 1387 2554 1439 ad
2590 1386 2818 1441 Victoris
2863 1384 3201 1442 decessorem
3241 1384 3510 1456 'Eletttbe-

1929 1455 2069 1529 rium
2100 1497 2114 1520 ,
2145 1466 2224 1529 ut
2261 1456 2786 1529 Victorepiscopos,
2837 1474 2947 1512 sua:
3013 1458 3156 1529 genti
3208 1455 3512 1529 destinaret

1928 1528 1996 1581 ad
2025 1527 2350 1582 Christiana:
2388 1527 2910 1597 religionis'cultum
2962 1527 3036 1582 in“
3064 1543 3127 1582 ea
3174 1527 3512 1597 constituen-

1930 1598 2079 1663 dttm,
2110 1607 2166 1652 et
2194 1595 2508 1669 perhiberet
2545 1597 2894 1654 Pascliasium
2926 1600 3159 1669 legatum
3189 1595 3448 1652 Dodualii
3480 1611 3511 1669 a

1931 1666 2248 1742 successore
2277 1668 2518 1742 Victoris
2545 1669 2851 1742 Zephyrino
2897 1670 2948 1724 id
2983 1666 3314 1742 impetrasse
3345 1666 3513 1742 (quod

1863 1754 1903 1812 Β
1933 1739 2118 1812 vim"
2151 1737 2260 1808 iam
2315 1735 2711 1812 “9995335905
2748 1739 2971 1810 eiusque
3016 1735 3292 1794 Paschasii
3329 1735 3364 1790 a’
3388 1735 3516 1812 βο-

1935 1811 2132 1865 dualdo
2154 1806 2160 1808 “
2183 1824 2306 1891 rcge
2350 1809 2518 1891 missi_
2543 1810 2612 1891 ad
2642 1806 2911 1891 Victorem
2955 1806 3513 1891 papantnmemoriam

1933 1895 2216 1950 superesse
2249 1877 2306 1934 in
2344 1880 2644 1951 menologio
2687 1883 2905 1938 Scotico
2939 1877 3122 1937 die—i2
3166 1877 3509 1951 Decembris:

1935 1951 1986 2007 id
2014 1950 2750 2022 putaverimintelligendum
2791 1963 3043 2022 tanquam
3082 1953 3259 2022 gentis
3300 1950 3514 2018 episco-

1931 2039 2059 2094 pum
2090 2021 2451 2094 nttll:e__adbuc
2479 2023 2590 2078 sedi
2625 2021 2921 2086 addictum,
2965 2040 3059 2078 seu
3084 2021 3356 2094 Vicarium
3385 2035 3516 2094 ampo-

1932 2090 2180 2150 stolicum
2237 2091 2422 2146 Victor
2463 2095 2809 2148 concesserit.
2870 2096 3010 2150 Vero
3058 2106 3235 2148 tamen
3285 2090 3516 2145 similius

1931 2166 2164 2248 videtur,
2195 2163 2820 2248 Eboracensilepiscopo
2866 2164 3226 2248 iii-Britannia
3274 2163 3514 2248 Romana

1926 2235 2039 2306 jam
2084 2235 2358 2300 instituto,
2391 2235 2459 2287 ab
2495 2233 2806 2306 Eleutherio
2844 2246 2898 2292 et
2938 2236 3155 2292 Victore
3202 2233 3514 2290 mandatum

1932 2305 1992 2360 ut
2022 2306 2358 2368 Caledonios,
2401 2314 2456 2358 et
2500 2305 2735 2371 Maeatas,
2767 2316 2821 2361 et
2847 2308 3131 2362 Albaniam
3158 2320 3391 2364 onmem,
3422 2316 3516 2356 seti

1933 2377 2139 2447 Magna:
2209 2376 2500 2447 Britannia:
2553 2385 2763 2446 partem
2815 2377 3094 2433 Borealem
3145 2393 3242 2446 per
3296 2374 3518 2447 idoneus

1891 2449 1897 2453 ’
1933 2442 2182 2504 (Ιοεῖιοτθε
2219 2442 2708 2502 (ΖΙιτίεῑίθηωῚΜοί
2763 2457 2980 2503 curaret
3019 2442 3316 2511 associarc;
3366 2442 3518 2512 enjtts

1932 2522 2010 2576 rei
2043 2518 2264 2588 felicius
2281 2517 2598 2588 peragenda:
2628 2531 2788 2572 causa
2824 2519 2875 2572 in
2901 2521 3116 2573 eosdem
3149 2517 3373 2588 populos
3395 2514 3518 2582 jura

1933 2584 2295 2645 Eboracensis
2327 2584 2470 2643 sedis
2522 2587 2700 2644 Victor
2741 2591 3064 2644 extenderit.
3109 2584 3361 2644 Concessi
3391 2598 3521 2654 ergo

1933 2661 2246 2732 creduntur
2275 2675 2302 2713 a
2342 2658 2588 2732 proximo
2629 2659 2884 2732 episcopo
2915 2659 3211 2732 presbyteri
3242 2669 3294 2732 et
3337 2659 3520 2711 docto-

1934 2747 2019 2786 res
2053 2730 2373 2786 Christiana:
2399 2729 2552 2802 legis,
2584 2731 2672 2802 qui
2715 2731 2888 2785 eidem
2916 2729 3187 2802 episcopo
3217 2729 3517 2802 subessent,

1931 2803 2102 2858 donec
2151 2803 2364 2855 firmato
2398 2801 2634 2870 regionis
2680 2811 2840 2868 statu,
2889 2811 2943 2856 et
2969 2800 3109 2857 civili
3138 2800 3522 2863 dominatione,

1932 2875 2252 2942 compos't-i,
2285 2882 2492 2940 tempus
2519 2881 2793 2941 appeteret
2823 2873 3078 2928 fundandi
3118 2873 3274 2927 sedes
3315 2871 3525 2941 episco-

1932 2945 2078 3013 pales
2114 2945 2254 2998 intra
2277 2944 2498 3013 eosdem
2540 2943 2765 3012 populos
2807 2959 2874 2998 ex
2901 2943 3229 3007 Caledoniis,
3258 2942 3519 3005 Britonis,

1931 3012 2115 3076 Pictis,
2157 3023 2212 3067 et
2241 3012 2493 3067 Hibernis
2522 3013 2796 3068 collectos.
2840 3014 2994 3070 Licet
3038 3023 3218 3070 autem
3247 3015 3524 3082 Dempste-

1935 3101 2026 3140 rus
2056 3085 2107 3138 in
2130 3084 2402 3154 Apparatu
2436 3082 2529 3137 lib.
2565 3099 2659 3148 vn,
2700 3099 2817 3154 cap.
2843 3084 2898 3150 6,
2922 3085 3213 3141 contendat
3242 3100 3306 3139 ex
3332 3081 3525 3138 Jorda-

1931 3173 2032 3220 no,
2065 3155 2454 3209 Linteriensem
2484 3154 2780 3210 Ecclesiam
2825 3155 3164 3212 Scoticarum
3207 3154 3523 3224 antiquissi-

1929 3241 2072 3280 mam
2103 3227 2154 3280 in
2188 3224 2442 3297 Hibernia
2475 3235 2600 3280 tunc
2621 3241 2754 3297 esse
2789 3226 3062 3281 fundatam
3085 3269 3099 3293 ,
3139 3226 3301 3297 imjus
3345 3234 3522 3279 tamen

1929 3299 2246 3353 documenta
2279 3296 2543 3350 subvertit
2593 3295 2872 3361 Usserius;
2921 3308 2976 3353 et
3019 3297 3079 3352 P.
3123 3295 3378 3352 Alldrdus
3427 3312 3524 3362 op-

1928 3379 2160 3453 portune
2210 3367 2358 3448 addit
2413 3366 2938 3453 animadversionem
2981 3382 3013 3452 ,ε
3066 3384 3185 3453 qua:
3240 3367 3524 3453 tamne-itte

1931 3437 2258 3510 fnndalionis
2297 3439 2700 3510 persuasionem
2754 3455 2783 3493 a
2845 3439 3027 3495 Scotis
3083 3437 3214 3510 ipsis
3263 3437 3517 3510 excludit.

1929 3509 2245 3564 Considerat
2292 3508 2457 3570 enim,
2501 3510 2551 3562 in
2595 3510 2802 3564 duobus
2842 3508 3422 3566 conciliis'Basileensi
3470 3519 3526 3562 et

1929 3579 2329 3635 Constantiensi
2404 3589 2648 3653 oratores
2708 3581 2912 3653 Anglia:
2981 3582 3122 3653 regis
3172 3591 3280 3636 tam
3328 3581 3525 3635 acriter

1930 3653 2236 3722 disputasse
2245 3663 2376 3722 cum
2403 3650 2712 3722 oratoribus
2745 3651 2971 3705 aliorum
2999 3650 3181 3722 regum
3211 3653 3523 3708 occidenta-

1930 3718 2098 3782 lium,
2149 3718 2345 3790 quibus
2390 3719 2629 3789 prteferri
2678 3736 2736 3775 se
2783 3722 2982 3776 debere
3012 3718 3346 3777 asserebant.
3387 3722 3522 3776 Cum

1933 3793 2134 3863 Lucius
2161 3791 2305 3863 enim
2331 3805 2423 3845 rex
2455 3790 2743 3863 Britannus
2774 3792 2922 3863 prior
2951 3801 3188 3861 tempore
3226 3807 3390 3863 quam
3420 3807 3524 3845 ca:-

1931 3862 2034 3920 teri
2081 3861 2352 3918 Christum
2406 3861 2714 3925 adorasset,
2765 3861 2928 3916 etiam
2977 3863 3126 3916 Lucii
3181 3861 3525 3917 successores

1935 3934 2228 3990 Britannize
2255 3947 2409 4002 reges
2434 3931 2775 3986 alIirmabant
2797 3934 3032 4001 potiores
3058 3933 3244 3988 haberi
3273 3942 3524 4003 oportere

1933 4003 2335 4063 successoribus
2364 4003 2588 4058 aliorum
2614 4019 2801 4074 regum
2837 4003 3296 4060 Occidentalium:
3335 4023 3352 4054 ι
3391 4003 3520 4068 Cur,

1935 4076 2132 4147 inquit,
2165 4089 2270 4130 non
2301 4074 2845 4147 eodemargumento
2892 4085 3200 4147 pugnarunt
3237 4075 3524 4147 aliquando

1935 4143 2218 4206 Scotorum
2248 4146 2440 4216 reges?
2468 4143 2609 4198 Nam
2630 4160 2814 4200 revera
2849 4143 2905 4200 si
2935 4143 3241 4200 Dodualdus
3285 4145 3480 4201 Scottis
3508 4185 3522 4209 ,

1934 4231 1987 4275 et
2018 4219 2303 4289 Scotorum
2330 4231 2513 4285 regum
2531 4217 2736 4289 primus
2759 4218 2848 4286 qui
2881 4218 2983 4289 hoc
3007 4231 3148 4289 anno
3175 4218 3320 4289 (205)
3348 4217 3523 4285 δίψιίν

1937 4299 2110 4354 zatur,
2158 4287 2352 4343 fortius
2387 4301 2482 4356 pro
2533 4287 2818 4342 Scotorum
2861 4288 3152 4343 eminentia
3186 4287 3370 4359 'quant
3423 4302 3521 4357 pro

1937 4360 2122 4425 Lucio,
2171 4366 2444 4428 premeret
2489 4369 2883 4425 argumentum.
2925 4359 3082 4428 Auin
3131 4360 3276 4413 enim
3322 4368 3376 4413 et
3423 4373 3521 4410 no-

1939 4435 2104 4497 mine,
2145 4439 2199 4486 et
2240 4444 2318 4494 re,
2353 4437 2407 4482 et
2455 4430 2692 4494 natione,
2737 4440 2790 4486 et
2829 4439 2940 4484 toto
2990 4428 3102 4484 fere
3148 4430 3286 4484 ctelo
3327 4445 3366 4482 a.
3403 4429 3522 4482 Bri-

256 4495 375 4570 rum
423 4514 614 4570 nomen
667 4499 1028 4570 promiscuum
1078 4495 1398 4552 habuerunt.
1440 4498 1653 4569 Scytha:
1700 4515 1828 4555 vero
1861 4495 1906 4555 D
1935 4495 2115 4560 ianuis
2143 4498 2412 4570 dill’erunt.
2447 4498 2598 4555 Scoti
2630 4499 3061 4570 Septentrionem
3093 4510 3336 4555 nostrum
3387 4501 3527 4554 inse-

254 4566 357 4640 iili,
388 4583 479 4622 seu
507 4566 679 4634 Scoti,
703 4572 793 4640 qui
816 4568 928 4637 jatu
955 4569 1007 4623 in
1039 4570 1316 4631 Hibernia,
1351 4585 1444 4624 seu
1473 4566 1622 4624 lcrne
1645 4586 1834 4625 conse-

253 4639 472 4702 derant,
505 4649 562 4694 et
607 4639 805 4695 uxores
850 4641 1014 4694 Pictis
1043 4642 1458 4695 adventantibus
1501 4641 1832 4706 obtulerant,

250 4707 310 4764 in
341 4708 646 4782 Albionem,
695 4727 790 4766 seu
816 4711 1149 4772 Britanniam
1184 4727 1430 4782 magnam
1479 4710 1834 4782 transfretan-

255 4779 509 4852 tcsjnter
537 4783 754 4837 eosdem
789 4783 972 4837 Pictos
1003 4782 1194 4838 afiines
1227 4779 1423 4852 recepti
1469 4791 1613 4837 sunt.
1653 4781 1833 4848 Quare

251 4858 310 4904 et
337 4849 632 4924 Commodo
664 4853 982 4924 imperante,
1013 4864 1173 4924 atque
1210 4849 1496 4908 atfeciante
1539 4853 1836 4909 Britannici

254 4936 452 4976 nomen
481 4923 584 4994 sibi
615 4923 931 4994 comparare
961 4939 1055 4993 per
1089 4923 1285 4980 insula:
1331 4924 1494 4978 totius
1523 4924 1833 4994 acquisitio-

255 5006 381 5046 nem
408 4993 584 5049 valide
612 4992 927 5050 restiterunt
955 4992 971 5047 ἑ
1007 5005 1062 5048 et
1089 4995 1350 5064 Septimio
1377 4994 1580 5051 Severo
1606 4992 1830 5065 produ-

254 5077 382 5117 cere
409 5065 754 5120 contendenti
793 5065 1064 5121 Romanos
1096 5066 1230 5120 lines
1273 5067 1338 5119 ad
1371 5065 1611 5135 ejusdem
1644 5066 1832 5121 insula:

253 5148 387 5188 oras
437 5145 715 5206 extremas
762 5149 884 5191 sese
934 5146 1320 5206 opposuerunt,
1373 5137 1644 5190 communi
1690 5137 1832 5192 bello

253 5219 388 5276 cum
411 5205 674 5276 afﬁnibus
704 5205 1342 5270 Britannis,Caledoniis,
1374 5207 1537 5261 Pictis
1557 5219 1829 5276 suscepto,

255 5275 326 5328 ad
359 5275 730 5332 defensionem
758 5279 1122 5332 communium
1154 5277 1392 5332 Larium.
1441 5276 1627 5332 Severi
1678 5275 1829 5331 arma

254 5345 522 5412 victricia,
554 5347 682 5402 licet
716 5347 1006 5402 maximam
1051 5357 1257 5418 partem
1303 5348 1492 5402 insula:
1517 5348 1628 5418 jam
1671 5364 1833 5404 occu-

255 5428 497 5484 passent,
551 5426 789 5473 attamen
837 5433 867 5472 a
924 5423 1095 5488 patris
1138 5420 1481 5484 imperatoris
1532 5421 1682 5476 ubittt
1733 5420 1838 5474 alio

254 5501 517 5544 conversa
547 5499 675 5543 sunt
714 5505 810 5560 per
828 5488 1545 5560 AntoninumiCaracalium.
1583 5491 1683 5558 Qui
1722 5491 1840 5545 Bri-

258 5561 442 5615 tannis
472 5559 762 5624 veteribus,
805 5559 1136 5623 Caledoniis,
1162 5559 1331 5615 Pictis
1375 5577 1438 5614 ac
1476 5560 1656 5616 Scotis
1683 5561 1840 5617 resti-

257 5629 364 5683 tttit
388 5632 598 5701 priores
618 5635 774 5694 sedes
801 5649 813 5684 :
842 5630 1084 5686 fomitem
1114 5631 1350 5686 futurum
1379 5648 1641 5687 novorum
1671 5633 1838 5688 bello‘

257 5717 378 5755 rum
420 5705 520 5758 sub
559 5703 718 5761 Carm
741 5703 821 5754 sio
858 5711 913 5755 et
953 5703 1288 5770 Constantio,
1322 5711 1376 5756 ut
1408 5720 1471 5760 ex
1509 5703 1832 5768 llcrodiano,

260 5773 490 5842 aliisque
523 5779 721 5846 scrqtd
759 5775 874 5829 itus
901 5773 1188 5847 colligitur.

1937 4578 2131 4631 derunt
2159 4573 2175 4641 (
2208 4571 2253 4626 si
2292 4569 2470 4625 Scotis
2495 4580 2580 4624 est
2624 4569 2863 4627 habenda
2911 4571 3088 4640 ﬁdes)
3131 4573 3385 4626 trecentis
3433 4571 3527 4624 tri-

1936 4649 2084 4718 ginta
2112 4652 2236 4698 ante
2273 4649 2458 4718 natu_m
2485 4641 2756 4718 Christum
2803 4643 2982 4718 annis,
3030 4642 3288 4718 Ft'egusio
3332 4641 3524 4718 Scoto-

1939 4712 2056 4771 rum
2086 4729 2249 4784 rege:
2283 4722 2340 4767 ut
2391 4712 2663 4768 Douaidus
2705 4730 2766 4768 ex
2820 4713 3021 4784 eadem
3057 4712 3281 4784 origine,
3335 4713 3524 4770 eodem
3577 4726 3583 4732 ‘

1937 4781 2420 4857 saugttin'e,eot_lem
2455 4798 2676 4857 prorsus
2704 4784 2918 4857 nomine
2943 4781 3522 4857 H‘SCOJiSPCl'iIEDBlUI‘.

1937 4852 2176 4913 Cur'uon
2205 4855 2438 4910 exclusis
2465 4852 2669 4922 Anglis,
2709 4853 3028 4924 posthabitis
3075 4852 3297 4924 Gallis,
3332 4853 3524 4921 Hispa-

1940 4931 2152 4998 nisque,
2199 4941 2298 4996 pro
2327 4925 2498 4998 prima
2553 4923 2922 4998 in__conciliis_,
2977 4932 3032 4998 ei
3077 4923 3316 4998 Iioniana
3372 4924 3525 4978 curia

1938 4993 2065 5055 sede
2120 4993 2496 5066 disputarunt?
2552 5014 2568 5045 ι
2624 4993 2820 5049 Verum
2873 4994 2939 5049 dc
3008 4995 3264 5066 Dodual‘di
3336 5010 3532 5066 narra:

1940 5072 2102 5128 tione,
2159 5064 2218 5121 et
2260 5067 2324 5120 de
2371 5066 2544 5134 prima
2599 5073 2877 5119 oratorum
2929 5064 3198 5133 regiorum
3253 5065 3380 5121 sede
3437 5064 3527 5118 alii

1938 5143 2230 5209 disputent.
2273 5135 2451 5209 Nostri
2489 5137 2924 5209 argumentiest
2970 5137 3057 5209 hic
3087 5144 3317 5209 tantum,
3345 5137 3532 5209 inqui-

1939 5206 2059 5265 rere
2081 5210 2144 5264 de
2173 5207 2484 5262 fundatione
2511 5208 2718 5261 sedinm
2741 5206 3122 5276 episcopalium
3151 5207 3203 5260 in
3229 5207 3316 5261 illa
3343 5206 3530 5260 insulae

1939 5278 2231 5335 Britannia:
2273 5294 2366 5332 seu
2412 5278 2655 5333 Albiunis
2698 5287 2870 5400 parte,
2917 5293 3078 5346 quam
3124 5287 3250 5333 tunc
3304 5277 3531 5333 Caledo-

1940 5353 2084 5400 niam
2123 5349 2484 5400 aunellabaut.
2513 5349 2628 5400 sive
2651 5350 2689 5400 Λ
2719 5349 2955 5400 baniam.
2988 5365 3085 5400 nos
3116 5348 3529 5400 bodieScotiam

1940 5353 2084 5405 niam
2123 5349 2484 5418 appellabant,
2513 5349 2628 5402 sive
2651 5348 2955 5412 Albaniam,
2988 5365 3085 5403 nos
3116 5348 3529 5404 bodieScotiam

1937 5422 2186 5476 dicimus.
2245 5419 2432 5491 Serius
2481 5419 2722 5491 profecto
2769 5419 3017 5475 ducimus
3072 5421 3123 5475 in
3179 5437 3242 5474 ea
3311 5419 3529 5491 regione

1929 5492 2295 5562 'eonstitutasﬂ
2319 5489 2500 5545 fuisse
2528 5500 2706 5545 certas
2760 5492 2916 5546 sedes
2965 5489 3392 5562 episc0porum.’
3420 5489 3532 5562 Cur

1937 5564 2080 5617 enim
2129 5577 2192 5614 ex
2247 5561 2334 5615 illa
2398 5562 2672 5630 provincia
2729 5577 2834 5616 non
2892 5559 3238 5617 inveniuninr
3287 5559 3530 5630 episcopi

1937 5633 2196 5702 proximis
2234 5633 2483 5688 mlatibus
2525 5634 2817 5703 subsiguati
2859 5634 2909 5688 in
2957 5632 3240 5698 conciliis;
3290 5647 3410 5688 cum
3460 5644 3529 5682 ex

1939 5705 2212 5759 Britannia
2273 5703 2513 5758 Romana
2583 5703 2824 5771 eiusdem
2887 5704 3074 5758 insula:
3146 5712 3300 5773 parte
3374 5715 3534 5756 muro

1939 5775 2123 5831 Severi
2201 5776 2453 5834 distincta
2517 5785 2626 5832 ll‘CS
2691 5776 3029 5845 reperiantur
3097 5776 3149 5831 in
3225 5773 3526 5829 Arelatensi
