  <div class='ocr_page' id='page_1' title='image "/cluster/home/n/w/nwhite01/storage/ocr_20150623/127/hvd.32044015471683/656.png"; bbox 0 0 3954 6318; ppageno 0'>
   <div class='ocr_carea' id='block_1_1' title="bbox 77 300 181 355">
    <p class='ocr_par' dir='ltr' id='par_1_1' title="bbox 77 300 181 355">
     <span class='ocr_line' id='line_1_1' title="bbox 77 300 181 355; baseline -0.01 0"><span class='ocrx_word' id='word_1_1' title='bbox 77 300 181 355; x_wconf 75' lang='grc'><strong>501</strong></span> 
     </span>
    </p>
   </div>
   <div class='ocr_carea' id='block_1_2' title="bbox 899 296 2498 359">
    <p class='ocr_par' dir='ltr' id='par_1_2' title="bbox 899 296 2498 359">
     <span class='ocr_line' id='line_1_2' title="bbox 899 296 2498 359; baseline 0.004 -6"><span class='ocrx_word' id='word_1_2' title='bbox 899 296 1214 356; x_wconf 79' lang='lat' dir='ltr'><strong>HISTORIA</strong></span> <span class='ocrx_word' id='word_1_3' title='bbox 1255 299 1341 355; x_wconf 83' lang='lat' dir='ltr'><strong>DE</strong></span> <span class='ocrx_word' id='word_1_4' title='bbox 1383 298 1558 356; x_wconf 79' lang='lat' dir='ltr'><strong>VITIS</strong></span> <span class='ocrx_word' id='word_1_5' title='bbox 1596 299 1759 356; x_wconf 77' lang='lat' dir='ltr'><strong>ROM.</strong></span> <span class='ocrx_word' id='word_1_6' title='bbox 1799 300 2000 359; x_wconf 69' lang='lat' dir='ltr'><strong>PONT.</strong></span> <span class='ocrx_word' id='word_1_7' title='bbox 2031 333 2102 344; x_wconf 88' lang='lat'><strong><em>-—</em></strong></span> <span class='ocrx_word' id='word_1_8' title='bbox 2127 301 2182 358; x_wconf 89' lang='lat' dir='ltr'><strong>S.</strong></span> <span class='ocrx_word' id='word_1_9' title='bbox 2230 301 2498 359; x_wconf 76' lang='lat' dir='ltr'><strong>VICTOR.</strong></span> 
     </span>
    </p>
   </div>
   <div class='ocr_carea' id='block_1_3' title="bbox 3194 312 3332 369">
    <p class='ocr_par' dir='ltr' id='par_1_3' title="bbox 3194 312 3332 369">
     <span class='ocr_line' id='line_1_3' title="bbox 3194 312 3332 369; baseline -0.007 -1"><span class='ocrx_word' id='word_1_10' title='bbox 3194 314 3215 368; x_wconf 82' lang='grc' dir='ltr'><strong>Ι</strong></span> <span class='ocrx_word' id='word_1_11' title='bbox 3226 312 3332 369; x_wconf 71' lang='lat'><strong>3‘02</strong></span> 
     </span>
    </p>
   </div>
   <div class='ocr_carea' id='block_1_4' title="bbox 79 408 3326 497">
    <p class='ocr_par' dir='ltr' id='par_1_4' title="bbox 79 408 3326 497">
     <span class='ocr_line' id='line_1_4' title="bbox 79 408 3326 497; baseline 0.005 -32"><span class='ocrx_word' id='word_1_12' title='bbox 79 410 651 497; x_wconf 80' lang='lat' dir='ltr'><strong>tapostataededecus</strong></span> <span class='ocrx_word' id='word_1_13' title='bbox 673 408 1000 497; x_wconf 77' lang='lat' dir='ltr'><strong>declinaret,</strong></span> <span class='ocrx_word' id='word_1_14' title='bbox 1031 411 1494 497; x_wconf 53' lang='lat' dir='ltr'><strong>nialiiitlta‘resiin</strong></span> <span class='ocrx_word' id='word_1_15' title='bbox 1519 428 1636 496; x_wconf 48' lang='lat' dir='ltr'><strong>pro.</strong></span> <span class='ocrx_word' id='word_1_16' title='bbox 1669 416 1712 476; x_wconf 86' lang='grc' dir='ltr'>Λ</span> <span class='ocrx_word' id='word_1_17' title='bbox 1741 431 1906 497; x_wconf 79' lang='lat' dir='ltr'><strong>carne</strong></span> <span class='ocrx_word' id='word_1_18' title='bbox 1955 425 2219 497; x_wconf 75' lang='lat' dir='ltr'><strong>versatus.</strong></span> <span class='ocrx_word' id='word_1_19' title='bbox 2273 417 2530 497; x_wconf 81' lang='lat' dir='ltr'><strong>Percepta</strong></span> <span class='ocrx_word' id='word_1_20' title='bbox 2567 421 2748 497; x_wconf 83' lang='lat' dir='ltr'><strong>itaque</strong></span> <span class='ocrx_word' id='word_1_21' title='bbox 2804 425 3123 480; x_wconf 89' lang='lat' dir='ltr'><strong>auctoritate</strong></span> <span class='ocrx_word' id='word_1_22' title='bbox 3189 444 3326 497; x_wconf 69' lang='lat' dir='ltr'><strong>pne-</strong></span> 
     </span>
    </p>
   </div>
   <div class='ocr_carea' id='block_1_5' title="bbox 81 480 1640 550">
    <p class='ocr_par' dir='ltr' id='par_1_5' title="bbox 81 480 1640 550">
     <span class='ocr_line' id='line_1_5' title="bbox 81 480 1640 550; baseline 0.001 -15"><span class='ocrx_word' id='word_1_23' title='bbox 81 483 192 536; x_wconf 87' lang='lat' dir='ltr'><strong>teri</strong></span> <span class='ocrx_word' id='word_1_24' title='bbox 223 522 238 546; x_wconf 89' lang='lat'><strong>,</strong></span> <span class='ocrx_word' id='word_1_25' title='bbox 273 496 597 537; x_wconf 88' lang='lat' dir='ltr'><strong>asseverans</strong></span> <span class='ocrx_word' id='word_1_26' title='bbox 618 495 676 536; x_wconf 88' lang='lat' dir='ltr'><strong>se</strong></span> <span class='ocrx_word' id='word_1_27' title='bbox 706 497 827 534; x_wconf 89' lang='lat' dir='ltr'><strong>cum</strong></span> <span class='ocrx_word' id='word_1_28' title='bbox 857 480 1201 550; x_wconf 78' lang='lat' dir='ltr'><strong>abiuraverat</strong></span> <span class='ocrx_word' id='word_1_29' title='bbox 1229 480 1535 544; x_wconf 70' lang='lat' dir='ltr'><strong>Christum,</strong></span> <span class='ocrx_word' id='word_1_30' title='bbox 1564 483 1640 537; x_wconf 86' lang='lat' dir='ltr'><strong>iii-</strong></span> 
     </span>
    </p>
   </div>
   <div class='ocr_carea' id='block_1_6' title="bbox 81 550 1635 622">
    <p class='ocr_par' dir='ltr' id='par_1_6' title="bbox 81 550 1635 622">
     <span class='ocr_line' id='line_1_6' title="bbox 81 550 1635 622; baseline 0.001 -17"><span class='ocrx_word' id='word_1_31' title='bbox 81 554 121 605; x_wconf 90' lang='lat' dir='ltr'><strong>il</strong></span> <span class='ocrx_word' id='word_1_32' title='bbox 172 567 349 621; x_wconf 86' lang='lat' dir='ltr'><strong>supra</strong></span> <span class='ocrx_word' id='word_1_33' title='bbox 400 552 674 606; x_wconf 84' lang='lat' dir='ltr'><strong>hominem</strong></span> <span class='ocrx_word' id='word_1_34' title='bbox 713 550 1010 622; x_wconf 74' lang='lat' dir='ltr'><strong>abiurasse.</strong></span> <span class='ocrx_word' id='word_1_35' title='bbox 1060 553 1244 607; x_wconf 85' lang='lat' dir='ltr'><strong>Errori</strong></span> <span class='ocrx_word' id='word_1_36' title='bbox 1275 568 1370 608; x_wconf 90' lang='lat' dir='ltr'><strong>suo</strong></span> <span class='ocrx_word' id='word_1_37' title='bbox 1408 554 1635 622; x_wconf 88' lang='lat' dir='ltr'><strong>patroci-</strong></span> 
     </span>
    </p>
   </div>
   <div class='ocr_carea' id='block_1_7' title="bbox 77 621 1642 693">
    <p class='ocr_par' dir='ltr' id='par_1_7' title="bbox 77 621 1642 693">
     <span class='ocr_line' id='line_1_7' title="bbox 77 621 1642 693; baseline 0.002 -17"><span class='ocrx_word' id='word_1_38' title='bbox 77 624 201 677; x_wconf 84' lang='lat' dir='ltr'><strong>ium</strong></span> <span class='ocrx_word' id='word_1_39' title='bbox 243 623 606 692; x_wconf 89' lang='lat' dir='ltr'><strong>conquirebat</strong></span> <span class='ocrx_word' id='word_1_40' title='bbox 636 637 702 676; x_wconf 79' lang='lat' dir='ltr'><strong>ex</strong></span> <span class='ocrx_word' id='word_1_41' title='bbox 747 621 944 693; x_wconf 64' lang='lat' dir='ltr'><strong>divina:</strong></span> <span class='ocrx_word' id='word_1_42' title='bbox 981 622 1274 693; x_wconf 63' lang='lat' dir='ltr'><strong>Scriptura:</strong></span> <span class='ocrx_word' id='word_1_43' title='bbox 1321 621 1642 680; x_wconf 88' lang='lat' dir='ltr'><strong>testimoniis</strong></span> 
     </span>
    </p>
   </div>
   <div class='ocr_carea' id='block_1_8' title="bbox 75 692 1643 764">
    <p class='ocr_par' dir='ltr' id='par_1_8' title="bbox 75 692 1643 764">
     <span class='ocr_line' id='line_1_8' title="bbox 75 692 1643 764; baseline -0.001 -14"><span class='ocrx_word' id='word_1_44' title='bbox 75 709 350 764; x_wconf 85' lang='lat' dir='ltr'><strong>erperam</strong></span> <span class='ocrx_word' id='word_1_45' title='bbox 382 693 668 764; x_wconf 73' lang='lat' dir='ltr'><strong>eXplicatis</strong></span> <span class='ocrx_word' id='word_1_46' title='bbox 693 692 899 764; x_wconf 85' lang='lat' dir='ltr'><strong>proprii</strong></span> <span class='ocrx_word' id='word_1_47' title='bbox 946 708 1011 747; x_wconf 85' lang='lat' dir='ltr'><strong>ex</strong></span> <span class='ocrx_word' id='word_1_48' title='bbox 1047 692 1246 764; x_wconf 80' lang='lat' dir='ltr'><strong>ingenii</strong></span> <span class='ocrx_word' id='word_1_49' title='bbox 1292 693 1551 759; x_wconf 81' lang='lat' dir='ltr'><strong>libidine,</strong></span> <span class='ocrx_word' id='word_1_50' title='bbox 1584 704 1643 749; x_wconf 94' lang='lat' dir='ltr'><strong>ut</strong></span> 
     </span>
    </p>
   </div>
   <div class='ocr_carea' id='block_1_9' title="bbox 75 763 1640 834">
    <p class='ocr_par' dir='ltr' id='par_1_9' title="bbox 75 763 1640 834">
     <span class='ocr_line' id='line_1_9' title="bbox 75 763 1640 834; baseline 0.002 -17"><span class='ocrx_word' id='word_1_51' title='bbox 75 763 232 820; x_wconf 84' lang='lat' dir='ltr'><strong>olent</strong></span> <span class='ocrx_word' id='word_1_52' title='bbox 261 763 530 820; x_wconf 74' lang='lat' dir='ltr'><strong>hmretici.</strong></span> <span class='ocrx_word' id='word_1_53' title='bbox 577 763 732 818; x_wconf 79' lang='lat' dir='ltr'><strong>Hunc</strong></span> <span class='ocrx_word' id='word_1_54' title='bbox 775 763 939 834; x_wconf 91' lang='lat' dir='ltr'><strong>igitur</strong></span> <span class='ocrx_word' id='word_1_55' title='bbox 970 763 1154 819; x_wconf 85' lang='lat' dir='ltr'><strong>Victor</strong></span> <span class='ocrx_word' id='word_1_56' title='bbox 1182 764 1490 827; x_wconf 80' lang='lat' dir='ltr'><strong>damnavit,</strong></span> <span class='ocrx_word' id='word_1_57' title='bbox 1529 773 1584 820; x_wconf 91' lang='lat' dir='ltr'><strong>et</strong></span> <span class='ocrx_word' id='word_1_58' title='bbox 1611 779 1640 820; x_wconf 88' lang='lat' dir='ltr'><strong>a</strong></span> 
     </span>
    </p>
   </div>
   <div class='ocr_carea' id='block_1_10' title="bbox 83 835 1644 907">
    <p class='ocr_par' dir='ltr' id='par_1_10' title="bbox 83 835 1644 907">
     <span class='ocr_line' id='line_1_10' title="bbox 83 835 1644 907; baseline 0.001 -18"><span class='ocrx_word' id='word_1_59' title='bbox 83 836 302 890; x_wconf 89' lang='lat' dir='ltr'><strong>delium</strong></span> <span class='ocrx_word' id='word_1_60' title='bbox 333 835 717 907; x_wconf 81' lang='lat' dir='ltr'><strong>communione</strong></span> <span class='ocrx_word' id='word_1_61' title='bbox 763 835 1022 907; x_wconf 75' lang='lat' dir='ltr'><strong>removit,</strong></span> <span class='ocrx_word' id='word_1_62' title='bbox 1073 843 1328 907; x_wconf 86' lang='lat' dir='ltr'><strong>tanquam</strong></span> <span class='ocrx_word' id='word_1_63' title='bbox 1362 845 1644 907; x_wconf 86' lang='lat' dir='ltr'><strong>corrupto-</strong></span> 
     </span>
    </p>
   </div>
   <div class='ocr_carea' id='block_1_11' title="bbox 75 904 1644 976">
    <p class='ocr_par' dir='ltr' id='par_1_11' title="bbox 75 904 1644 976">
     <span class='ocr_line' id='line_1_11' title="bbox 75 904 1644 976; baseline 0.001 -16"><span class='ocrx_word' id='word_1_64' title='bbox 75 921 164 960; x_wconf 88' lang='lat' dir='ltr'><strong>em</strong></span> <span class='ocrx_word' id='word_1_65' title='bbox 208 907 479 962; x_wconf 72' lang='lat' dir='ltr'><strong>doctrina:</strong></span> <span class='ocrx_word' id='word_1_66' title='bbox 508 904 807 976; x_wconf 67' lang='lat' dir='ltr'><strong>catholicae.</strong></span> <span class='ocrx_word' id='word_1_67' title='bbox 844 905 972 976; x_wconf 85' lang='lat' dir='ltr'><strong>Ejus</strong></span> <span class='ocrx_word' id='word_1_68' title='bbox 1000 905 1217 960; x_wconf 90' lang='lat' dir='ltr'><strong>sectarii</strong></span> <span class='ocrx_word' id='word_1_69' title='bbox 1246 919 1356 976; x_wconf 89' lang='lat' dir='ltr'><strong>quo</strong></span> <span class='ocrx_word' id='word_1_70' title='bbox 1389 921 1448 961; x_wconf 91' lang='lat' dir='ltr'><strong>se</strong></span> <span class='ocrx_word' id='word_1_71' title='bbox 1485 904 1644 975; x_wconf 80' lang='lat' dir='ltr'><strong>perti-</strong></span> 
     </span>
    </p>
   </div>
   <div class='ocr_carea' id='block_1_12' title="bbox 84 975 1644 1044">
    <p class='ocr_par' dir='ltr' id='par_1_12' title="bbox 84 975 1644 1044">
     <span class='ocr_line' id='line_1_12' title="bbox 84 975 1644 1044; baseline 0.002 -15"><span class='ocrx_word' id='word_1_72' title='bbox 84 977 253 1032; x_wconf 86' lang='lat' dir='ltr'><strong>acius</strong></span> <span class='ocrx_word' id='word_1_73' title='bbox 277 985 589 1040; x_wconf 88' lang='lat' dir='ltr'><strong>tuerentur,</strong></span> <span class='ocrx_word' id='word_1_74' title='bbox 611 975 893 1044; x_wconf 76' lang='lat' dir='ltr'><strong>iactabant</strong></span> <span class='ocrx_word' id='word_1_75' title='bbox 923 1016 937 1041; x_wconf 93' lang='lat'><strong>,</strong></span> <span class='ocrx_word' id='word_1_76' title='bbox 990 991 1049 1032; x_wconf 89' lang='lat' dir='ltr'><strong>se</strong></span> <span class='ocrx_word' id='word_1_77' title='bbox 1075 976 1341 1031; x_wconf 70' lang='lat' dir='ltr'><strong>Romana:</strong></span> <span class='ocrx_word' id='word_1_78' title='bbox 1377 976 1520 1032; x_wconf 87' lang='lat' dir='ltr'><strong>sedis</strong></span> <span class='ocrx_word' id='word_1_79' title='bbox 1549 977 1644 1032; x_wconf 88' lang='lat' dir='ltr'><strong>do-</strong></span> 
     </span>
    </p>
   </div>
   <div class='ocr_carea' id='block_1_13' title="bbox 76 1045 1643 1117">
    <p class='ocr_par' dir='ltr' id='par_1_13' title="bbox 76 1045 1643 1117">
     <span class='ocr_line' id='line_1_13' title="bbox 76 1045 1643 1117; baseline -0.001 -16"><span class='ocrx_word' id='word_1_80' title='bbox 76 1047 290 1102; x_wconf 90' lang='lat' dir='ltr'><strong>trinam</strong></span> <span class='ocrx_word' id='word_1_81' title='bbox 338 1056 531 1103; x_wconf 81' lang='lat' dir='ltr'><strong>exacte</strong></span> <span class='ocrx_word' id='word_1_82' title='bbox 557 1046 802 1117; x_wconf 89' lang='lat' dir='ltr'><strong>proﬁteri</strong></span> <span class='ocrx_word' id='word_1_83' title='bbox 830 1061 860 1101; x_wconf 85' lang='lat' dir='ltr'><strong>a</strong></span> <span class='ocrx_word' id='word_1_84' title='bbox 906 1045 1202 1115; x_wconf 88' lang='lat' dir='ltr'><strong>majoribus</strong></span> <span class='ocrx_word' id='word_1_85' title='bbox 1237 1047 1488 1102; x_wconf 83' lang='lat' dir='ltr'><strong>traditam</strong></span> <span class='ocrx_word' id='word_1_86' title='bbox 1509 1088 1524 1113; x_wconf 94' lang='lat'><strong>,</strong></span> <span class='ocrx_word' id='word_1_87' title='bbox 1557 1049 1643 1100; x_wconf 84' lang='lat' dir='ltr'><strong>ni-</strong></span> 
     </span>
    </p>
   </div>
   <div class='ocr_carea' id='block_1_14' title="bbox 81 1117 1645 1190">
    <p class='ocr_par' dir='ltr' id='par_1_14' title="bbox 81 1117 1645 1190">
     <span class='ocr_line' id='line_1_14' title="bbox 81 1117 1645 1190; baseline 0.001 -19"><span class='ocrx_word' id='word_1_88' title='bbox 81 1119 243 1187; x_wconf 88' lang='lat' dir='ltr'><strong>ilque</strong></span> <span class='ocrx_word' id='word_1_89' title='bbox 267 1134 298 1173; x_wconf 88' lang='lat' dir='ltr'><strong>a</strong></span> <span class='ocrx_word' id='word_1_90' title='bbox 315 1134 374 1176; x_wconf 89' lang='lat' dir='ltr'><strong>se</strong></span> <span class='ocrx_word' id='word_1_91' title='bbox 397 1118 600 1190; x_wconf 85' lang='lat' dir='ltr'><strong>vulgari</strong></span> <span class='ocrx_word' id='word_1_92' title='bbox 625 1126 716 1172; x_wconf 86' lang='lat' dir='ltr'><strong>aut</strong></span> <span class='ocrx_word' id='word_1_93' title='bbox 737 1117 940 1190; x_wconf 81' lang='lat' dir='ltr'><strong>doceri,</strong></span> <span class='ocrx_word' id='word_1_94' title='bbox 968 1133 1129 1190; x_wconf 77' lang='lat' dir='ltr'><strong>quam</strong></span> <span class='ocrx_word' id='word_1_95' title='bbox 1152 1132 1214 1171; x_wconf 92' lang='lat' dir='ltr'><strong>ea</strong></span> <span class='ocrx_word' id='word_1_96' title='bbox 1240 1132 1359 1188; x_wconf 76' lang='lat' dir='ltr'><strong>quae</strong></span> <span class='ocrx_word' id='word_1_97' title='bbox 1382 1119 1432 1172; x_wconf 95' lang='lat' dir='ltr'><strong>in</strong></span> <span class='ocrx_word' id='word_1_98' title='bbox 1458 1117 1645 1190; x_wconf 56' lang='lat' dir='ltr'><strong>Ecclee</strong></span> 
     </span>
    </p>
   </div>
   <div class='ocr_carea' id='block_1_15' title="bbox 75 1186 1646 1259">
    <p class='ocr_par' dir='ltr' id='par_1_15' title="bbox 75 1186 1646 1259">
     <span class='ocr_line' id='line_1_15' title="bbox 75 1186 1646 1259; baseline 0.002 -18"><span class='ocrx_word' id='word_1_99' title='bbox 75 1186 366 1259; x_wconf 32' lang='lat' dir='ltr'><strong>ia’tradita</strong></span> <span class='ocrx_word' id='word_1_100' title='bbox 415 1198 471 1245; x_wconf 89' lang='lat' dir='ltr'><strong>et</strong></span> <span class='ocrx_word' id='word_1_101' title='bbox 493 1186 728 1258; x_wconf 52' lang='lat' dir='ltr'><strong>&#39;reccpta</strong></span> <span class='ocrx_word' id='word_1_102' title='bbox 767 1186 998 1259; x_wconf 67' lang='lat' dir='ltr'><strong>fuerant</strong></span> <span class='ocrx_word' id='word_1_103' title='bbox 1025 1201 1055 1240; x_wconf 91' lang='lat' dir='ltr'><strong>a</strong></span> <span class='ocrx_word' id='word_1_104' title='bbox 1091 1186 1272 1243; x_wconf 32' lang='lat' dir='ltr'><strong>Petro‘</strong></span> <span class='ocrx_word' id='word_1_105' title='bbox 1300 1188 1543 1259; x_wconf 90' lang='lat' dir='ltr'><strong>apostolo</strong></span> <span class='ocrx_word' id='word_1_106' title='bbox 1578 1189 1646 1244; x_wconf 88' lang='lat' dir='ltr'><strong>ad</strong></span> 
     </span>
    </p>
   </div>
   <div class='ocr_carea' id='block_1_16' title="bbox 76 1257 1648 1330">
    <p class='ocr_par' dir='ltr' id='par_1_16' title="bbox 76 1257 1648 1330">
     <span class='ocr_line' id='line_1_16' title="bbox 76 1257 1648 1330; baseline 0.001 -18"><span class='ocrx_word' id='word_1_107' title='bbox 76 1258 340 1316; x_wconf 65' lang='lat' dir='ltr'><strong>’ictorem</strong></span> <span class='ocrx_word' id='word_1_108' title='bbox 366 1279 381 1315; x_wconf 90' lang='lat'><strong>:</strong></span> <span class='ocrx_word' id='word_1_109' title='bbox 409 1257 738 1329; x_wconf 87' lang='lat' dir='ltr'><strong>imputantes</strong></span> <span class='ocrx_word' id='word_1_110' title='bbox 758 1257 1070 1330; x_wconf 85' lang='lat' dir='ltr'><strong>Zephyrino</strong></span> <span class='ocrx_word' id='word_1_111' title='bbox 1094 1257 1498 1330; x_wconf 85' lang='lat' dir='ltr'><strong>perversionem</strong></span> <span class='ocrx_word' id='word_1_112' title='bbox 1523 1262 1648 1330; x_wconf 89' lang='lat' dir='ltr'><strong>dog-</strong></span> 
     </span>
    </p>
   </div>
   <div class='ocr_carea' id='block_1_17' title="bbox 76 1329 1644 1400">
    <p class='ocr_par' dir='ltr' id='par_1_17' title="bbox 76 1329 1644 1400">
     <span class='ocr_line' id='line_1_17' title="bbox 76 1329 1644 1400; baseline 0.002 -19"><span class='ocrx_word' id='word_1_113' title='bbox 76 1331 219 1386; x_wconf 76' lang='lat' dir='ltr'><strong>iatis</strong></span> <span class='ocrx_word' id='word_1_114' title='bbox 243 1347 312 1386; x_wconf 90' lang='lat' dir='ltr'><strong>ac</strong></span> <span class='ocrx_word' id='word_1_115' title='bbox 340 1331 638 1400; x_wconf 67' lang='lat' dir='ltr'><strong>disciplinm</strong></span> <span class='ocrx_word' id='word_1_116' title='bbox 665 1329 1108 1399; x_wconf 87' lang='lat' dir='ltr'><strong>corruptionem,</strong></span> <span class='ocrx_word' id='word_1_117' title='bbox 1136 1345 1297 1400; x_wconf 88' lang='lat' dir='ltr'><strong>quam</strong></span> <span class='ocrx_word' id='word_1_118' title='bbox 1329 1345 1358 1383; x_wconf 87' lang='lat' dir='ltr'><strong>a</strong></span> <span class='ocrx_word' id='word_1_119' title='bbox 1391 1329 1644 1385; x_wconf 86' lang='lat' dir='ltr'><strong>decesso-</strong></span> 
     </span>
    </p>
   </div>
   <div class='ocr_carea' id='block_1_18' title="bbox 75 1400 606 1458">
    <p class='ocr_par' dir='ltr' id='par_1_18' title="bbox 75 1400 606 1458">
     <span class='ocr_line' id='line_1_18' title="bbox 75 1400 606 1458; baseline 0.006 -6"><span class='ocrx_word' id='word_1_120' title='bbox 75 1400 206 1455; x_wconf 87' lang='lat' dir='ltr'><strong>ihus</strong></span> <span class='ocrx_word' id='word_1_121' title='bbox 231 1402 606 1458; x_wconf 74' lang='lat' dir='ltr'><strong>removebant.</strong></span> 
     </span>
    </p>
   </div>
   <div class='ocr_carea' id='block_1_19' title="bbox 116 1471 1678 1542">
    <p class='ocr_par' dir='ltr' id='par_1_19' title="bbox 116 1471 1678 1542">
     <span class='ocr_line' id='line_1_19' title="bbox 116 1471 1678 1542; baseline -0.001 -16"><span class='ocrx_word' id='word_1_122' title='bbox 116 1472 330 1528; x_wconf 91' lang='lat' dir='ltr'><strong>Verum</strong></span> <span class='ocrx_word' id='word_1_123' title='bbox 375 1473 660 1529; x_wconf 75' lang='lat' dir='ltr'><strong>orthodoxi</strong></span> <span class='ocrx_word' id='word_1_124' title='bbox 723 1473 1017 1542; x_wconf 88' lang='lat' dir='ltr'><strong>scriptores</strong></span> <span class='ocrx_word' id='word_1_125' title='bbox 1042 1471 1199 1529; x_wconf 90' lang='lat' dir='ltr'><strong>istius</strong></span> <span class='ocrx_word' id='word_1_126' title='bbox 1238 1472 1448 1537; x_wconf 76' lang='lat' dir='ltr'><strong>tetatis,</strong></span> <span class='ocrx_word' id='word_1_127' title='bbox 1502 1471 1678 1526; x_wconf 78' lang='lat' dir='ltr'><strong>frau-&#39;</strong></span> 
     </span>
    </p>
   </div>
   <div class='ocr_carea' id='block_1_20' title="bbox 78 1543 1648 1613">
    <p class='ocr_par' dir='ltr' id='par_1_20' title="bbox 78 1543 1648 1613">
     <span class='ocr_line' id='line_1_20' title="bbox 78 1543 1648 1613; baseline 0 -15"><span class='ocrx_word' id='word_1_128' title='bbox 78 1560 172 1598; x_wconf 87' lang='lat' dir='ltr'><strong>ein</strong></span> <span class='ocrx_word' id='word_1_129' title='bbox 229 1559 296 1599; x_wconf 88' lang='lat' dir='ltr'><strong>ac</strong></span> <span class='ocrx_word' id='word_1_130' title='bbox 347 1545 707 1600; x_wconf 85' lang='lat' dir='ltr'><strong>temeritatem</strong></span> <span class='ocrx_word' id='word_1_131' title='bbox 737 1543 1428 1613; x_wconf 87' lang='lat' dir='ltr'><strong>lmjusmodisectariorum</strong></span> <span class='ocrx_word' id='word_1_132' title='bbox 1477 1544 1648 1598; x_wconf 81' lang='lat' dir='ltr'><strong>mani-</strong></span> 
     </span>
    </p>
   </div>
   <div class='ocr_carea' id='block_1_21' title="bbox 76 1613 1647 1687">
    <p class='ocr_par' dir='ltr' id='par_1_21' title="bbox 76 1613 1647 1687">
     <span class='ocr_line' id='line_1_21' title="bbox 76 1613 1647 1687; baseline 0.001 -19"><span class='ocrx_word' id='word_1_133' title='bbox 76 1624 347 1687; x_wconf 67' lang='lat' dir='ltr'><strong>estarunt.</strong></span> <span class='ocrx_word' id='word_1_134' title='bbox 386 1615 699 1687; x_wconf 78' lang='lat' dir='ltr'><strong>Anonymus</strong></span> <span class='ocrx_word' id='word_1_135' title='bbox 726 1616 865 1687; x_wconf 92' lang='lat' dir='ltr'><strong>inter</strong></span> <span class='ocrx_word' id='word_1_136' title='bbox 888 1614 985 1669; x_wconf 92' lang='lat' dir='ltr'><strong>hos</strong></span> <span class='ocrx_word' id='word_1_137' title='bbox 1015 1613 1288 1687; x_wconf 83' lang='lat' dir='ltr'><strong>excellnit,</strong></span> <span class='ocrx_word' id='word_1_138' title='bbox 1316 1614 1406 1683; x_wconf 90' lang='lat' dir='ltr'><strong>qui</strong></span> <span class='ocrx_word' id='word_1_139' title='bbox 1445 1613 1647 1687; x_wconf 78' lang='lat' dir='ltr'><strong>eisdem</strong></span> 
     </span>
    </p>
   </div>
   <div class='ocr_carea' id='block_1_22' title="bbox 76 1684 1645 1756">
    <p class='ocr_par' dir='ltr' id='par_1_22' title="bbox 76 1684 1645 1756">
     <span class='ocr_line' id='line_1_22' title="bbox 76 1684 1645 1756; baseline -0.001 -17"><span class='ocrx_word' id='word_1_140' title='bbox 76 1686 308 1756; x_wconf 86' lang='lat' dir='ltr'><strong>pposuit</strong></span> <span class='ocrx_word' id='word_1_141' title='bbox 355 1684 558 1756; x_wconf 78' lang='lat' dir='ltr'><strong>scripta</strong></span> <span class='ocrx_word' id='word_1_142' title='bbox 599 1685 698 1740; x_wconf 91' lang='lat' dir='ltr'><strong>SS.</strong></span> <span class='ocrx_word' id='word_1_143' title='bbox 730 1686 975 1751; x_wconf 86' lang='lat' dir='ltr'><strong>Patrum,</strong></span> <span class='ocrx_word' id='word_1_144' title='bbox 1025 1685 1117 1755; x_wconf 92' lang='lat' dir='ltr'><strong>qui</strong></span> <span class='ocrx_word' id='word_1_145' title='bbox 1170 1686 1418 1740; x_wconf 78' lang='lat' dir='ltr'><strong>vixerant</strong></span> <span class='ocrx_word' id='word_1_146' title='bbox 1460 1684 1645 1756; x_wconf 84' lang='lat' dir='ltr'><strong>iisdem</strong></span> 
     </span>
    </p>
   </div>
   <div class='ocr_carea' id='block_1_23' title="bbox 1745 486 3327 564">
    <p class='ocr_par' dir='ltr' id='par_1_23' title="bbox 1745 486 3327 564">
     <span class='ocr_line' id='line_1_23' title="bbox 1745 486 3327 564; baseline 0.009 -25"><span class='ocrx_word' id='word_1_147' title='bbox 1745 486 1921 564; x_wconf 79' lang='lat' dir='ltr'><strong>dictus</strong></span> <span class='ocrx_word' id='word_1_148' title='bbox 1953 488 2374 564; x_wconf 77' lang='lat' dir='ltr'><strong>episcopusnon</strong></span> <span class='ocrx_word' id='word_1_149' title='bbox 2425 486 2596 564; x_wconf 73' lang='lat' dir='ltr'><strong>solum</strong></span> <span class='ocrx_word' id='word_1_150' title='bbox 2629 486 2695 546; x_wconf 77' lang='lat' dir='ltr'><strong>de</strong></span> <span class='ocrx_word' id='word_1_151' title='bbox 2725 509 2820 548; x_wconf 89' lang='lat' dir='ltr'><strong>sua</strong></span> <span class='ocrx_word' id='word_1_152' title='bbox 2871 496 3142 564; x_wconf 77' lang='lat' dir='ltr'><strong>provincia</strong></span> <span class='ocrx_word' id='word_1_153' title='bbox 3164 486 3204 562; x_wconf 80' lang='grc'><em>,’</em></span> <span class='ocrx_word' id='word_1_154' title='bbox 3233 499 3327 554; x_wconf 87' lang='lat' dir='ltr'><strong>sed</strong></span> 
     </span>
    </p>
   </div>
   <div class='ocr_carea' id='block_1_24' title="bbox 1744 557 3324 637">
    <p class='ocr_par' dir='ltr' id='par_1_24' title="bbox 1744 557 3324 637">
     <span class='ocr_line' id='line_1_24' title="bbox 1744 557 3324 637; baseline 0.008 -29"><span class='ocrx_word' id='word_1_155' title='bbox 1744 557 1905 637; x_wconf 77' lang='lat' dir='ltr'><strong>etiam</strong></span> <span class='ocrx_word' id='word_1_156' title='bbox 1955 557 2022 637; x_wconf 72' lang='lat' dir='ltr'><strong>de</strong></span> <span class='ocrx_word' id='word_1_157' title='bbox 2043 557 2315 637; x_wconf 37' lang='lat' dir='ltr'><strong>_diversi.s_</strong></span> <span class='ocrx_word' id='word_1_158' title='bbox 2332 559 2649 637; x_wconf 75' lang='lat' dir='ltr'><strong>regionibus</strong></span> <span class='ocrx_word' id='word_1_159' title='bbox 2669 579 2857 618; x_wconf 88' lang='lat' dir='ltr'><strong>omnes</strong></span> <span class='ocrx_word' id='word_1_160' title='bbox 2872 557 3176 637; x_wconf 68' lang='lat' dir='ltr'><strong>episcopos</strong></span> <span class='ocrx_word' id='word_1_161' title='bbox 3207 585 3324 621; x_wconf 84' lang='lat' dir='ltr'><strong>evn-</strong></span> 
     </span>
    </p>
   </div>
   <div class='ocr_carea' id='block_1_25' title="bbox 1743 626 3325 708">
    <p class='ocr_par' dir='ltr' id='par_1_25' title="bbox 1743 626 3325 708">
     <span class='ocr_line' id='line_1_25' title="bbox 1743 626 3325 708; baseline 0.009 -29"><span class='ocrx_word' id='word_1_162' title='bbox 1743 627 1912 708; x_wconf 20' lang='lat' dir='ltr'><strong>ca‘vit.</strong></span> <span class='ocrx_word' id='word_1_163' title='bbox 1955 626 2055 682; x_wconf 90' lang='lat' dir='ltr'><strong>Ubi</strong></span> <span class='ocrx_word' id='word_1_164' title='bbox 2079 643 2213 708; x_wconf 62' lang='grc' dir='ltr'><strong>ειιῐῐι</strong></span> <span class='ocrx_word' id='word_1_165' title='bbox 2395 626 2687 708; x_wconf 68' lang='lat' dir='ltr'><strong>multitudo</strong></span> <span class='ocrx_word' id='word_1_166' title='bbox 2734 626 3084 708; x_wconf 46' lang='lat' dir='ltr'><strong>sacerdotum.</strong></span> <span class='ocrx_word' id='word_1_167' title='bbox 3135 653 3325 693; x_wconf 79' lang='lat' dir='ltr'><strong>conve-</strong></span> 
     </span>
    </p>
   </div>
   <div class='ocr_carea' id='block_1_26' title="bbox 1744 699 3332 776">
    <p class='ocr_par' dir='ltr' id='par_1_26' title="bbox 1744 699 3332 776">
     <span class='ocr_line' id='line_1_26' title="bbox 1744 699 3332 776; baseline 0.008 -27"><span class='ocrx_word' id='word_1_168' title='bbox 1744 699 1844 760; x_wconf 90' lang='lat' dir='ltr'><strong>nit,</strong></span> <span class='ocrx_word' id='word_1_169' title='bbox 1899 706 2024 776; x_wconf 82' lang='lat' dir='ltr'><strong>tunc</strong></span> <span class='ocrx_word' id='word_1_170' title='bbox 2079 699 2410 776; x_wconf 76' lang='lat' dir='ltr'><strong>Theophilus</strong></span> <span class='ocrx_word' id='word_1_171' title='bbox 2449 703 2731 776; x_wconf 79' lang='lat' dir='ltr'><strong>episcopus</strong></span> <span class='ocrx_word' id='word_1_172' title='bbox 2774 706 2998 776; x_wconf 89' lang='lat' dir='ltr'><strong>protulit</strong></span> <span class='ocrx_word' id='word_1_173' title='bbox 3041 710 3332 762; x_wconf 82' lang='lat' dir='ltr'><strong>atietorita-</strong></span> 
     </span>
    </p>
   </div>
   <div class='ocr_carea' id='block_1_27' title="bbox 1747 770 3335 845">
    <p class='ocr_par' dir='ltr' id='par_1_27' title="bbox 1747 770 3335 845">
     <span class='ocr_line' id='line_1_27' title="bbox 1747 770 3335 845; baseline 0.008 -25"><span class='ocrx_word' id='word_1_174' title='bbox 1747 776 1853 845; x_wconf 82' lang='lat' dir='ltr'><strong>tem</strong></span> <span class='ocrx_word' id='word_1_175' title='bbox 1884 771 2052 845; x_wconf 46' lang='grc' dir='ltr'><strong>τιό-ξιξΔ</strong></span> <span class='ocrx_word' id='word_1_176' title='bbox 2065 770 2284 824; x_wconf 90' lang='lat' dir='ltr'><strong>missam</strong></span> <span class='ocrx_word' id='word_1_177' title='bbox 2314 770 2544 845; x_wconf 82' lang='lat' dir='ltr'><strong>Victoris</strong></span> <span class='ocrx_word' id='word_1_178' title='bbox 2572 770 2720 845; x_wconf 72' lang='lat' dir='ltr'><strong>papa:</strong></span> <span class='ocrx_word' id='word_1_179' title='bbox 2748 770 2850 839; x_wconf 59' lang='lat' dir='ltr'><strong>;&#39;et</strong></span> <span class='ocrx_word' id='word_1_180' title='bbox 2871 777 2997 844; x_wconf 86' lang='lat' dir='ltr'><strong>quid</strong></span> <span class='ocrx_word' id='word_1_181' title='bbox 3025 779 3124 833; x_wconf 91' lang='lat' dir='ltr'><strong>sibi</strong></span> <span class='ocrx_word' id='word_1_182' title='bbox 3154 781 3335 844; x_wconf 89' lang='lat' dir='ltr'><strong>operis</strong></span> 
     </span>
    </p>
   </div>
   <div class='ocr_carea' id='block_1_28' title="bbox 1749 837 3330 920">
    <p class='ocr_par' dir='ltr' id='par_1_28' title="bbox 1749 837 3330 920">
     <span class='ocr_line' id='line_1_28' title="bbox 1749 837 3330 920; baseline 0.008 -30"><span class='ocrx_word' id='word_1_183' title='bbox 1749 837 2290 920; x_wconf 40' lang='lat' dir='ltr'><strong>[t‘iissctﬂinjttnetttnr</strong></span> <span class='ocrx_word' id='word_1_184' title='bbox 2333 837 2606 920; x_wconf 62' lang='lat' dir='ltr'><strong>ostendit&#39;,</strong></span> <span class='ocrx_word' id='word_1_185' title='bbox 2642 837 2679 920; x_wconf 67' lang='grc' dir='ltr'><strong>ἰΔ</strong></span> <span class='ocrx_word' id='word_1_186' title='bbox 2722 837 2826 900; x_wconf 82' lang='lat' dir='ltr'><strong>etc.</strong></span> <span class='ocrx_word' id='word_1_187' title='bbox 2873 837 3108 920; x_wconf 74' lang='lat' dir='ltr'><strong>(Fragin.</strong></span> <span class='ocrx_word' id='word_1_188' title='bbox 3169 837 3330 902; x_wconf 81' lang='lat' dir='ltr'><strong>Coac.</strong></span> 
     </span>
    </p>
   </div>
   <div class='ocr_carea' id='block_1_29' title="bbox 1748 906 2968 985">
    <p class='ocr_par' dir='ltr' id='par_1_29' title="bbox 1748 906 2968 985">
     <span class='ocr_line' id='line_1_29' title="bbox 1748 906 2968 985; baseline 0.009 -25"><span class='ocrx_word' id='word_1_189' title='bbox 1748 906 1989 985; x_wconf 62' lang='grc' dir='ltr'><strong>Ραζᾳζειῖ,</strong></span> <span class='ocrx_word' id='word_1_190' title='bbox 2014 906 2152 979; x_wconf 79' lang='lat' dir='ltr'><strong>apud</strong></span> <span class='ocrx_word' id='word_1_191' title='bbox 2184 912 2474 985; x_wconf 34' lang='lat' dir='ltr'><strong>Bedatnude</strong></span> <span class='ocrx_word' id='word_1_192' title='bbox 2513 913 2734 985; x_wconf 66' lang='grc' dir='ltr'><strong>ᾼΞιιαὶιι.</strong></span> <span class='ocrx_word' id='word_1_193' title='bbox 2768 906 2968 985; x_wconf 75' lang='lat' dir='ltr'><strong>venio.)</strong></span> 
     </span>
    </p>
   </div>
   <div class='ocr_carea' id='block_1_30' title="bbox 1817 979 3336 1056">
    <p class='ocr_par' dir='ltr' id='par_1_30' title="bbox 1817 979 3336 1056">
     <span class='ocr_line' id='line_1_30' title="bbox 1817 979 3336 1056; baseline 0.005 -24"><span class='ocrx_word' id='word_1_194' title='bbox 1817 979 1948 1056; x_wconf 64' lang='lat' dir='ltr'><strong>Alia;</strong></span> <span class='ocrx_word' id='word_1_195' title='bbox 1974 995 2187 1056; x_wconf 78' lang='lat' dir='ltr'><strong>quoque</strong></span> <span class='ocrx_word' id='word_1_196' title='bbox 2227 983 2415 1056; x_wconf 65' lang='lat' dir='ltr'><strong>synodi</strong></span> <span class='ocrx_word' id='word_1_197' title='bbox 2447 983 2499 1038; x_wconf 92' lang='lat' dir='ltr'><strong>in</strong></span> <span class='ocrx_word' id='word_1_198' title='bbox 2530 979 2702 1040; x_wconf 54' lang='lat' dir='ltr'><strong>Po&#39;uto</strong></span> <span class='ocrx_word' id='word_1_199' title='bbox 2729 987 2828 1040; x_wconf 91' lang='lat' dir='ltr'><strong>sub</strong></span> <span class='ocrx_word' id='word_1_200' title='bbox 2856 979 3059 1051; x_wconf 83' lang='lat' dir='ltr'><strong>Palma,</strong></span> <span class='ocrx_word' id='word_1_201' title='bbox 3099 987 3152 1041; x_wconf 91' lang='lat' dir='ltr'><strong>in</strong></span> <span class='ocrx_word' id='word_1_202' title='bbox 3207 987 3336 1044; x_wconf 87' lang='lat' dir='ltr'><strong>Gal-</strong></span> 
     </span>
    </p>
   </div>
   <div class='ocr_carea' id='block_1_31' title="bbox 1745 1049 3336 1120">
    <p class='ocr_par' dir='ltr' id='par_1_31' title="bbox 1745 1049 3336 1120">
     <span class='ocr_line' id='line_1_31' title="bbox 1745 1049 3336 1120; baseline 0.006 -18"><span class='ocrx_word' id='word_1_203' title='bbox 1745 1049 1831 1103; x_wconf 90' lang='lat' dir='ltr'><strong>liis</strong></span> <span class='ocrx_word' id='word_1_204' title='bbox 1857 1051 1956 1104; x_wconf 87' lang='lat' dir='ltr'><strong>sub</strong></span> <span class='ocrx_word' id='word_1_205' title='bbox 1998 1049 2219 1117; x_wconf 64' lang='lat' dir='ltr'><strong>Irenaeo,</strong></span> <span class='ocrx_word' id='word_1_206' title='bbox 2256 1049 2324 1108; x_wconf 53' lang='lat' dir='ltr'><strong>&#39;in</strong></span> <span class='ocrx_word' id='word_1_207' title='bbox 2354 1053 2592 1110; x_wconf 86' lang='lat' dir='ltr'><strong>Osroena</strong></span> <span class='ocrx_word' id='word_1_208' title='bbox 2627 1055 2998 1120; x_wconf 90' lang='lat' dir='ltr'><strong>ﬁnitimorum,</strong></span> <span class='ocrx_word' id='word_1_209' title='bbox 3048 1049 3098 1112; x_wconf 89' lang='lat' dir='ltr'><strong>in</strong></span> <span class='ocrx_word' id='word_1_210' title='bbox 3129 1057 3336 1113; x_wconf 77' lang='lat' dir='ltr'><strong>Grmeia</strong></span> 
     </span>
    </p>
   </div>
   <div class='ocr_carea' id='block_1_32' title="bbox 1748 1120 3335 1202">
    <p class='ocr_par' dir='ltr' id='par_1_32' title="bbox 1748 1120 3335 1202">
     <span class='ocr_line' id='line_1_32' title="bbox 1748 1120 3335 1202; baseline 0.006 -30"><span class='ocrx_word' id='word_1_211' title='bbox 1748 1120 1847 1202; x_wconf 67' lang='lat' dir='ltr'><strong>sub</strong></span> <span class='ocrx_word' id='word_1_212' title='bbox 1881 1121 2199 1202; x_wconf 78' lang='lat' dir='ltr'><strong>Baccliylo,_</strong></span> <span class='ocrx_word' id='word_1_213' title='bbox 2221 1139 2428 1202; x_wconf 71' lang='lat' dir='ltr'><strong>necnon</strong></span> <span class='ocrx_word' id='word_1_214' title='bbox 2453 1127 2525 1202; x_wconf 47' lang='lat' dir='ltr'><strong>in</strong></span> <span class='ocrx_word' id='word_1_215' title='bbox 2581 1125 2712 1181; x_wconf 86' lang='lat' dir='ltr'><strong>aliis</strong></span> <span class='ocrx_word' id='word_1_216' title='bbox 2741 1127 3064 1202; x_wconf 63' lang='lat' dir='ltr'><strong>provinciis,</strong></span> <span class='ocrx_word' id='word_1_217' title='bbox 3107 1144 3335 1202; x_wconf 81' lang='lat' dir='ltr'><strong>quarum</strong></span> 
     </span>
    </p>
   </div>
   <div class='ocr_carea' id='block_1_33' title="bbox 1747 1189 3340 1254">
    <p class='ocr_par' dir='ltr' id='par_1_33' title="bbox 1747 1189 3340 1254">
     <span class='ocr_line' id='line_1_33' title="bbox 1747 1189 3340 1254; baseline 0.006 -10"><span class='ocrx_word' id='word_1_218' title='bbox 1747 1189 2138 1247; x_wconf 80' lang='lat' dir='ltr'><strong>l&#39;uitunanitiiis</strong></span> <span class='ocrx_word' id='word_1_219' title='bbox 2168 1192 2234 1248; x_wconf 91' lang='lat' dir='ltr'><strong>de</strong></span> <span class='ocrx_word' id='word_1_220' title='bbox 2275 1195 2418 1249; x_wconf 86' lang='lat' dir='ltr'><strong>sedis</strong></span> <span class='ocrx_word' id='word_1_221' title='bbox 2453 1194 2706 1251; x_wconf 75' lang='lat' dir='ltr'><strong>Romanze</strong></span> <span class='ocrx_word' id='word_1_222' title='bbox 2737 1189 2955 1252; x_wconf 82' lang='lat' dir='ltr'><strong>decreto</strong></span> <span class='ocrx_word' id='word_1_223' title='bbox 3004 1189 3340 1254; x_wconf 68' lang='lat' dir='ltr'><strong>observando</strong></span> 
     </span>
    </p>
   </div>
   <div class='ocr_carea' id='block_1_34' title="bbox 1747 1263 3341 1338">
    <p class='ocr_par' dir='ltr' id='par_1_34' title="bbox 1747 1263 3341 1338">
     <span class='ocr_line' id='line_1_34' title="bbox 1747 1263 3341 1338; baseline 0.005 -24"><span class='ocrx_word' id='word_1_224' title='bbox 1747 1276 2064 1338; x_wconf 68' lang='lat' dir='ltr'><strong>eonsensus.</strong></span> <span class='ocrx_word' id='word_1_225' title='bbox 2101 1281 2119 1314; x_wconf 81' lang='grc' dir='ltr'><strong>ι</strong></span> <span class='ocrx_word' id='word_1_226' title='bbox 2146 1263 2303 1318; x_wconf 83' lang='lat' dir='ltr'><strong>Aliud</strong></span> <span class='ocrx_word' id='word_1_227' title='bbox 2327 1267 2453 1338; x_wconf 84' lang='lat' dir='ltr'><strong>item</strong></span> <span class='ocrx_word' id='word_1_228' title='bbox 2482 1282 2634 1321; x_wconf 90' lang='lat' dir='ltr'><strong>conc.</strong></span> <span class='ocrx_word' id='word_1_229' title='bbox 2661 1267 2898 1338; x_wconf 90' lang='lat' dir='ltr'><strong>episcop.</strong></span> <span class='ocrx_word' id='word_1_230' title='bbox 2942 1268 3118 1331; x_wconf 88' lang='lat' dir='ltr'><strong>Ponti,</strong></span> <span class='ocrx_word' id='word_1_231' title='bbox 3144 1270 3341 1338; x_wconf 85' lang='lat' dir='ltr'><strong>quibus</strong></span> 
     </span>
    </p>
   </div>
   <div class='ocr_carea' id='block_1_35' title="bbox 1746 1330 3341 1404">
    <p class='ocr_par' dir='ltr' id='par_1_35' title="bbox 1746 1330 3341 1404">
     <span class='ocr_line' id='line_1_35' title="bbox 1746 1330 3341 1404; baseline 0.006 -21"><span class='ocrx_word' id='word_1_232' title='bbox 1746 1330 1982 1404; x_wconf 85' lang='lat' dir='ltr'><strong>Palmas,</strong></span> <span class='ocrx_word' id='word_1_233' title='bbox 2020 1341 2202 1404; x_wconf 87' lang='lat' dir='ltr'><strong>utpote</strong></span> <span class='ocrx_word' id='word_1_234' title='bbox 2247 1336 2654 1402; x_wconf 87' lang='lat' dir='ltr'><strong>antiquissimus</strong></span> <span class='ocrx_word' id='word_1_235' title='bbox 2694 1330 2750 1393; x_wconf 75' lang='lat' dir='ltr'><strong>et</strong></span> <span class='ocrx_word' id='word_1_236' title='bbox 2795 1330 3028 1394; x_wconf 78' lang='lat' dir='ltr'><strong>maxime</strong></span> <span class='ocrx_word' id='word_1_237' title='bbox 3077 1330 3341 1393; x_wconf 80' lang='lat' dir='ltr'><strong>veneran—</strong></span> 
     </span>
    </p>
   </div>
   <div class='ocr_carea' id='block_1_36' title="bbox 1749 1402 3340 1478">
    <p class='ocr_par' dir='ltr' id='par_1_36' title="bbox 1749 1402 3340 1478">
     <span class='ocr_line' id='line_1_36' title="bbox 1749 1402 3340 1478; baseline 0.006 -24"><span class='ocrx_word' id='word_1_238' title='bbox 1749 1402 1870 1478; x_wconf 78' lang='lat' dir='ltr'><strong>dus,</strong></span> <span class='ocrx_word' id='word_1_239' title='bbox 1926 1402 2268 1478; x_wconf 63' lang='lat' dir='ltr'><strong>praesidebat.</strong></span> <span class='ocrx_word' id='word_1_240' title='bbox 2318 1405 2476 1478; x_wconf 82' lang='lat' dir='ltr'><strong>Aliud</strong></span> <span class='ocrx_word' id='word_1_241' title='bbox 2524 1408 2889 1463; x_wconf 83' lang='lat' dir='ltr'><strong>Ecclesiarum</strong></span> <span class='ocrx_word' id='word_1_242' title='bbox 2936 1409 3150 1470; x_wconf 82' lang='lat' dir='ltr'><strong>Galliae,</strong></span> <span class='ocrx_word' id='word_1_243' title='bbox 3204 1425 3340 1478; x_wconf 88' lang='lat' dir='ltr'><strong>quas</strong></span> 
     </span>
    </p>
   </div>
   <div class='ocr_carea' id='block_1_37' title="bbox 1749 1472 3337 1548">
    <p class='ocr_par' dir='ltr' id='par_1_37' title="bbox 1749 1472 3337 1548">
     <span class='ocr_line' id='line_1_37' title="bbox 1749 1472 3337 1548; baseline 0.003 -22"><span class='ocrx_word' id='word_1_244' title='bbox 1749 1472 1981 1548; x_wconf 66' lang='lat' dir='ltr'><strong>Irenzetis</strong></span> <span class='ocrx_word' id='word_1_245' title='bbox 2011 1476 2230 1545; x_wconf 87' lang='lat' dir='ltr'><strong>regebat</strong></span> <span class='ocrx_word' id='word_1_246' title='bbox 2257 1475 2558 1546; x_wconf 89' lang='lat' dir='ltr'><strong>episcopus.</strong></span> <span class='ocrx_word' id='word_1_247' title='bbox 2590 1478 2748 1533; x_wconf 84' lang='lat' dir='ltr'><strong>Aliud</strong></span> <span class='ocrx_word' id='word_1_248' title='bbox 2771 1495 2932 1548; x_wconf 90' lang='lat' dir='ltr'><strong>porro</strong></span> <span class='ocrx_word' id='word_1_249' title='bbox 2954 1472 3337 1542; x_wconf 74' lang='lat' dir='ltr'><strong>Ecelesiariun,</strong></span> 
     </span>
    </p>
   </div>
   <div class='ocr_carea' id='block_1_38' title="bbox 1749 1543 3341 1618">
    <p class='ocr_par' dir='ltr' id='par_1_38' title="bbox 1749 1543 3341 1618">
     <span class='ocr_line' id='line_1_38' title="bbox 1749 1543 3341 1618; baseline 0.003 -22"><span class='ocrx_word' id='word_1_250' title='bbox 1749 1559 1867 1618; x_wconf 63' lang='lat' dir='ltr'><strong>quae</strong></span> <span class='ocrx_word' id='word_1_251' title='bbox 1902 1543 2218 1618; x_wconf 77' lang='lat' dir='ltr'><strong>Osroeiiam,</strong></span> <span class='ocrx_word' id='word_1_252' title='bbox 2256 1543 2311 1600; x_wconf 87' lang='lat' dir='ltr'><strong>et</strong></span> <span class='ocrx_word' id='word_1_253' title='bbox 2341 1543 2572 1616; x_wconf 81' lang='lat' dir='ltr'><strong>reliquas</strong></span> <span class='ocrx_word' id='word_1_254' title='bbox 2601 1550 2650 1602; x_wconf 93' lang='lat' dir='ltr'><strong>in</strong></span> <span class='ocrx_word' id='word_1_255' title='bbox 2682 1565 2747 1603; x_wconf 88' lang='lat' dir='ltr'><strong>eo</strong></span> <span class='ocrx_word' id='word_1_256' title='bbox 2772 1543 2890 1605; x_wconf 84' lang='lat' dir='ltr'><strong>loco</strong></span> <span class='ocrx_word' id='word_1_257' title='bbox 2917 1551 3161 1605; x_wconf 81' lang='lat' dir='ltr'><strong>civitates</strong></span> <span class='ocrx_word' id='word_1_258' title='bbox 3193 1551 3341 1618; x_wconf 59' lang='lat' dir='ltr'><strong>inca.</strong></span> 
     </span>
    </p>
   </div>
   <div class='ocr_carea' id='block_1_39' title="bbox 1749 1612 3342 1691">
    <p class='ocr_par' dir='ltr' id='par_1_39' title="bbox 1749 1612 3342 1691">
     <span class='ocr_line' id='line_1_39' title="bbox 1749 1612 3342 1691; baseline 0.006 -26"><span class='ocrx_word' id='word_1_259' title='bbox 1749 1612 1950 1691; x_wconf 81' lang='lat' dir='ltr'><strong>lehant.</strong></span> <span class='ocrx_word' id='word_1_260' title='bbox 1995 1615 2151 1691; x_wconf 75' lang='lat' dir='ltr'><strong>Aliud</strong></span> <span class='ocrx_word' id='word_1_261' title='bbox 2183 1612 2471 1691; x_wconf 71' lang='lat' dir='ltr'><strong>separatim</strong></span> <span class='ocrx_word' id='word_1_262' title='bbox 2521 1618 2768 1691; x_wconf 76' lang='lat' dir='ltr'><strong>Bacchyli</strong></span> <span class='ocrx_word' id='word_1_263' title='bbox 2797 1621 3196 1676; x_wconf 86' lang='lat' dir='ltr'><strong>Corinthiorum</strong></span> <span class='ocrx_word' id='word_1_264' title='bbox 3229 1615 3342 1689; x_wconf 86' lang='lat' dir='ltr'><strong>cpi-</strong></span> 
     </span>
    </p>
   </div>
   <div class='ocr_carea' id='block_1_40' title="bbox 1750 1685 3337 1768">
    <p class='ocr_par' dir='ltr' id='par_1_40' title="bbox 1750 1685 3337 1768">
     <span class='ocr_line' id='line_1_40' title="bbox 1750 1685 3337 1768; baseline 0.003 -28"><span class='ocrx_word' id='word_1_265' title='bbox 1750 1685 1936 1768; x_wconf 71' lang='lat' dir='ltr'><strong>scopi;</strong></span> <span class='ocrx_word' id='word_1_266' title='bbox 1975 1695 2029 1742; x_wconf 86' lang='lat' dir='ltr'><strong>et</strong></span> <span class='ocrx_word' id='word_1_267' title='bbox 2077 1685 2178 1740; x_wconf 87' lang='lat' dir='ltr'><strong>alia</strong></span> <span class='ocrx_word' id='word_1_268' title='bbox 2219 1685 2448 1768; x_wconf 71' lang='lat' dir='ltr'><strong>denique</strong></span> <span class='ocrx_word' id='word_1_269' title='bbox 2485 1685 2724 1768; x_wconf 68' lang='lat' dir='ltr'><strong>aliorum</strong></span> <span class='ocrx_word' id='word_1_270' title='bbox 2774 1706 2938 1762; x_wconf 88' lang='lat' dir='ltr'><strong>prope</strong></span> <span class='ocrx_word' id='word_1_271' title='bbox 2977 1685 3337 1768; x_wconf 59' lang='lat' dir='ltr'><strong>iiitiiii_toriiiii,</strong></span> 
     </span>
    </p>
   </div>
   <div class='ocr_carea' id='block_1_41' title="bbox 76 1755 3341 1830">
    <p class='ocr_par' dir='ltr' id='par_1_41' title="bbox 76 1755 3341 1830">
     <span class='ocr_line' id='line_1_41' title="bbox 76 1755 3341 1830; baseline 0.002 -21"><span class='ocrx_word' id='word_1_272' title='bbox 76 1755 390 1826; x_wconf 70' lang='lat' dir='ltr'><strong>emporibus</strong></span> <span class='ocrx_word' id='word_1_273' title='bbox 419 1755 486 1830; x_wconf 76' lang='lat' dir='ltr'><strong>ad</strong></span> <span class='ocrx_word' id='word_1_274' title='bbox 523 1756 912 1830; x_wconf 69' lang='lat' dir='ltr'><strong>defensionem</strong></span> <span class='ocrx_word' id='word_1_275' title='bbox 933 1756 1136 1830; x_wconf 65' lang='lat' dir='ltr'><strong>erroris</strong></span> <span class='ocrx_word' id='word_1_276' title='bbox 1167 1757 1247 1811; x_wconf 88' lang='lat' dir='ltr'><strong>sui</strong></span> <span class='ocrx_word' id='word_1_277' title='bbox 1286 1755 1518 1830; x_wconf 77' lang='lat' dir='ltr'><strong>delectis</strong></span> <span class='ocrx_word' id='word_1_278' title='bbox 1548 1771 1644 1826; x_wconf 90' lang='lat' dir='ltr'><strong>per</strong></span> <span class='ocrx_word' id='word_1_279' title='bbox 1674 1770 1718 1830; x_wconf 72' lang='grc' dir='ltr'><strong>Β</strong></span> <span class='ocrx_word' id='word_1_280' title='bbox 1748 1757 1984 1830; x_wconf 73' lang='lat' dir='ltr'><strong>quiuno</strong></span> <span class='ocrx_word' id='word_1_281' title='bbox 2017 1771 2307 1830; x_wconf 85' lang='lat' dir='ltr'><strong>consensu,</strong></span> <span class='ocrx_word' id='word_1_282' title='bbox 2331 1755 2640 1830; x_wconf 70' lang='lat' dir='ltr'><strong>judicioiiue</strong></span> <span class='ocrx_word' id='word_1_283' title='bbox 2671 1755 2798 1825; x_wconf 61' lang='lat' dir='ltr'><strong>uno&#39;,</strong></span> <span class='ocrx_word' id='word_1_284' title='bbox 2833 1755 3080 1816; x_wconf 72' lang='lat' dir='ltr'><strong>canalem</strong></span> <span class='ocrx_word' id='word_1_285' title='bbox 3111 1763 3175 1816; x_wconf 91' lang='lat' dir='ltr'><strong>de</strong></span> <span class='ocrx_word' id='word_1_286' title='bbox 3201 1762 3341 1816; x_wconf 91' lang='lat' dir='ltr'><strong>illius</strong></span> 
     </span>
    </p>
   </div>
   <div class='ocr_carea' id='block_1_42' title="bbox 80 1825 1640 1895">
    <p class='ocr_par' dir='ltr' id='par_1_42' title="bbox 80 1825 1640 1895">
     <span class='ocr_line' id='line_1_42' title="bbox 80 1825 1640 1895; baseline 0.002 -15"><span class='ocrx_word' id='word_1_287' title='bbox 80 1825 362 1882; x_wconf 86' lang='lat' dir='ltr'><strong>ovatores.</strong></span> <span class='ocrx_word' id='word_1_288' title='bbox 403 1827 556 1895; x_wconf 86' lang='lat' dir='ltr'><strong>Quod</strong></span> <span class='ocrx_word' id='word_1_289' title='bbox 602 1828 796 1882; x_wconf 82' lang='lat' dir='ltr'><strong>attinet</strong></span> <span class='ocrx_word' id='word_1_290' title='bbox 848 1827 915 1882; x_wconf 89' lang='lat' dir='ltr'><strong>ad</strong></span> <span class='ocrx_word' id='word_1_291' title='bbox 962 1825 1258 1892; x_wconf 76' lang='lat' dir='ltr'><strong>Victorem,</strong></span> <span class='ocrx_word' id='word_1_292' title='bbox 1311 1828 1452 1882; x_wconf 90' lang='lat' dir='ltr'><strong>idem</strong></span> <span class='ocrx_word' id='word_1_293' title='bbox 1495 1825 1640 1895; x_wconf 84' lang='lat' dir='ltr'><strong>Ano-</strong></span> 
     </span>
    </p>
   </div>
   <div class='ocr_carea' id='block_1_43' title="bbox 76 1894 1639 1969">
    <p class='ocr_par' dir='ltr' id='par_1_43' title="bbox 76 1894 1639 1969">
     <span class='ocr_line' id='line_1_43' title="bbox 76 1894 1639 1969; baseline 0.001 -19"><span class='ocrx_word' id='word_1_294' title='bbox 76 1912 250 1969; x_wconf 65' lang='lat' dir='ltr'><strong>yinus</strong></span> <span class='ocrx_word' id='word_1_295' title='bbox 297 1894 483 1952; x_wconf 87' lang='lat' dir='ltr'><strong>mirari</strong></span> <span class='ocrx_word' id='word_1_296' title='bbox 533 1913 592 1954; x_wconf 90' lang='lat' dir='ltr'><strong>se</strong></span> <span class='ocrx_word' id='word_1_297' title='bbox 622 1899 851 1953; x_wconf 81' lang='lat' dir='ltr'><strong>allirmat</strong></span> <span class='ocrx_word' id='word_1_298' title='bbox 881 1897 1043 1969; x_wconf 85' lang='lat' dir='ltr'><strong>(apud</strong></span> <span class='ocrx_word' id='word_1_299' title='bbox 1069 1898 1260 1952; x_wconf 84' lang='lat' dir='ltr'><strong>Euseb.</strong></span> <span class='ocrx_word' id='word_1_300' title='bbox 1304 1897 1444 1952; x_wconf 82' lang='lat' dir='ltr'><strong>Hist.</strong></span> <span class='ocrx_word' id='word_1_301' title='bbox 1493 1894 1639 1969; x_wconf 83' lang='lat' dir='ltr'><strong>Eccl.</strong></span> 
     </span>
    </p>
   </div>
   <div class='ocr_carea' id='block_1_44' title="bbox 105 1968 1643 2040">
    <p class='ocr_par' dir='ltr' id='par_1_44' title="bbox 105 1968 1643 2040">
     <span class='ocr_line' id='line_1_44' title="bbox 105 1968 1643 2040; baseline 0.001 -19"><span class='ocrx_word' id='word_1_302' title='bbox 105 1984 143 2022; x_wconf 88' lang='grc'><strong>).</strong></span> <span class='ocrx_word' id='word_1_303' title='bbox 185 1984 241 2032; x_wconf 92' lang='lat' dir='ltr'><strong>v,</strong></span> <span class='ocrx_word' id='word_1_304' title='bbox 284 1983 404 2038; x_wconf 89' lang='lat' dir='ltr'><strong>cap.</strong></span> <span class='ocrx_word' id='word_1_305' title='bbox 451 1969 586 2039; x_wconf 72' lang='lat'><strong>27):</strong></span> <span class='ocrx_word' id='word_1_306' title='bbox 627 1987 644 2021; x_wconf 84' lang='grc' dir='ltr'><strong>ι</strong></span> <span class='ocrx_word' id='word_1_307' title='bbox 689 1968 957 2040; x_wconf 89' lang='lat' dir='ltr'><strong>quomodo</strong></span> <span class='ocrx_word' id='word_1_308' title='bbox 988 1968 1106 2023; x_wconf 90' lang='lat' dir='ltr'><strong>illos</strong></span> <span class='ocrx_word' id='word_1_309' title='bbox 1139 1985 1244 2023; x_wconf 90' lang='lat' dir='ltr'><strong>non</strong></span> <span class='ocrx_word' id='word_1_310' title='bbox 1281 1969 1478 2039; x_wconf 88' lang='lat' dir='ltr'><strong>pudeat</strong></span> <span class='ocrx_word' id='word_1_311' title='bbox 1529 1968 1643 2040; x_wconf 73' lang='lat' dir='ltr'><strong>lucc</strong></span> 
     </span>
    </p>
   </div>
   <div class='ocr_carea' id='block_1_45' title="bbox 75 2037 1642 2110">
    <p class='ocr_par' dir='ltr' id='par_1_45' title="bbox 75 2037 1642 2110">
     <span class='ocr_line' id='line_1_45' title="bbox 75 2037 1642 2110; baseline 0.001 -17"><span class='ocrx_word' id='word_1_312' title='bbox 75 2037 259 2094; x_wconf 76' lang='lat' dir='ltr'><strong>&#39;ictori</strong></span> <span class='ocrx_word' id='word_1_313' title='bbox 295 2037 402 2094; x_wconf 86' lang='lat' dir='ltr'><strong>tam</strong></span> <span class='ocrx_word' id='word_1_314' title='bbox 439 2037 572 2096; x_wconf 85' lang='lat' dir='ltr'><strong>falso</strong></span> <span class='ocrx_word' id='word_1_315' title='bbox 603 2037 895 2110; x_wconf 62' lang='lat' dir='ltr'><strong>objectare,</strong></span> <span class='ocrx_word' id='word_1_316' title='bbox 938 2040 1239 2110; x_wconf 64' lang='lat' dir='ltr'><strong>praesertim</strong></span> <span class='ocrx_word' id='word_1_317' title='bbox 1281 2037 1411 2094; x_wconf 77' lang='lat' dir='ltr'><strong>cum</strong></span> <span class='ocrx_word' id='word_1_318' title='bbox 1459 2039 1642 2110; x_wconf 74' lang='lat' dir='ltr'><strong>explo-</strong></span> 
     </span>
    </p>
   </div>
   <div class='ocr_carea' id='block_1_46' title="bbox 75 2108 1638 2181">
    <p class='ocr_par' dir='ltr' id='par_1_46' title="bbox 75 2108 1638 2181">
     <span class='ocr_line' id='line_1_46' title="bbox 75 2108 1638 2181; baseline 0 -17"><span class='ocrx_word' id='word_1_319' title='bbox 75 2121 168 2164; x_wconf 89' lang='lat' dir='ltr'><strong>ate</strong></span> <span class='ocrx_word' id='word_1_320' title='bbox 194 2111 464 2181; x_wconf 86' lang='lat' dir='ltr'><strong>cognitum</strong></span> <span class='ocrx_word' id='word_1_321' title='bbox 493 2108 748 2176; x_wconf 89' lang='lat' dir='ltr'><strong>habeant,</strong></span> <span class='ocrx_word' id='word_1_322' title='bbox 795 2108 1090 2172; x_wconf 77' lang='lat' dir='ltr'><strong>Victdrem,</strong></span> <span class='ocrx_word' id='word_1_323' title='bbox 1121 2108 1460 2166; x_wconf 86' lang='lat' dir='ltr'><strong>Theodotum</strong></span> <span class='ocrx_word' id='word_1_324' title='bbox 1494 2109 1638 2164; x_wconf 86' lang='lat' dir='ltr'><strong>illum</strong></span> 
     </span>
    </p>
   </div>
   <div class='ocr_carea' id='block_1_47' title="bbox 75 2181 1642 2252">
    <p class='ocr_par' dir='ltr' id='par_1_47' title="bbox 75 2181 1642 2252">
     <span class='ocr_line' id='line_1_47' title="bbox 75 2181 1642 2252; baseline 0.001 -17"><span class='ocrx_word' id='word_1_325' title='bbox 75 2181 365 2244; x_wconf 85' lang='lat' dir='ltr'><strong>oriarium,</strong></span> <span class='ocrx_word' id='word_1_326' title='bbox 398 2182 590 2238; x_wconf 81' lang='lat' dir='ltr'><strong>ducent</strong></span> <span class='ocrx_word' id='word_1_327' title='bbox 620 2192 674 2239; x_wconf 91' lang='lat' dir='ltr'><strong>et</strong></span> <span class='ocrx_word' id='word_1_328' title='bbox 701 2182 851 2252; x_wconf 86' lang='lat' dir='ltr'><strong>quasi</strong></span> <span class='ocrx_word' id='word_1_329' title='bbox 877 2191 1151 2252; x_wconf 89' lang='lat' dir='ltr'><strong>parentem</strong></span> <span class='ocrx_word' id='word_1_330' title='bbox 1184 2181 1338 2252; x_wconf 81' lang='lat' dir='ltr'><strong>hujus</strong></span> <span class='ocrx_word' id='word_1_331' title='bbox 1363 2181 1556 2251; x_wconf 62' lang='lat' dir='ltr'><strong>impia),</strong></span> <span class='ocrx_word' id='word_1_332' title='bbox 1589 2190 1642 2236; x_wconf 88' lang='lat' dir='ltr'><strong>et</strong></span> 
     </span>
    </p>
   </div>
   <div class='ocr_carea' id='block_1_48' title="bbox 76 2251 1641 2322">
    <p class='ocr_par' dir='ltr' id='par_1_48' title="bbox 76 2251 1641 2322">
     <span class='ocr_line' id='line_1_48' title="bbox 76 2251 1641 2322; baseline 0.001 -18"><span class='ocrx_word' id='word_1_333' title='bbox 76 2255 399 2308; x_wconf 71' lang='lat' dir='ltr'><strong>xsecrandte</strong></span> <span class='ocrx_word' id='word_1_334' title='bbox 429 2268 466 2306; x_wconf 94' lang='lat' dir='ltr'><strong>a-</strong></span> <span class='ocrx_word' id='word_1_335' title='bbox 494 2253 595 2308; x_wconf 90' lang='lat' dir='ltr'><strong>ﬁde</strong></span> <span class='ocrx_word' id='word_1_336' title='bbox 637 2251 974 2318; x_wconf 78' lang='lat' dir='ltr'><strong>defectionis,</strong></span> <span class='ocrx_word' id='word_1_337' title='bbox 1014 2252 1290 2308; x_wconf 87' lang='lat' dir='ltr'><strong>Christum</strong></span> <span class='ocrx_word' id='word_1_338' title='bbox 1321 2251 1487 2307; x_wconf 89' lang='lat' dir='ltr'><strong>Deum</strong></span> <span class='ocrx_word' id='word_1_339' title='bbox 1518 2267 1641 2322; x_wconf 83' lang='lat' dir='ltr'><strong>per-</strong></span> 
     </span>
    </p>
   </div>
   <div class='ocr_carea' id='block_1_49' title="bbox 79 2322 1634 2392">
    <p class='ocr_par' dir='ltr' id='par_1_49' title="bbox 79 2322 1634 2392">
     <span class='ocr_line' id='line_1_49' title="bbox 79 2322 1634 2392; baseline -0.001 -17"><span class='ocrx_word' id='word_1_340' title='bbox 79 2324 320 2392; x_wconf 83' lang='lat' dir='ltr'><strong>egantis,</strong></span> <span class='ocrx_word' id='word_1_341' title='bbox 382 2323 686 2379; x_wconf 80' lang='lat' dir='ltr'><strong>Christiana</strong></span> <span class='ocrx_word' id='word_1_342' title='bbox 759 2323 1137 2380; x_wconf 87' lang='lat' dir='ltr'><strong>communione</strong></span> <span class='ocrx_word' id='word_1_343' title='bbox 1213 2322 1575 2377; x_wconf 71' lang='lat' dir='ltr'><strong>inter-dixisse.</strong></span> <span class='ocrx_word' id='word_1_344' title='bbox 1617 2342 1634 2374; x_wconf 76' lang='grc' dir='ltr'><strong>ι</strong></span> 
     </span>
    </p>
   </div>
   <div class='ocr_carea' id='block_1_50' title="bbox 75 2393 1639 2464">
    <p class='ocr_par' dir='ltr' id='par_1_50' title="bbox 75 2393 1639 2464">
     <span class='ocr_line' id='line_1_50' title="bbox 75 2393 1639 2464; baseline 0.001 -18"><span class='ocrx_word' id='word_1_345' title='bbox 75 2395 245 2450; x_wconf 86' lang='lat' dir='ltr'><strong>&#39;aucis</strong></span> <span class='ocrx_word' id='word_1_346' title='bbox 275 2405 400 2449; x_wconf 89' lang='lat' dir='ltr'><strong>ante</strong></span> <span class='ocrx_word' id='word_1_347' title='bbox 427 2396 604 2460; x_wconf 90' lang='lat' dir='ltr'><strong>annis,</strong></span> <span class='ocrx_word' id='word_1_348' title='bbox 637 2413 655 2446; x_wconf 80' lang='grc' dir='ltr'><strong>ι</strong></span> <span class='ocrx_word' id='word_1_349' title='bbox 679 2394 928 2450; x_wconf 84' lang='lat' dir='ltr'><strong>Nonnulli</strong></span> <span class='ocrx_word' id='word_1_350' title='bbox 971 2393 1163 2464; x_wconf 50' lang='lat' dir='ltr'><strong>Roma:</strong></span> <span class='ocrx_word' id='word_1_351' title='bbox 1192 2395 1467 2464; x_wconf 82' lang='lat' dir='ltr'><strong>vigebant,</strong></span> <span class='ocrx_word' id='word_1_352' title='bbox 1510 2409 1639 2464; x_wconf 82' lang='lat' dir='ltr'><strong>quo-</strong></span> 
     </span>
    </p>
   </div>
   <div class='ocr_carea' id='block_1_51' title="bbox 75 2463 1637 2538">
    <p class='ocr_par' dir='ltr' id='par_1_51' title="bbox 75 2463 1637 2538">
     <span class='ocr_line' id='line_1_51' title="bbox 75 2463 1637 2538; baseline 0 -20"><span class='ocrx_word' id='word_1_353' title='bbox 75 2481 169 2518; x_wconf 91' lang='lat' dir='ltr'><strong>um</strong></span> <span class='ocrx_word' id='word_1_354' title='bbox 215 2464 464 2538; x_wconf 67' lang='lat' dir='ltr'><strong>Florinus</strong></span> <span class='ocrx_word' id='word_1_355' title='bbox 506 2466 828 2538; x_wconf 84' lang='lat' dir='ltr'><strong>presbyterii</strong></span> <span class='ocrx_word' id='word_1_356' title='bbox 840 2463 1218 2538; x_wconf 79' lang='lat' dir='ltr'><strong>ecclesiastici</strong></span> <span class='ocrx_word' id='word_1_357' title='bbox 1259 2463 1442 2536; x_wconf 80' lang='lat' dir='ltr'><strong>gradu</strong></span> <span class='ocrx_word' id='word_1_358' title='bbox 1484 2463 1637 2538; x_wconf 85' lang='lat' dir='ltr'><strong>abdi-</strong></span> 
     </span>
    </p>
   </div>
   <div class='ocr_carea' id='block_1_52' title="bbox 75 2534 1642 2608">
    <p class='ocr_par' dir='ltr' id='par_1_52' title="bbox 75 2534 1642 2608">
     <span class='ocr_line' id='line_1_52' title="bbox 75 2534 1642 2608; baseline 0.001 -20"><span class='ocrx_word' id='word_1_359' title='bbox 75 2545 321 2608; x_wconf 83' lang='lat' dir='ltr'><strong>atus,et</strong></span> <span class='ocrx_word' id='word_1_360' title='bbox 356 2535 569 2608; x_wconf 88' lang='lat' dir='ltr'><strong>Blastus</strong></span> <span class='ocrx_word' id='word_1_361' title='bbox 594 2534 850 2608; x_wconf 80' lang='lat' dir='ltr'><strong>persimili</strong></span> <span class='ocrx_word' id='word_1_362' title='bbox 884 2534 1412 2608; x_wconf 70' lang='lat' dir='ltr'><strong>implicatuserrore,</strong></span> <span class='ocrx_word' id='word_1_363' title='bbox 1439 2536 1642 2608; x_wconf 85' lang='lat' dir='ltr'><strong>pariter</strong></span> 
     </span>
    </p>
   </div>
   <div class='ocr_carea' id='block_1_53' title="bbox 76 2605 1640 2678">
    <p class='ocr_par' dir='ltr' id='par_1_53' title="bbox 76 2605 1640 2678">
     <span class='ocr_line' id='line_1_53' title="bbox 76 2605 1640 2678; baseline 0 -19"><span class='ocrx_word' id='word_1_364' title='bbox 76 2622 174 2660; x_wconf 91' lang='lat' dir='ltr'><strong>um</strong></span> <span class='ocrx_word' id='word_1_365' title='bbox 202 2607 294 2662; x_wconf 92' lang='lat' dir='ltr'><strong>illo</strong></span> <span class='ocrx_word' id='word_1_366' title='bbox 320 2605 681 2678; x_wconf 86' lang='lat' dir='ltr'><strong>principatum</strong></span> <span class='ocrx_word' id='word_1_367' title='bbox 731 2605 984 2678; x_wconf 85' lang='lat' dir='ltr'><strong>obtinuit.</strong></span> <span class='ocrx_word' id='word_1_368' title='bbox 1013 2645 1025 2658; x_wconf 92' lang='lat'><strong>.</strong></span> <span class='ocrx_word' id='word_1_369' title='bbox 1059 2645 1071 2659; x_wconf 93' lang='lat'><strong>.</strong></span> <span class='ocrx_word' id='word_1_370' title='bbox 1100 2641 1115 2657; x_wconf 94' lang='lat'><strong>.</strong></span> <span class='ocrx_word' id='word_1_371' title='bbox 1144 2644 1157 2658; x_wconf 98' lang='lat'><strong>.</strong></span> <span class='ocrx_word' id='word_1_372' title='bbox 1186 2605 1430 2678; x_wconf 61' lang='lat' dir='ltr'><strong>Irentetts</strong></span> <span class='ocrx_word' id='word_1_373' title='bbox 1464 2607 1640 2660; x_wconf 90' lang='lat' dir='ltr'><strong>varias</strong></span> 
     </span>
    </p>
   </div>
   <div class='ocr_carea' id='block_1_54' title="bbox 75 2675 1636 2747">
    <p class='ocr_par' dir='ltr' id='par_1_54' title="bbox 75 2675 1636 2747">
     <span class='ocr_line' id='line_1_54' title="bbox 75 2675 1636 2747; baseline -0.001 -17"><span class='ocrx_word' id='word_1_374' title='bbox 75 2686 243 2732; x_wconf 90' lang='lat' dir='ltr'><strong>ontra</strong></span> <span class='ocrx_word' id='word_1_375' title='bbox 276 2675 369 2733; x_wconf 83' lang='lat' dir='ltr'><strong>eos</strong></span> <span class='ocrx_word' id='word_1_376' title='bbox 396 2675 699 2747; x_wconf 87' lang='lat' dir='ltr'><strong>composuit</strong></span> <span class='ocrx_word' id='word_1_377' title='bbox 733 2677 988 2746; x_wconf 88' lang='lat' dir='ltr'><strong>epistolas</strong></span> <span class='ocrx_word' id='word_1_378' title='bbox 1020 2693 1031 2729; x_wconf 92' lang='lat'><strong>:</strong></span> <span class='ocrx_word' id='word_1_379' title='bbox 1068 2690 1229 2730; x_wconf 92' lang='lat' dir='ltr'><strong>unam</strong></span> <span class='ocrx_word' id='word_1_380' title='bbox 1251 2675 1327 2747; x_wconf 59' lang='lat' dir='ltr'><strong>ed</strong></span> <span class='ocrx_word' id='word_1_381' title='bbox 1375 2675 1636 2747; x_wconf 72' lang='lat' dir='ltr'><strong>Blasttim,</strong></span> 
     </span>
    </p>
   </div>
   <div class='ocr_carea' id='block_1_55' title="bbox 81 2744 1636 2817">
    <p class='ocr_par' dir='ltr' id='par_1_55' title="bbox 81 2744 1636 2817">
     <span class='ocr_line' id='line_1_55' title="bbox 81 2744 1636 2817; baseline -0.001 -18"><span class='ocrx_word' id='word_1_382' title='bbox 81 2764 212 2801; x_wconf 90' lang='lat' dir='ltr'><strong>nam</strong></span> <span class='ocrx_word' id='word_1_383' title='bbox 267 2744 538 2817; x_wconf 79' lang='lat' dir='ltr'><strong>inscripsit</strong></span> <span class='ocrx_word' id='word_1_384' title='bbox 576 2748 642 2802; x_wconf 89' lang='lat' dir='ltr'><strong>de</strong></span> <span class='ocrx_word' id='word_1_385' title='bbox 695 2744 1011 2812; x_wconf 84' lang='lat' dir='ltr'><strong>schismate,</strong></span> <span class='ocrx_word' id='word_1_386' title='bbox 1065 2744 1636 2817; x_wconf 79' lang='lat' dir='ltr'><strong>etc._(Euseb._IIist.</strong></span> 
     </span>
    </p>
   </div>
   <div class='ocr_carea' id='block_1_56' title="bbox 85 2815 1639 2888">
    <p class='ocr_par' dir='ltr' id='par_1_56' title="bbox 85 2815 1639 2888">
     <span class='ocr_line' id='line_1_56' title="bbox 85 2815 1639 2888; baseline -0.001 -17"><span class='ocrx_word' id='word_1_387' title='bbox 85 2818 141 2871; x_wconf 91' lang='lat' dir='ltr'><strong>b.</strong></span> <span class='ocrx_word' id='word_1_388' title='bbox 174 2835 226 2884; x_wconf 92' lang='lat' dir='ltr'><strong>v,</strong></span> <span class='ocrx_word' id='word_1_389' title='bbox 257 2833 377 2888; x_wconf 86' lang='lat' dir='ltr'><strong>cap.</strong></span> <span class='ocrx_word' id='word_1_390' title='bbox 415 2815 481 2872; x_wconf 74' lang='grc' dir='ltr'><strong><em>Η</em></strong></span> <span class='ocrx_word' id='word_1_391' title='bbox 508 2827 562 2873; x_wconf 89' lang='lat' dir='ltr'><strong>et</strong></span> <span class='ocrx_word' id='word_1_392' title='bbox 595 2818 704 2888; x_wconf 73' lang='lat'><strong>19).</strong></span> <span class='ocrx_word' id='word_1_393' title='bbox 731 2817 989 2873; x_wconf 89' lang='lat' dir='ltr'><strong>Latcnter</strong></span> <span class='ocrx_word' id='word_1_394' title='bbox 1015 2816 1128 2871; x_wconf 91' lang='lat' dir='ltr'><strong>vult</strong></span> <span class='ocrx_word' id='word_1_395' title='bbox 1156 2815 1425 2888; x_wconf 89' lang='lat' dir='ltr'><strong>(Blastus)</strong></span> <span class='ocrx_word' id='word_1_396' title='bbox 1458 2815 1639 2888; x_wconf 85' lang='lat' dir='ltr'><strong>Jndai-</strong></span> 
     </span>
    </p>
   </div>
   <div class='ocr_carea' id='block_1_57' title="bbox 76 2886 1641 2944">
    <p class='ocr_par' dir='ltr' id='par_1_57' title="bbox 76 2886 1641 2944">
     <span class='ocr_line' id='line_1_57' title="bbox 76 2886 1641 2944; baseline -0.001 -2"><span class='ocrx_word' id='word_1_397' title='bbox 76 2904 230 2942; x_wconf 90' lang='lat' dir='ltr'><strong>mum</strong></span> <span class='ocrx_word' id='word_1_398' title='bbox 280 2886 904 2944; x_wconf 32' lang='lat' dir='ltr'><strong>introducere.’Pascha</strong></span> <span class='ocrx_word' id='word_1_399' title='bbox 952 2889 1094 2942; x_wconf 89' lang='lat' dir='ltr'><strong>enim</strong></span> <span class='ocrx_word' id='word_1_400' title='bbox 1124 2887 1253 2943; x_wconf 89' lang='lat' dir='ltr'><strong>dicit</strong></span> <span class='ocrx_word' id='word_1_401' title='bbox 1318 2901 1422 2940; x_wconf 92' lang='lat' dir='ltr'><strong>non</strong></span> <span class='ocrx_word' id='word_1_402' title='bbox 1482 2886 1641 2940; x_wconf 86' lang='lat' dir='ltr'><strong>aliter</strong></span> 
     </span>
    </p>
   </div>
   <div class='ocr_carea' id='block_1_58' title="bbox 78 2956 1638 3037">
    <p class='ocr_par' dir='ltr' id='par_1_58' title="bbox 78 2956 1638 3037">
     <span class='ocr_line' id='line_1_58' title="bbox 78 2956 1638 3037; baseline -0.003 -23"><span class='ocrx_word' id='word_1_403' title='bbox 78 2958 462 3037; x_wconf 80' lang='lat' dir='ltr'><strong>usiodiendum</strong></span> <span class='ocrx_word' id='word_1_404' title='bbox 515 2974 672 3037; x_wconf 70' lang='lat' dir='ltr'><strong>esse,</strong></span> <span class='ocrx_word' id='word_1_405' title='bbox 723 2959 824 3037; x_wconf 86' lang='lat' dir='ltr'><strong>n_i_si</strong></span> <span class='ocrx_word' id='word_1_406' title='bbox 873 2959 1168 3037; x_wconf 69' lang='lat' dir='ltr'><strong>scentulum</strong></span> <span class='ocrx_word' id='word_1_407' title='bbox 1213 2957 1384 3037; x_wconf 46' lang='lat' dir='ltr'><strong>legenm</strong></span> <span class='ocrx_word' id='word_1_408' title='bbox 1435 2956 1638 3037; x_wconf 59' lang='lat' dir='ltr'><strong>Moysi,</strong></span> 
     </span>
    </p>
   </div>
   <div class='ocr_carea' id='block_1_59' title="bbox 81 3027 1637 3099">
    <p class='ocr_par' dir='ltr' id='par_1_59' title="bbox 81 3027 1637 3099">
     <span class='ocr_line' id='line_1_59' title="bbox 81 3027 1637 3099; baseline 0 -19"><span class='ocrx_word' id='word_1_409' title='bbox 81 3031 454 3086; x_wconf 89' lang='lat' dir='ltr'><strong>nartadccima</strong></span> <span class='ocrx_word' id='word_1_410' title='bbox 481 3030 699 3086; x_wconf 88' lang='lat' dir='ltr'><strong>mensis.</strong></span> <span class='ocrx_word' id='word_1_411' title='bbox 727 3029 1065 3097; x_wconf 87' lang='lat' dir='ltr'><strong>(Tertullian.</strong></span> <span class='ocrx_word' id='word_1_412' title='bbox 1096 3028 1192 3083; x_wconf 88' lang='lat' dir='ltr'><strong>lib.</strong></span> <span class='ocrx_word' id='word_1_413' title='bbox 1216 3028 1279 3082; x_wconf 84' lang='lat' dir='ltr'><strong>de</strong></span> <span class='ocrx_word' id='word_1_414' title='bbox 1299 3027 1637 3099; x_wconf 21' lang='lat' dir='ltr'><strong>APrgescript.)</strong></span> 
     </span>
    </p>
   </div>
   <div class='ocr_carea' id='block_1_60' title="bbox 75 3097 1639 3171">
    <p class='ocr_par' dir='ltr' id='par_1_60' title="bbox 75 3097 1639 3171">
     <span class='ocr_line' id='line_1_60' title="bbox 75 3097 1639 3171; baseline 0 -19"><span class='ocrx_word' id='word_1_415' title='bbox 75 3101 138 3154; x_wconf 71' lang='lat' dir='ltr'><strong>sti</strong></span> <span class='ocrx_word' id='word_1_416' title='bbox 172 3110 320 3156; x_wconf 89' lang='lat' dir='ltr'><strong>certe</strong></span> <span class='ocrx_word' id='word_1_417' title='bbox 347 3102 654 3171; x_wconf 86' lang='lat' dir='ltr'><strong>complures</strong></span> <span class='ocrx_word' id='word_1_418' title='bbox 697 3101 828 3157; x_wconf 90' lang='lat' dir='ltr'><strong>alios</strong></span> <span class='ocrx_word' id='word_1_419' title='bbox 877 3101 1031 3169; x_wconf 90' lang='lat' dir='ltr'><strong>quasi</strong></span> <span class='ocrx_word' id='word_1_420' title='bbox 1074 3099 1142 3153; x_wconf 90' lang='lat' dir='ltr'><strong>ab</strong></span> <span class='ocrx_word' id='word_1_421' title='bbox 1189 3097 1442 3152; x_wconf 64' lang='lat' dir='ltr'><strong>Ecclesiae</strong></span> <span class='ocrx_word' id='word_1_422' title='bbox 1491 3097 1639 3171; x_wconf 56' lang='lat' dir='ltr'><strong>com?-</strong></span> 
     </span>
    </p>
   </div>
   <div class='ocr_carea' id='block_1_61' title="bbox 83 3169 1634 3240">
    <p class='ocr_par' dir='ltr' id='par_1_61' title="bbox 83 3169 1634 3240">
     <span class='ocr_line' id='line_1_61' title="bbox 83 3169 1634 3240; baseline -0.001 -16"><span class='ocrx_word' id='word_1_423' title='bbox 83 3172 210 3225; x_wconf 81' lang='lat' dir='ltr'><strong>lcxu</strong></span> <span class='ocrx_word' id='word_1_424' title='bbox 237 3169 628 3237; x_wconf 85' lang='lat' dir='ltr'><strong>abstrahentes,</strong></span> <span class='ocrx_word' id='word_1_425' title='bbox 661 3172 712 3226; x_wconf 93' lang='lat' dir='ltr'><strong>in</strong></span> <span class='ocrx_word' id='word_1_426' title='bbox 750 3185 901 3226; x_wconf 91' lang='lat' dir='ltr'><strong>suam</strong></span> <span class='ocrx_word' id='word_1_427' title='bbox 929 3178 1241 3240; x_wconf 81' lang='lat' dir='ltr'><strong>pertraxere</strong></span> <span class='ocrx_word' id='word_1_428' title='bbox 1289 3169 1634 3224; x_wconf 88' lang='lat' dir='ltr'><strong>sententiam.</strong></span> 
     </span>
    </p>
   </div>
   <div class='ocr_carea' id='block_1_62' title="bbox 75 3242 786 3312">
    <p class='ocr_par' dir='ltr' id='par_1_62' title="bbox 75 3242 786 3312">
     <span class='ocr_line' id='line_1_62' title="bbox 75 3242 786 3312; baseline -0.001 -16"><span class='ocrx_word' id='word_1_429' title='bbox 75 3242 269 3298; x_wconf 81' lang='lat' dir='ltr'><strong>Euseb.</strong></span> <span class='ocrx_word' id='word_1_430' title='bbox 301 3242 389 3296; x_wconf 83' lang='lat' dir='ltr'><strong>lib.</strong></span> <span class='ocrx_word' id='word_1_431' title='bbox 425 3258 640 3312; x_wconf 12' lang='lat' dir='ltr'><strong>v.7,cap.</strong></span> <span class='ocrx_word' id='word_1_432' title='bbox 677 3242 786 3312; x_wconf 65' lang='lat' dir='ltr'><strong>li.)</strong></span> 
     </span>
    </p>
   </div>
   <div class='ocr_carea' id='block_1_63' title="bbox 128 3311 1638 3382">
    <p class='ocr_par' dir='ltr' id='par_1_63' title="bbox 128 3311 1638 3382">
     <span class='ocr_line' id='line_1_63' title="bbox 128 3311 1638 3382; baseline 0.001 -19"><span class='ocrx_word' id='word_1_433' title='bbox 128 3331 147 3363; x_wconf 78' lang='grc' dir='ltr'><strong>ι</strong></span> <span class='ocrx_word' id='word_1_434' title='bbox 188 3313 297 3367; x_wconf 75' lang='lat' dir='ltr'><strong>iam</strong></span> <span class='ocrx_word' id='word_1_435' title='bbox 322 3328 447 3368; x_wconf 89' lang='lat' dir='ltr'><strong>vero</strong></span> <span class='ocrx_word' id='word_1_436' title='bbox 470 3311 719 3367; x_wconf 73' lang='lat' dir='ltr'><strong>Floribus</strong></span> <span class='ocrx_word' id='word_1_437' title='bbox 745 3311 976 3382; x_wconf 91' lang='lat' dir='ltr'><strong>quoque,</strong></span> <span class='ocrx_word' id='word_1_438' title='bbox 1001 3321 1052 3365; x_wconf 92' lang='lat' dir='ltr'><strong>et</strong></span> <span class='ocrx_word' id='word_1_439' title='bbox 1072 3311 1307 3376; x_wconf 87' lang='lat' dir='ltr'><strong>Blastus,</strong></span> <span class='ocrx_word' id='word_1_440' title='bbox 1326 3311 1413 3382; x_wconf 79' lang='lat' dir='ltr'><strong>qui</strong></span> <span class='ocrx_word' id='word_1_441' title='bbox 1443 3311 1493 3364; x_wconf 92' lang='lat' dir='ltr'><strong>in</strong></span> <span class='ocrx_word' id='word_1_442' title='bbox 1517 3327 1638 3382; x_wconf 90' lang='lat' dir='ltr'><strong>pre-</strong></span> 
     </span>
    </p>
   </div>
   <div class='ocr_carea' id='block_1_64' title="bbox 75 3379 1636 3454">
    <p class='ocr_par' dir='ltr' id='par_1_64' title="bbox 75 3379 1636 3454">
     <span class='ocr_line' id='line_1_64' title="bbox 75 3379 1636 3454; baseline 0.001 -19"><span class='ocrx_word' id='word_1_443' title='bbox 75 3384 386 3454; x_wconf 77' lang='lat' dir='ltr'><strong>hyterorum</strong></span> <span class='ocrx_word' id='word_1_444' title='bbox 427 3383 728 3454; x_wconf 83' lang='lat' dir='ltr'><strong>catalogum</strong></span> <span class='ocrx_word' id='word_1_445' title='bbox 763 3379 929 3454; x_wconf 77' lang='lat' dir='ltr'><strong>erant</strong></span> <span class='ocrx_word' id='word_1_446' title='bbox 973 3382 1316 3454; x_wconf 86' lang='lat' dir='ltr'><strong>coeptati,_in</strong></span> <span class='ocrx_word' id='word_1_447' title='bbox 1346 3379 1636 3454; x_wconf 78' lang='lat' dir='ltr'><strong>Valentini</strong></span> 
     </span>
    </p>
   </div>
   <div class='ocr_carea' id='block_1_65' title="bbox 82 3452 1634 3508">
    <p class='ocr_par' dir='ltr' id='par_1_65' title="bbox 82 3452 1634 3508">
     <span class='ocr_line' id='line_1_65' title="bbox 82 3452 1634 3508; baseline 0.001 -3"><span class='ocrx_word' id='word_1_448' title='bbox 82 3452 405 3508; x_wconf 77' lang='lat' dir='ltr'><strong>erniciosam</strong></span> <span class='ocrx_word' id='word_1_449' title='bbox 472 3452 674 3507; x_wconf 78' lang='lat' dir='ltr'><strong>sectam</strong></span> <span class='ocrx_word' id='word_1_450' title='bbox 727 3452 1150 3508; x_wconf 85' lang='lat' dir='ltr'><strong>declinaverunt.</strong></span> <span class='ocrx_word' id='word_1_451' title='bbox 1230 3452 1431 3506; x_wconf 89' lang='lat' dir='ltr'><strong>Ferunt</strong></span> <span class='ocrx_word' id='word_1_452' title='bbox 1507 3453 1634 3507; x_wconf 86' lang='lat' dir='ltr'><strong>bea-</strong></span> 
     </span>
    </p>
   </div>
   <div class='ocr_carea' id='block_1_66' title="bbox 75 3522 1633 3591">
    <p class='ocr_par' dir='ltr' id='par_1_66' title="bbox 75 3522 1633 3591">
     <span class='ocr_line' id='line_1_66' title="bbox 75 3522 1633 3591; baseline -0.001 -15"><span class='ocrx_word' id='word_1_453' title='bbox 75 3526 315 3578; x_wconf 83' lang='lat' dir='ltr'><strong>issimum</strong></span> <span class='ocrx_word' id='word_1_454' title='bbox 364 3524 646 3588; x_wconf 74' lang='lat' dir='ltr'><strong>lrcnteum,</strong></span> <span class='ocrx_word' id='word_1_455' title='bbox 701 3538 885 3578; x_wconf 89' lang='lat' dir='ltr'><strong>eorum</strong></span> <span class='ocrx_word' id='word_1_456' title='bbox 943 3522 1186 3577; x_wconf 88' lang='lat' dir='ltr'><strong>morbum</strong></span> <span class='ocrx_word' id='word_1_457' title='bbox 1236 3522 1633 3591; x_wconf 81' lang='lat' dir='ltr'><strong>deplorantem,</strong></span> 
     </span>
    </p>
   </div>
   <div class='ocr_carea' id='block_1_67' title="bbox 75 3593 1630 3718">
    <p class='ocr_par' dir='ltr' id='par_1_67' title="bbox 75 3593 1630 3718">
     <span class='ocr_line' id='line_1_67' title="bbox 75 3593 1630 3718; baseline -0.002 -71"><span class='ocrx_word' id='word_1_458' title='bbox 75 3594 332 3718; x_wconf 46' lang='lat' dir='ltr'><strong>eripstsge</strong></span> <span class='ocrx_word' id='word_1_459' title='bbox 363 3597 621 3718; x_wconf 56' lang='lat' dir='ltr'><strong>adt&#39;ersus</strong></span> <span class='ocrx_word' id='word_1_460' title='bbox 649 3594 1012 3650; x_wconf 88' lang='lat' dir='ltr'><strong>Valentiumn.</strong></span> <span class='ocrx_word' id='word_1_461' title='bbox 1069 3593 1422 3660; x_wconf 86' lang='lat' dir='ltr'><strong>Theodoret.,</strong></span> <span class='ocrx_word' id='word_1_462' title='bbox 1451 3594 1630 3648; x_wconf 75' lang='lat' dir='ltr'><strong>lueret.</strong></span> 
     </span>
     <span class='ocr_line' id='line_1_68' title="bbox 76 3679 792 3718; baseline -0.004 -1"><span class='ocrx_word' id='word_1_463' title='bbox 76 3679 132 3717; x_wconf 76' lang='grc' dir='ltr'><em>ἀ</em></span> <span class='ocrx_word' id='word_1_464' title='bbox 173 3704 188 3718; x_wconf 93' lang='grc'><strong>.</strong></span> <span class='ocrx_word' id='word_1_465' title='bbox 248 3683 258 3718; x_wconf 91' lang='grc' dir='ltr'><strong>ι</strong></span> <span class='ocrx_word' id='word_1_466' title='bbox 303 3707 314 3718; x_wconf 93' lang='grc'><em>.</em></span> <span class='ocrx_word' id='word_1_467' title='bbox 346 3681 425 3718; x_wconf 84' lang='lat' dir='ltr'><strong>Ill.</strong></span> <span class='ocrx_word' id='word_1_468' title='bbox 484 3685 500 3714; x_wconf 66' lang='grc' dir='ltr'><strong><em>υ</em></strong></span> <span class='ocrx_word' id='word_1_469' title='bbox 787 3684 792 3688; x_wconf 89' lang='grc'><strong>·</strong></span> 
     </span>
    </p>
   </div>
   <div class='ocr_carea' id='block_1_68' title="bbox 76 3664 1140 3734">
    <p class='ocr_par' dir='ltr' id='par_1_68' title="bbox 76 3664 1140 3734">
     <span class='ocr_line' id='line_1_69' title="bbox 76 3664 1140 3734; baseline 0 -17"><span class='ocrx_word' id='word_1_470' title='bbox 76 3664 188 3718; x_wconf 79' lang='lat' dir='ltr'><strong>&quot;ab.</strong></span> <span class='ocrx_word' id='word_1_471' title='bbox 225 3664 314 3720; x_wconf 92' lang='lat' dir='ltr'><strong>lib.</strong></span> <span class='ocrx_word' id='word_1_472' title='bbox 346 3671 451 3729; x_wconf 90' lang='grc' dir='ltr'><strong>ιιι.)</strong></span> <span class='ocrx_word' id='word_1_473' title='bbox 484 3685 500 3714; x_wconf 69' lang='grc' dir='ltr'><strong>ι</strong></span> <span class='ocrx_word' id='word_1_474' title='bbox 787 3684 792 3688; x_wconf 91' lang='grc'><strong>·</strong></span> <span class='ocrx_word' id='word_1_475' title='bbox 1117 3722 1140 3734; x_wconf 87' lang='lat'>_</span> 
     </span>
    </p>
   </div>
   <div class='ocr_carea' id='block_1_69' title="bbox 126 3728 1635 3806">
    <p class='ocr_par' dir='ltr' id='par_1_69' title="bbox 126 3728 1635 3806">
     <span class='ocr_line' id='line_1_70' title="bbox 126 3728 1635 3806; baseline -0.004 -15"><span class='ocrx_word' id='word_1_476' title='bbox 126 3736 306 3791; x_wconf 85' lang='lat' dir='ltr'><strong>Victor</strong></span> <span class='ocrx_word' id='word_1_477' title='bbox 335 3728 500 3806; x_wconf 86' lang='lat' dir='ltr'><strong>papa,</strong></span> <span class='ocrx_word' id='word_1_478' title='bbox 535 3744 590 3789; x_wconf 91' lang='lat' dir='ltr'><strong>ut</strong></span> <span class='ocrx_word' id='word_1_479' title='bbox 632 3744 1000 3806; x_wconf 82' lang='lat' dir='ltr'><strong>exstingueret</strong></span> <span class='ocrx_word' id='word_1_480' title='bbox 1057 3728 1289 3806; x_wconf 78' lang='lat' dir='ltr'><strong>schisma</strong></span> <span class='ocrx_word' id='word_1_481' title='bbox 1314 3733 1474 3806; x_wconf 85' lang='lat' dir='ltr'><strong>quod</strong></span> <span class='ocrx_word' id='word_1_482' title='bbox 1513 3733 1635 3806; x_wconf 83' lang='lat' dir='ltr'><strong>Bla-</strong></span> 
     </span>
    </p>
   </div>
   <div class='ocr_carea' id='block_1_70' title="bbox 76 3805 1636 3875">
    <p class='ocr_par' dir='ltr' id='par_1_70' title="bbox 76 3805 1636 3875">
     <span class='ocr_line' id='line_1_71' title="bbox 76 3805 1636 3875; baseline -0.001 -16"><span class='ocrx_word' id='word_1_483' title='bbox 76 3814 165 3860; x_wconf 88' lang='lat' dir='ltr'><strong>tus</strong></span> <span class='ocrx_word' id='word_1_484' title='bbox 193 3805 461 3860; x_wconf 81' lang='lat' dir='ltr'><strong>excitabat</strong></span> <span class='ocrx_word' id='word_1_485' title='bbox 489 3806 542 3860; x_wconf 92' lang='lat' dir='ltr'><strong>in</strong></span> <span class='ocrx_word' id='word_1_486' title='bbox 572 3807 688 3875; x_wconf 90' lang='lat' dir='ltr'><strong>ipso</strong></span> <span class='ocrx_word' id='word_1_487' title='bbox 718 3805 971 3861; x_wconf 71' lang='lat' dir='ltr'><strong>[latitante</strong></span> <span class='ocrx_word' id='word_1_488' title='bbox 998 3805 1251 3860; x_wconf 72' lang='lat' dir='ltr'><strong>Ecclesizc</strong></span> <span class='ocrx_word' id='word_1_489' title='bbox 1281 3805 1423 3870; x_wconf 85' lang='lat' dir='ltr'><strong>sinu,</strong></span> <span class='ocrx_word' id='word_1_490' title='bbox 1457 3805 1636 3875; x_wconf 40' lang='lat' dir='ltr'><strong>conci:</strong></span> 
     </span>
    </p>
   </div>
   <div class='ocr_carea' id='block_1_71' title="bbox 86 3874 1637 3947">
    <p class='ocr_par' dir='ltr' id='par_1_71' title="bbox 86 3874 1637 3947">
     <span class='ocr_line' id='line_1_72' title="bbox 86 3874 1637 3947; baseline 0.001 -20"><span class='ocrx_word' id='word_1_491' title='bbox 86 3892 177 3929; x_wconf 87' lang='lat' dir='ltr'><strong>um</strong></span> <span class='ocrx_word' id='word_1_492' title='bbox 220 3876 270 3930; x_wconf 92' lang='lat' dir='ltr'><strong>in</strong></span> <span class='ocrx_word' id='word_1_493' title='bbox 309 3875 448 3932; x_wconf 87' lang='lat' dir='ltr'><strong>Urbe</strong></span> <span class='ocrx_word' id='word_1_494' title='bbox 496 3874 793 3940; x_wconf 82' lang='lat' dir='ltr'><strong>convocat,</strong></span> <span class='ocrx_word' id='word_1_495' title='bbox 845 3878 898 3932; x_wconf 91' lang='lat' dir='ltr'><strong>in</strong></span> <span class='ocrx_word' id='word_1_496' title='bbox 949 3893 1055 3947; x_wconf 88' lang='lat' dir='ltr'><strong>quo</strong></span> <span class='ocrx_word' id='word_1_497' title='bbox 1097 3875 1336 3930; x_wconf 84' lang='lat' dir='ltr'><strong>decrevit</strong></span> <span class='ocrx_word' id='word_1_498' title='bbox 1379 3874 1637 3947; x_wconf 67' lang='lat' dir='ltr'><strong>gusto-{iri</strong></span> 
     </span>
    </p>
   </div>
   <div class='ocr_carea' id='block_1_72' title="bbox 75 3945 1638 4011">
    <p class='ocr_par' dir='ltr' id='par_1_72' title="bbox 75 3945 1638 4011">
     <span class='ocr_line' id='line_1_73' title="bbox 75 3945 1638 4011; baseline 0.001 -13"><span class='ocrx_word' id='word_1_499' title='bbox 75 3961 259 4001; x_wconf 87' lang='lat' dir='ltr'><strong>norem</strong></span> <span class='ocrx_word' id='word_1_500' title='bbox 290 3963 318 4002; x_wconf 92' lang='lat' dir='ltr'><strong>a</strong></span> <span class='ocrx_word' id='word_1_501' title='bbox 352 3947 464 4002; x_wconf 92' lang='lat' dir='ltr'><strong>suis</strong></span> <span class='ocrx_word' id='word_1_502' title='bbox 503 3947 878 4002; x_wconf 85' lang='lat' dir='ltr'><strong>decessorihus</strong></span> <span class='ocrx_word' id='word_1_503' title='bbox 936 3945 1240 4011; x_wconf 82' lang='lat' dir='ltr'><strong>servatum,</strong></span> <span class='ocrx_word' id='word_1_504' title='bbox 1271 3954 1324 3998; x_wconf 89' lang='lat' dir='ltr'><strong>et</strong></span> <span class='ocrx_word' id='word_1_505' title='bbox 1379 3945 1638 4000; x_wconf 88' lang='lat' dir='ltr'><strong>Paschale</strong></span> 
     </span>
    </p>
   </div>
   <div class='ocr_carea' id='block_1_73' title="bbox 75 4016 1639 4089">
    <p class='ocr_par' dir='ltr' id='par_1_73' title="bbox 75 4016 1639 4089">
     <span class='ocr_line' id='line_1_74' title="bbox 75 4016 1639 4089; baseline 0 -19"><span class='ocrx_word' id='word_1_506' title='bbox 75 4026 248 4089; x_wconf 83' lang='lat' dir='ltr'><strong>estum</strong></span> <span class='ocrx_word' id='word_1_507' title='bbox 291 4017 616 4073; x_wconf 87' lang='lat' dir='ltr'><strong>celebratum</strong></span> <span class='ocrx_word' id='word_1_508' title='bbox 658 4018 722 4072; x_wconf 91' lang='lat' dir='ltr'><strong>iri</strong></span> <span class='ocrx_word' id='word_1_509' title='bbox 749 4027 1010 4089; x_wconf 88' lang='lat' dir='ltr'><strong>perpetuo</strong></span> <span class='ocrx_word' id='word_1_510' title='bbox 1037 4018 1121 4071; x_wconf 89' lang='lat' dir='ltr'><strong>die</strong></span> <span class='ocrx_word' id='word_1_511' title='bbox 1158 4016 1469 4089; x_wconf 82' lang='lat' dir='ltr'><strong>Douiinica,</strong></span> <span class='ocrx_word' id='word_1_512' title='bbox 1503 4033 1639 4089; x_wconf 69' lang='lat' dir='ltr'><strong>qua:</strong></span> 
     </span>
    </p>
   </div>
   <div class='ocr_carea' id='block_1_74' title="bbox 75 4087 1639 4157">
    <p class='ocr_par' dir='ltr' id='par_1_74' title="bbox 75 4087 1639 4157">
     <span class='ocr_line' id='line_1_75' title="bbox 75 4087 1639 4157; baseline 0.004 -21"><span class='ocrx_word' id='word_1_513' title='bbox 75 4087 226 4140; x_wconf 55' lang='lat' dir='ltr'><strong>trima</strong></span> <span class='ocrx_word' id='word_1_514' title='bbox 267 4097 689 4157; x_wconf 87' lang='lat' dir='ltr'><strong>consequeretur</strong></span> <span class='ocrx_word' id='word_1_515' title='bbox 735 4087 874 4143; x_wconf 87' lang='lat' dir='ltr'><strong>diem</strong></span> <span class='ocrx_word' id='word_1_516' title='bbox 925 4089 1189 4143; x_wconf 88' lang='lat' dir='ltr'><strong>decimam</strong></span> <span class='ocrx_word' id='word_1_517' title='bbox 1237 4087 1448 4141; x_wconf 89' lang='lat' dir='ltr'><strong>tertiam</strong></span> <span class='ocrx_word' id='word_1_518' title='bbox 1501 4087 1639 4142; x_wconf 66' lang='lat' dir='ltr'><strong>luuze</strong></span> 
     </span>
    </p>
   </div>
   <div class='ocr_carea' id='block_1_75' title="bbox 75 4157 1640 4231">
    <p class='ocr_par' dir='ltr' id='par_1_75' title="bbox 75 4157 1640 4231">
     <span class='ocr_line' id='line_1_76' title="bbox 75 4157 1640 4231; baseline 0.003 -23"><span class='ocrx_word' id='word_1_519' title='bbox 75 4158 257 4231; x_wconf 67' lang='lat' dir='ltr'><strong>densis</strong></span> <span class='ocrx_word' id='word_1_520' title='bbox 292 4159 464 4231; x_wconf 76' lang='lat' dir='ltr'><strong>Martii</strong></span> <span class='ocrx_word' id='word_1_521' title='bbox 493 4175 662 4231; x_wconf 71' lang='lat' dir='ltr'><strong>115(1th</strong></span> <span class='ocrx_word' id='word_1_522' title='bbox 691 4159 757 4213; x_wconf 91' lang='lat' dir='ltr'><strong>ad</strong></span> <span class='ocrx_word' id='word_1_523' title='bbox 802 4159 1117 4231; x_wconf 71' lang='lat' dir='ltr'><strong>vigesimain</strong></span> <span class='ocrx_word' id='word_1_524' title='bbox 1148 4157 1415 4231; x_wconf 81' lang='lat' dir='ltr'><strong>primam.</strong></span> <span class='ocrx_word' id='word_1_525' title='bbox 1454 4157 1640 4231; x_wconf 15' lang='lat' dir='ltr'><strong>tTheo-</strong></span> 
     </span>
    </p>
   </div>
   <div class='ocr_carea' id='block_1_76' title="bbox 75 4226 1639 4300">
    <p class='ocr_par' dir='ltr' id='par_1_76' title="bbox 75 4226 1639 4300">
     <span class='ocr_line' id='line_1_77' title="bbox 75 4226 1639 4300; baseline 0.004 -24"><span class='ocrx_word' id='word_1_526' title='bbox 75 4228 234 4300; x_wconf 15' lang='lat' dir='ltr'><strong>rhtilus</strong></span> <span class='ocrx_word' id='word_1_527' title='bbox 262 4229 544 4300; x_wconf 82' lang='lat' dir='ltr'><strong>episcopus</strong></span> <span class='ocrx_word' id='word_1_528' title='bbox 581 4229 841 4284; x_wconf 65' lang='lat' dir='ltr'><strong>Cursarem</strong></span> <span class='ocrx_word' id='word_1_529' title='bbox 861 4226 923 4284; x_wconf 75' lang='lat' dir='ltr'><strong>in</strong></span> <span class='ocrx_word' id='word_1_530' title='bbox 947 4226 1232 4282; x_wconf 66' lang='lat' dir='ltr'><strong>Palzrslina</strong></span> <span class='ocrx_word' id='word_1_531' title='bbox 1278 4226 1379 4300; x_wconf 90' lang='lat' dir='ltr'><strong>hoc</strong></span> <span class='ocrx_word' id='word_1_532' title='bbox 1403 4230 1468 4282; x_wconf 90' lang='lat' dir='ltr'><strong>ad</strong></span> <span class='ocrx_word' id='word_1_533' title='bbox 1510 4244 1639 4284; x_wconf 90' lang='lat' dir='ltr'><strong>con-</strong></span> 
     </span>
    </p>
   </div>
   <div class='ocr_carea' id='block_1_77' title="bbox 76 4297 1635 4368">
    <p class='ocr_par' dir='ltr' id='par_1_77' title="bbox 76 4297 1635 4368">
     <span class='ocr_line' id='line_1_78' title="bbox 76 4297 1635 4368; baseline 0.001 -18"><span class='ocrx_word' id='word_1_534' title='bbox 76 4298 234 4351; x_wconf 8' lang='lat' dir='ltr'><strong>silium</strong></span> <span class='ocrx_word' id='word_1_535' title='bbox 280 4297 482 4354; x_wconf 81' lang='lat' dir='ltr'><strong>accitus</strong></span> <span class='ocrx_word' id='word_1_536' title='bbox 513 4297 629 4352; x_wconf 84' lang='lat' dir='ltr'><strong>fuit.</strong></span> <span class='ocrx_word' id='word_1_537' title='bbox 673 4319 691 4351; x_wconf 75' lang='grc' dir='ltr'><strong>ιι</strong></span> <span class='ocrx_word' id='word_1_538' title='bbox 727 4300 884 4355; x_wconf 88' lang='lat' dir='ltr'><strong>Alittd</strong></span> <span class='ocrx_word' id='word_1_539' title='bbox 917 4309 999 4354; x_wconf 88' lang='lat' dir='ltr'><strong>est</strong></span> <span class='ocrx_word' id='word_1_540' title='bbox 1034 4300 1196 4354; x_wconf 86' lang='lat' dir='ltr'><strong>etiam</strong></span> <span class='ocrx_word' id='word_1_541' title='bbox 1241 4297 1635 4368; x_wconf 88' lang='lat' dir='ltr'><strong>episcoporum,</strong></span> 
     </span>
    </p>
   </div>
   <div class='ocr_carea' id='block_1_78' title="bbox 75 4368 1636 4435">
    <p class='ocr_par' dir='ltr' id='par_1_78' title="bbox 75 4368 1636 4435">
     <span class='ocr_line' id='line_1_79' title="bbox 75 4368 1636 4435; baseline 0.002 -16"><span class='ocrx_word' id='word_1_542' title='bbox 75 4368 141 4435; x_wconf 66' lang='lat' dir='ltr'><strong>iui</strong></span> <span class='ocrx_word' id='word_1_543' title='bbox 194 4368 369 4425; x_wconf 74' lang='lat' dir='ltr'><strong>Roma:</strong></span> <span class='ocrx_word' id='word_1_544' title='bbox 411 4370 662 4424; x_wconf 86' lang='lat' dir='ltr'><strong>similiter</strong></span> <span class='ocrx_word' id='word_1_545' title='bbox 708 4369 1092 4428; x_wconf 86' lang='lat' dir='ltr'><strong>conveniebat.</strong></span> <span class='ocrx_word' id='word_1_546' title='bbox 1151 4369 1218 4423; x_wconf 90' lang='lat' dir='ltr'><strong>de</strong></span> <span class='ocrx_word' id='word_1_547' title='bbox 1270 4369 1456 4422; x_wconf 91' lang='lat' dir='ltr'><strong>eadem</strong></span> <span class='ocrx_word' id='word_1_548' title='bbox 1505 4387 1636 4424; x_wconf 88' lang='lat' dir='ltr'><strong>cou-</strong></span> 
     </span>
    </p>
   </div>
   <div class='ocr_carea' id='block_1_79' title="bbox 77 4439 1633 4512">
    <p class='ocr_par' dir='ltr' id='par_1_79' title="bbox 77 4439 1633 4512">
     <span class='ocr_line' id='line_1_80' title="bbox 77 4439 1633 4512; baseline 0.002 -22"><span class='ocrx_word' id='word_1_549' title='bbox 77 4441 306 4512; x_wconf 77' lang='lat' dir='ltr'><strong>roversia</strong></span> <span class='ocrx_word' id='word_1_550' title='bbox 334 4448 593 4496; x_wconf 88' lang='lat' dir='ltr'><strong>statutmn</strong></span> <span class='ocrx_word' id='word_1_551' title='bbox 621 4457 634 4504; x_wconf 91' lang='lat'><strong>;</strong></span> <span class='ocrx_word' id='word_1_552' title='bbox 667 4443 809 4510; x_wconf 85' lang='lat' dir='ltr'><strong>quod</strong></span> <span class='ocrx_word' id='word_1_553' title='bbox 839 4442 1054 4512; x_wconf 87' lang='lat' dir='ltr'><strong>quidem</strong></span> <span class='ocrx_word' id='word_1_554' title='bbox 1087 4439 1377 4512; x_wconf 51' lang='lat' dir='ltr'><strong>Victorem</strong></span> <span class='ocrx_word' id='word_1_555' title='bbox 1406 4440 1455 4494; x_wconf 93' lang='lat' dir='ltr'><strong>id</strong></span> <span class='ocrx_word' id='word_1_556' title='bbox 1498 4449 1633 4512; x_wconf 78' lang='lat' dir='ltr'><strong>tem-</strong></span> 
     </span>
    </p>
   </div>
   <div class='ocr_carea' id='block_1_80' title="bbox 1668 3134 1710 3194">
    <p class='ocr_par' dir='ltr' id='par_1_80' title="bbox 1668 3134 1710 3194">
     <span class='ocr_line' id='line_1_81' title="bbox 1668 3134 1710 3194; baseline 0 0"><span class='ocrx_word' id='word_1_557' title='bbox 1668 3134 1710 3194; x_wconf 91' lang='lat' dir='ltr'>C</span> 
     </span>
    </p>
   </div>
   <div class='ocr_carea' id='block_1_81' title="bbox 1743 1827 3338 1968">
    <p class='ocr_par' dir='ltr' id='par_1_81' title="bbox 1743 1827 3338 1968">
     <span class='ocr_line' id='line_1_82' title="bbox 1743 1827 3338 1968; baseline 0.004 -88"><span class='ocrx_word' id='word_1_558' title='bbox 1743 1827 1867 1952; x_wconf 73' lang='lat' dir='ltr'><strong>lfebsti</strong></span> <span class='ocrx_word' id='word_1_559' title='bbox 1899 1827 2276 1968; x_wconf 52' lang='lat' dir='ltr'><strong>obsegvz&#39;atione</strong></span> <span class='ocrx_word' id='word_1_560' title='bbox 2314 1827 2482 1885; x_wconf 83' lang='lat' dir='ltr'><strong>tulere</strong></span> <span class='ocrx_word' id='word_1_561' title='bbox 2511 1827 2853 1887; x_wconf 85' lang='lat' dir='ltr'><strong>sententiam.</strong></span> <span class='ocrx_word' id='word_1_562' title='bbox 2893 1851 2910 1884; x_wconf 82' lang='grc' dir='ltr'><strong>ι</strong></span> <span class='ocrx_word' id='word_1_563' title='bbox 2947 1831 3165 1902; x_wconf 88' lang='lat' dir='ltr'><strong>(Euseb.</strong></span> <span class='ocrx_word' id='word_1_564' title='bbox 3197 1831 3338 1886; x_wconf 82' lang='lat' dir='ltr'><strong>&quot;ist.</strong></span> 
     </span>
     <span class='ocr_line' id='line_1_83' title="bbox 1767 1913 2118 1960; baseline -0.003 -10"><span class='ocrx_word' id='word_1_565' title='bbox 1767 1915 1776 1950; x_wconf 97' lang='lat' dir='ltr'><strong>I</strong></span> <span class='ocrx_word' id='word_1_566' title='bbox 1825 1937 1836 1950; x_wconf 95' lang='lat'><strong>.</strong></span> <span class='ocrx_word' id='word_1_567' title='bbox 1865 1913 1918 1960; x_wconf 88' lang='lat' dir='ltr'><strong>v,</strong></span> <span class='ocrx_word' id='word_1_568' title='bbox 1953 1916 1997 1952; x_wconf 82' lang='grc' dir='ltr'><strong>ε.</strong></span> <span class='ocrx_word' id='word_1_569' title='bbox 2107 1939 2118 1949; x_wconf 94' lang='grc'><strong>.</strong></span> 
     </span>
    </p>
   </div>
   <div class='ocr_carea' id='block_1_82' title="bbox 1767 1913 2118 1960">
    <p class='ocr_par' dir='ltr' id='par_1_82' title="bbox 1767 1913 2118 1960">
     <span class='ocr_line' id='line_1_84' title="bbox 1767 1913 2118 1960; baseline -0.003 -10"><span class='ocrx_word' id='word_1_570' title='bbox 1767 1913 1836 1952; x_wconf 87' lang='lat' dir='ltr'><strong>ID.</strong></span> <span class='ocrx_word' id='word_1_571' title='bbox 1865 1913 1918 1960; x_wconf 87' lang='lat' dir='ltr'><strong>V,</strong></span> <span class='ocrx_word' id='word_1_572' title='bbox 1953 1916 1997 1952; x_wconf 80' lang='grc' dir='ltr'><strong>ε.</strong></span> <span class='ocrx_word' id='word_1_573' title='bbox 2030 1913 2118 1951; x_wconf 68' lang='lat'><strong>22.</strong></span> 
     </span>
    </p>
   </div>
   <div class='ocr_carea' id='block_1_83' title="bbox 1815 1966 3343 2043">
    <p class='ocr_par' dir='ltr' id='par_1_83' title="bbox 1815 1966 3343 2043">
     <span class='ocr_line' id='line_1_85' title="bbox 1815 1966 3343 2043; baseline 0.002 -21"><span class='ocrx_word' id='word_1_574' title='bbox 1815 1966 1974 2024; x_wconf 91' lang='lat' dir='ltr'><strong>Solus</strong></span> <span class='ocrx_word' id='word_1_575' title='bbox 2007 1966 2316 2043; x_wconf 83' lang='lat' dir='ltr'><strong>Polycrates</strong></span> <span class='ocrx_word' id='word_1_576' title='bbox 2344 1969 2700 2043; x_wconf 84' lang='lat' dir='ltr'><strong>Ephesiorum</strong></span> <span class='ocrx_word' id='word_1_577' title='bbox 2736 1972 3039 2043; x_wconf 86' lang='lat' dir='ltr'><strong>episcopus,</strong></span> <span class='ocrx_word' id='word_1_578' title='bbox 3065 1971 3153 2040; x_wconf 89' lang='lat' dir='ltr'><strong>qui</strong></span> <span class='ocrx_word' id='word_1_579' title='bbox 3179 1986 3343 2040; x_wconf 85' lang='lat' dir='ltr'><strong>syno-</strong></span> 
     </span>
    </p>
   </div>
   <div class='ocr_carea' id='block_1_84' title="bbox 1743 2037 3338 2113">
    <p class='ocr_par' dir='ltr' id='par_1_84' title="bbox 1743 2037 3338 2113">
     <span class='ocr_line' id='line_1_86' title="bbox 1743 2037 3338 2113; baseline 0.001 -20"><span class='ocrx_word' id='word_1_580' title='bbox 1743 2037 1882 2113; x_wconf 81' lang='lat' dir='ltr'><strong>dum</strong></span> <span class='ocrx_word' id='word_1_581' title='bbox 1905 2055 2014 2113; x_wconf 75' lang='lat' dir='ltr'><strong>sua:</strong></span> <span class='ocrx_word' id='word_1_582' title='bbox 2036 2037 2323 2113; x_wconf 70' lang='lat' dir='ltr'><strong>provinciae</strong></span> <span class='ocrx_word' id='word_1_583' title='bbox 2343 2037 2574 2113; x_wconf 84' lang='lat' dir='ltr'><strong>collegit,</strong></span> <span class='ocrx_word' id='word_1_584' title='bbox 2603 2043 2659 2097; x_wconf 88' lang='lat' dir='ltr'><strong>in</strong></span> <span class='ocrx_word' id='word_1_585' title='bbox 2687 2037 2792 2112; x_wconf 80' lang='lat' dir='ltr'><strong>qua</strong></span> <span class='ocrx_word' id='word_1_586' title='bbox 2821 2037 3004 2097; x_wconf 81' lang='lat' dir='ltr'><strong>Victor</strong></span> <span class='ocrx_word' id='word_1_587' title='bbox 3033 2037 3338 2113; x_wconf 75' lang='lat' dir='ltr'><strong>rogaverat,</strong></span> 
     </span>
    </p>
   </div>
   <div class='ocr_carea' id='block_1_85' title="bbox 1745 2110 3344 2182">
    <p class='ocr_par' dir='ltr' id='par_1_85' title="bbox 1745 2110 3344 2182">
     <span class='ocr_line' id='line_1_87' title="bbox 1745 2110 3344 2182; baseline 0.002 -19"><span class='ocrx_word' id='word_1_588' title='bbox 1745 2119 1802 2182; x_wconf 85' lang='lat' dir='ltr'><strong>ut</strong></span> <span class='ocrx_word' id='word_1_589' title='bbox 1858 2110 2021 2182; x_wconf 50' lang='lat' dir='ltr'><strong>Asia;</strong></span> <span class='ocrx_word' id='word_1_590' title='bbox 2062 2111 2284 2167; x_wconf 83' lang='lat' dir='ltr'><strong>Minoris</strong></span> <span class='ocrx_word' id='word_1_591' title='bbox 2353 2110 2634 2182; x_wconf 78' lang='lat' dir='ltr'><strong>episcopos</strong></span> <span class='ocrx_word' id='word_1_592' title='bbox 2703 2110 2984 2168; x_wconf 82' lang='lat' dir='ltr'><strong>universos</strong></span> <span class='ocrx_word' id='word_1_593' title='bbox 3053 2110 3344 2167; x_wconf 87' lang='lat' dir='ltr'><strong>advocaret</strong></span> 
     </span>
    </p>
   </div>
   <div class='ocr_carea' id='block_1_86' title="bbox 1744 2181 3343 2255">
    <p class='ocr_par' dir='ltr' id='par_1_86' title="bbox 1744 2181 3343 2255">
     <span class='ocr_line' id='line_1_88' title="bbox 1744 2181 3343 2255; baseline 0.001 -22"><span class='ocrx_word' id='word_1_594' title='bbox 1744 2181 2135 2255; x_wconf 73' lang='lat' dir='ltr'><strong>(quodindieat</strong></span> <span class='ocrx_word' id='word_1_595' title='bbox 2174 2181 2427 2255; x_wconf 81' lang='lat' dir='ltr'><strong>mandato</strong></span> <span class='ocrx_word' id='word_1_596' title='bbox 2453 2181 2677 2255; x_wconf 81' lang='lat' dir='ltr'><strong>Romani</strong></span> <span class='ocrx_word' id='word_1_597' title='bbox 2715 2184 2982 2255; x_wconf 85' lang='lat' dir='ltr'><strong>pontiﬁcis</strong></span> <span class='ocrx_word' id='word_1_598' title='bbox 3021 2183 3135 2238; x_wconf 68' lang='lat' dir='ltr'><strong>haec</strong></span> <span class='ocrx_word' id='word_1_599' title='bbox 3161 2184 3343 2237; x_wconf 87' lang='lat' dir='ltr'><strong>omnia</strong></span> 
     </span>
    </p>
   </div>
   <div class='ocr_carea' id='block_1_87' title="bbox 1743 2251 3342 2324">
    <p class='ocr_par' dir='ltr' id='par_1_87' title="bbox 1743 2251 3342 2324">
     <span class='ocr_line' id='line_1_89' title="bbox 1743 2251 3342 2324; baseline 0.001 -20"><span class='ocrx_word' id='word_1_600' title='bbox 1743 2251 1968 2324; x_wconf 76' lang='lat' dir='ltr'><strong>concilia</strong></span> <span class='ocrx_word' id='word_1_601' title='bbox 1998 2252 2304 2323; x_wconf 88' lang='lat' dir='ltr'><strong>celebrari),</strong></span> <span class='ocrx_word' id='word_1_602' title='bbox 2333 2254 2498 2324; x_wconf 89' lang='lat' dir='ltr'><strong>solus,</strong></span> <span class='ocrx_word' id='word_1_603' title='bbox 2532 2251 2772 2324; x_wconf 84' lang='lat' dir='ltr'><strong>inquam,</strong></span> <span class='ocrx_word' id='word_1_604' title='bbox 2817 2253 3129 2324; x_wconf 83' lang='lat' dir='ltr'><strong>Polycrates</strong></span> <span class='ocrx_word' id='word_1_605' title='bbox 3157 2269 3185 2306; x_wconf 91' lang='lat' dir='ltr'><strong>a</strong></span> <span class='ocrx_word' id='word_1_606' title='bbox 3214 2268 3342 2306; x_wconf 90' lang='lat' dir='ltr'><strong>con-</strong></span> 
     </span>
    </p>
   </div>
   <div class='ocr_carea' id='block_1_88' title="bbox 1743 2322 3342 2394">
    <p class='ocr_par' dir='ltr' id='par_1_88' title="bbox 1743 2322 3342 2394">
     <span class='ocr_line' id='line_1_90' title="bbox 1743 2322 3342 2394; baseline 0.001 -19"><span class='ocrx_word' id='word_1_607' title='bbox 1743 2322 2027 2394; x_wconf 83' lang='lat' dir='ltr'><strong>suetudine</strong></span> <span class='ocrx_word' id='word_1_608' title='bbox 2077 2338 2172 2394; x_wconf 86' lang='lat' dir='ltr'><strong>sua</strong></span> <span class='ocrx_word' id='word_1_609' title='bbox 2225 2322 2477 2394; x_wconf 82' lang='lat' dir='ltr'><strong>recedere</strong></span> <span class='ocrx_word' id='word_1_610' title='bbox 2518 2322 2856 2388; x_wconf 86' lang='lat' dir='ltr'><strong>detrectavit,</strong></span> <span class='ocrx_word' id='word_1_611' title='bbox 2892 2322 2946 2378; x_wconf 83' lang='lat' dir='ltr'><strong>et</strong></span> <span class='ocrx_word' id='word_1_612' title='bbox 2994 2324 3192 2378; x_wconf 79' lang='lat' dir='ltr'><strong>Victori</strong></span> <span class='ocrx_word' id='word_1_613' title='bbox 3220 2339 3342 2394; x_wconf 88' lang='lat' dir='ltr'><strong>per-</strong></span> 
     </span>
    </p>
   </div>
   <div class='ocr_carea' id='block_1_89' title="bbox 1743 2393 3343 2463">
    <p class='ocr_par' dir='ltr' id='par_1_89' title="bbox 1743 2393 3343 2463">
     <span class='ocr_line' id='line_1_91' title="bbox 1743 2393 3343 2463; baseline 0.002 -18"><span class='ocrx_word' id='word_1_614' title='bbox 1743 2393 1979 2461; x_wconf 90' lang='lat' dir='ltr'><strong>scripsit,</strong></span> <span class='ocrx_word' id='word_1_615' title='bbox 2002 2393 2353 2448; x_wconf 91' lang='lat' dir='ltr'><strong>constitutum</strong></span> <span class='ocrx_word' id='word_1_616' title='bbox 2378 2393 2544 2448; x_wconf 84' lang='lat' dir='ltr'><strong>fuisse</strong></span> <span class='ocrx_word' id='word_1_617' title='bbox 2577 2395 2628 2448; x_wconf 94' lang='lat' dir='ltr'><strong>in</strong></span> <span class='ocrx_word' id='word_1_618' title='bbox 2655 2394 2744 2450; x_wconf 93' lang='lat' dir='ltr'><strong>illo</strong></span> <span class='ocrx_word' id='word_1_619' title='bbox 2771 2395 3097 2449; x_wconf 79' lang='lat' dir='ltr'><strong>Asianorum</strong></span> <span class='ocrx_word' id='word_1_620' title='bbox 3128 2393 3343 2463; x_wconf 77' lang='lat' dir='ltr'><strong>epiSco-</strong></span> 
     </span>
    </p>
   </div>
   <div class='ocr_carea' id='block_1_90' title="bbox 1743 2463 3342 2533">
    <p class='ocr_par' dir='ltr' id='par_1_90' title="bbox 1743 2463 3342 2533">
     <span class='ocr_line' id='line_1_92' title="bbox 1743 2463 3342 2533; baseline 0.001 -15"><span class='ocrx_word' id='word_1_621' title='bbox 1743 2478 1933 2533; x_wconf 90' lang='lat' dir='ltr'><strong>porum</strong></span> <span class='ocrx_word' id='word_1_622' title='bbox 1956 2463 2202 2529; x_wconf 90' lang='lat' dir='ltr'><strong>concilio,</strong></span> <span class='ocrx_word' id='word_1_623' title='bbox 2244 2463 2628 2519; x_wconf 87' lang='lat' dir='ltr'><strong>celebrandum</strong></span> <span class='ocrx_word' id='word_1_624' title='bbox 2655 2480 2774 2520; x_wconf 90' lang='lat' dir='ltr'><strong>esse</strong></span> <span class='ocrx_word' id='word_1_625' title='bbox 2825 2465 3030 2519; x_wconf 88' lang='lat' dir='ltr'><strong>Pascha</strong></span> <span class='ocrx_word' id='word_1_626' title='bbox 3073 2464 3158 2518; x_wconf 90' lang='lat' dir='ltr'><strong>die</strong></span> <span class='ocrx_word' id='word_1_627' title='bbox 3203 2465 3342 2519; x_wconf 75' lang='lat' dir='ltr'><strong>lunte</strong></span> 
     </span>
    </p>
   </div>
   <div class='ocr_carea' id='block_1_91' title="bbox 1743 2533 3341 2605">
    <p class='ocr_par' dir='ltr' id='par_1_91' title="bbox 1743 2533 3341 2605">
     <span class='ocr_line' id='line_1_93' title="bbox 1743 2533 3341 2605; baseline 0.002 -20"><span class='ocrx_word' id='word_1_628' title='bbox 1743 2542 1932 2605; x_wconf 84' lang='lat' dir='ltr'><strong>quarta</strong></span> <span class='ocrx_word' id='word_1_629' title='bbox 1975 2533 2212 2599; x_wconf 76' lang='lat' dir='ltr'><strong>decima,</strong></span> <span class='ocrx_word' id='word_1_630' title='bbox 2250 2533 2713 2605; x_wconf 85' lang='lat' dir='ltr'><strong>inquamcunque</strong></span> <span class='ocrx_word' id='word_1_631' title='bbox 2755 2535 3103 2590; x_wconf 82' lang='lat' dir='ltr'><strong>hebdomada:</strong></span> <span class='ocrx_word' id='word_1_632' title='bbox 3150 2533 3341 2588; x_wconf 81' lang='lat' dir='ltr'><strong>feriam</strong></span> 
     </span>
    </p>
   </div>
   <div class='ocr_carea' id='block_1_92' title="bbox 1745 2603 3341 2676">
    <p class='ocr_par' dir='ltr' id='par_1_92' title="bbox 1745 2603 3341 2676">
     <span class='ocr_line' id='line_1_94' title="bbox 1745 2603 3341 2676; baseline 0.001 -18"><span class='ocrx_word' id='word_1_633' title='bbox 1745 2603 2026 2676; x_wconf 77' lang='lat' dir='ltr'><strong>incideret,</strong></span> <span class='ocrx_word' id='word_1_634' title='bbox 2058 2619 2125 2659; x_wconf 86' lang='lat' dir='ltr'><strong>ex</strong></span> <span class='ocrx_word' id='word_1_635' title='bbox 2173 2604 2352 2676; x_wconf 65' lang='lat' dir='ltr'><strong>censis</strong></span> <span class='ocrx_word' id='word_1_636' title='bbox 2402 2607 2453 2660; x_wconf 94' lang='lat' dir='ltr'><strong>in</strong></span> <span class='ocrx_word' id='word_1_637' title='bbox 2495 2603 2718 2675; x_wconf 85' lang='lat' dir='ltr'><strong>epistola</strong></span> <span class='ocrx_word' id='word_1_638' title='bbox 2755 2606 3048 2676; x_wconf 73' lang='lat' dir='ltr'><strong>expressis,</strong></span> <span class='ocrx_word' id='word_1_639' title='bbox 3081 2620 3242 2674; x_wconf 89' lang='lat' dir='ltr'><strong>quam</strong></span> <span class='ocrx_word' id='word_1_640' title='bbox 3274 2607 3341 2659; x_wconf 89' lang='lat' dir='ltr'><strong>ad</strong></span> 
     </span>
    </p>
   </div>
   <div class='ocr_carea' id='block_1_93' title="bbox 1745 2673 3339 2748">
    <p class='ocr_par' dir='ltr' id='par_1_93' title="bbox 1745 2673 3339 2748">
     <span class='ocr_line' id='line_1_95' title="bbox 1745 2673 3339 2748; baseline 0.002 -22"><span class='ocrx_word' id='word_1_641' title='bbox 1745 2673 1892 2748; x_wconf 84' lang='lat' dir='ltr'><strong>illum</strong></span> <span class='ocrx_word' id='word_1_642' title='bbox 1918 2675 2104 2748; x_wconf 79' lang='lat' dir='ltr'><strong>dabat.</strong></span> <span class='ocrx_word' id='word_1_643' title='bbox 2139 2693 2157 2726; x_wconf 79' lang='grc' dir='ltr'><strong>ι</strong></span> <span class='ocrx_word' id='word_1_644' title='bbox 2206 2673 2452 2748; x_wconf 83' lang='lat' dir='ltr'><strong>Possem.</strong></span> <span class='ocrx_word' id='word_1_645' title='bbox 2487 2673 2679 2748; x_wconf 86' lang='lat' dir='ltr'><strong>inquit,</strong></span> <span class='ocrx_word' id='word_1_646' title='bbox 2728 2673 2840 2732; x_wconf 76' lang='lat' dir='ltr'><strong>hoc</strong></span> <span class='ocrx_word' id='word_1_647' title='bbox 2875 2676 2992 2731; x_wconf 92' lang='lat' dir='ltr'><strong>loco</strong></span> <span class='ocrx_word' id='word_1_648' title='bbox 3035 2673 3339 2745; x_wconf 66' lang='lat' dir='ltr'><strong>episcotios.</strong></span> 
     </span>
    </p>
   </div>
   <div class='ocr_carea' id='block_1_94' title="bbox 1744 2743 3341 2815">
    <p class='ocr_par' dir='ltr' id='par_1_94' title="bbox 1744 2743 3341 2815">
     <span class='ocr_line' id='line_1_96' title="bbox 1744 2743 3341 2815; baseline 0.004 -20"><span class='ocrx_word' id='word_1_649' title='bbox 1744 2744 1833 2812; x_wconf 91' lang='lat' dir='ltr'><strong>qui</strong></span> <span class='ocrx_word' id='word_1_650' title='bbox 1859 2743 1990 2798; x_wconf 91' lang='lat' dir='ltr'><strong>mihi</strong></span> <span class='ocrx_word' id='word_1_651' title='bbox 2018 2745 2068 2797; x_wconf 93' lang='lat' dir='ltr'><strong>in</strong></span> <span class='ocrx_word' id='word_1_652' title='bbox 2098 2745 2330 2800; x_wconf 91' lang='lat' dir='ltr'><strong>concilio</strong></span> <span class='ocrx_word' id='word_1_653' title='bbox 2363 2743 2607 2811; x_wconf 75' lang='lat' dir='ltr'><strong>aderant,</strong></span> <span class='ocrx_word' id='word_1_654' title='bbox 2639 2743 3089 2809; x_wconf 75' lang='lat' dir='ltr'><strong>commemorare,</strong></span> <span class='ocrx_word' id='word_1_655' title='bbox 3114 2743 3248 2815; x_wconf 80' lang='lat' dir='ltr'><strong>quos</strong></span> <span class='ocrx_word' id='word_1_656' title='bbox 3283 2757 3341 2801; x_wconf 93' lang='lat' dir='ltr'><strong>ut</strong></span> 
     </span>
    </p>
   </div>
   <div class='ocr_carea' id='block_1_95' title="bbox 1695 2812 3336 2888">
    <p class='ocr_par' dir='ltr' id='par_1_95' title="bbox 1695 2812 3336 2888">
     <span class='ocr_line' id='line_1_97' title="bbox 1695 2812 3336 2888; baseline 0.001 -21"><span class='ocrx_word' id='word_1_657' title='bbox 1695 2812 1703 2820; x_wconf 90' lang='grc'><em>’</em></span> <span class='ocrx_word' id='word_1_658' title='bbox 1744 2829 2075 2888; x_wconf 69' lang='lat' dir='ltr'><strong>aecerserem</strong></span> <span class='ocrx_word' id='word_1_659' title='bbox 2123 2829 2152 2868; x_wconf 89' lang='lat' dir='ltr'><strong>a</strong></span> <span class='ocrx_word' id='word_1_660' title='bbox 2193 2815 2350 2888; x_wconf 72' lang='lat' dir='ltr'><strong>vobis</strong></span> <span class='ocrx_word' id='word_1_661' title='bbox 2380 2827 2622 2888; x_wconf 90' lang='lat' dir='ltr'><strong>rogatus,</strong></span> <span class='ocrx_word' id='word_1_662' title='bbox 2653 2818 2940 2888; x_wconf 73' lang='lat' dir='ltr'><strong>diligenter</strong></span> <span class='ocrx_word' id='word_1_663' title='bbox 2970 2812 3336 2888; x_wconf 71' lang='lat' dir='ltr'><strong>accersebant.</strong></span> 
     </span>
    </p>
   </div>
   <div class='ocr_carea' id='block_1_96' title="bbox 1749 2884 3342 2955">
    <p class='ocr_par' dir='ltr' id='par_1_96' title="bbox 1749 2884 3342 2955">
     <span class='ocr_line' id='line_1_98' title="bbox 1749 2884 3342 2955; baseline 0.002 -18"><span class='ocrx_word' id='word_1_664' title='bbox 1749 2884 1995 2955; x_wconf 66' lang='lat' dir='ltr'><strong>(Euseb,</strong></span> <span class='ocrx_word' id='word_1_665' title='bbox 2025 2901 2138 2955; x_wconf 83' lang='lat' dir='ltr'><strong>cap.</strong></span> <span class='ocrx_word' id='word_1_666' title='bbox 2185 2885 2299 2953; x_wconf 69' lang='lat'><strong>23).</strong></span> <span class='ocrx_word' id='word_1_667' title='bbox 2325 2887 2416 2941; x_wconf 89' lang='lat' dir='ltr'><strong>Isti</strong></span> <span class='ocrx_word' id='word_1_668' title='bbox 2447 2884 2636 2943; x_wconf 81' lang='lat' dir='ltr'><strong>omnes</strong></span> <span class='ocrx_word' id='word_1_669' title='bbox 2663 2884 2806 2943; x_wconf 78' lang='lat' dir='ltr'><strong>diein</strong></span> <span class='ocrx_word' id='word_1_670' title='bbox 2850 2887 3134 2942; x_wconf 75' lang='lat' dir='ltr'><strong>Paschatis</strong></span> <span class='ocrx_word' id='word_1_671' title='bbox 3169 2887 3230 2938; x_wconf 73' lang='grc'><strong>14</strong></span> <span class='ocrx_word' id='word_1_672' title='bbox 3256 2887 3342 2940; x_wconf 86' lang='lat' dir='ltr'><strong>die</strong></span> 
     </span>
    </p>
   </div>
   <div class='ocr_carea' id='block_1_97' title="bbox 1745 2953 3340 3028">
    <p class='ocr_par' dir='ltr' id='par_1_97' title="bbox 1745 2953 3340 3028">
     <span class='ocr_line' id='line_1_99' title="bbox 1745 2953 3340 3028; baseline 0.002 -22"><span class='ocrx_word' id='word_1_673' title='bbox 1745 2953 1884 3028; x_wconf 75' lang='lat' dir='ltr'><strong>luna:</strong></span> <span class='ocrx_word' id='word_1_674' title='bbox 1913 2970 1981 3028; x_wconf 67' lang='lat' dir='ltr'><strong>ett</strong></span> <span class='ocrx_word' id='word_1_675' title='bbox 2017 2953 2287 3027; x_wconf 82' lang='lat' dir='ltr'><strong>Evangelii</strong></span> <span class='ocrx_word' id='word_1_676' title='bbox 2339 2959 2652 3028; x_wconf 66' lang='lat' dir='ltr'><strong>praescripto</strong></span> <span class='ocrx_word' id='word_1_677' title='bbox 2683 2959 3069 3028; x_wconf 89' lang='lat' dir='ltr'><strong>observarunt;</strong></span> <span class='ocrx_word' id='word_1_678' title='bbox 3102 2957 3238 3028; x_wconf 93' lang='lat' dir='ltr'><strong>nihil</strong></span> <span class='ocrx_word' id='word_1_679' title='bbox 3274 2958 3340 3010; x_wconf 89' lang='lat' dir='ltr'><strong>ab</strong></span> 
     </span>
    </p>
   </div>
   <div class='ocr_carea' id='block_1_98' title="bbox 1743 3025 3338 3098">
    <p class='ocr_par' dir='ltr' id='par_1_98' title="bbox 1743 3025 3338 3098">
     <span class='ocr_line' id='line_1_100' title="bbox 1743 3025 3338 3098; baseline 0.001 -20"><span class='ocrx_word' id='word_1_680' title='bbox 1743 3039 1808 3078; x_wconf 94' lang='lat' dir='ltr'><strong>eo</strong></span> <span class='ocrx_word' id='word_1_681' title='bbox 1840 3025 2103 3098; x_wconf 86' lang='lat' dir='ltr'><strong>instituto,</strong></span> <span class='ocrx_word' id='word_1_682' title='bbox 2136 3025 2200 3081; x_wconf 85' lang='lat' dir='ltr'><strong>ac</strong></span> <span class='ocrx_word' id='word_1_683' title='bbox 2230 3025 2379 3083; x_wconf 80' lang='lat' dir='ltr'><strong>more</strong></span> <span class='ocrx_word' id='word_1_684' title='bbox 2427 3025 2582 3098; x_wconf 82' lang='lat' dir='ltr'><strong>plane</strong></span> <span class='ocrx_word' id='word_1_685' title='bbox 2625 3028 2872 3098; x_wconf 84' lang='lat' dir='ltr'><strong>digressi,</strong></span> <span class='ocrx_word' id='word_1_686' title='bbox 2907 3027 2999 3082; x_wconf 90' lang='lat' dir='ltr'><strong>sed</strong></span> <span class='ocrx_word' id='word_1_687' title='bbox 3043 3027 3338 3081; x_wconf 89' lang='lat' dir='ltr'><strong>secundum</strong></span> 
     </span>
    </p>
   </div>
   <div class='ocr_carea' id='block_1_99' title="bbox 1746 3096 3332 3235">
    <p class='ocr_par' dir='ltr' id='par_1_99' title="bbox 1746 3096 3332 3235">
     <span class='ocr_line' id='line_1_101' title="bbox 1746 3096 3332 3235; baseline -0.003 -85"><span class='ocrx_word' id='word_1_688' title='bbox 1746 3096 2014 3235; x_wconf 46' lang='lat' dir='ltr'><strong>{ig-133m.)</strong></span> <span class='ocrx_word' id='word_1_689' title='bbox 2030 3106 2085 3150; x_wconf 92' lang='lat' dir='ltr'><strong>et</strong></span> <span class='ocrx_word' id='word_1_690' title='bbox 2113 3112 2358 3152; x_wconf 89' lang='lat' dir='ltr'><strong>normam</strong></span> <span class='ocrx_word' id='word_1_691' title='bbox 2403 3096 2524 3154; x_wconf 37' lang='lat' dir='ltr'><strong>li‘dci</strong></span> <span class='ocrx_word' id='word_1_692' title='bbox 2557 3096 2704 3155; x_wconf 49' lang='lat' dir='ltr'><strong>eum&#39;</strong></span> <span class='ocrx_word' id='word_1_693' title='bbox 2729 3099 2944 3154; x_wconf 86' lang='lat' dir='ltr'><strong>assidue</strong></span> <span class='ocrx_word' id='word_1_694' title='bbox 2971 3108 3276 3152; x_wconf 88' lang='lat' dir='ltr'><strong>tenuerunt.</strong></span> <span class='ocrx_word' id='word_1_695' title='bbox 3316 3117 3332 3146; x_wconf 76' lang='grc' dir='ltr'><strong>ι</strong></span> 
     </span>
     <span class='ocr_line' id='line_1_102' title="bbox 1836 3183 1991 3220; baseline -0.006 -2"><span class='ocrx_word' id='word_1_696' title='bbox 1836 3183 1848 3218; x_wconf 84' lang='lat' dir='ltr'><strong>l</strong></span> <span class='ocrx_word' id='word_1_697' title='bbox 1891 3183 1991 3220; x_wconf 84' lang='lat' dir='ltr'><strong>em.</strong></span> 
     </span>
    </p>
   </div>
   <div class='ocr_carea' id='block_1_100' title="bbox 1836 3183 1991 3220">
    <p class='ocr_par' dir='ltr' id='par_1_100' title="bbox 1836 3183 1991 3220">
     <span class='ocr_line' id='line_1_103' title="bbox 1836 3183 1991 3220; baseline -0.006 -2"><span class='ocrx_word' id='word_1_698' title='bbox 1836 3183 1991 3220; x_wconf 83' lang='lat' dir='ltr'><strong>mem.</strong></span> 
     </span>
    </p>
   </div>
   <div class='ocr_carea' id='block_1_101' title="bbox 1814 3171 3338 3311">
    <p class='ocr_par' dir='ltr' id='par_1_101' title="bbox 1814 3171 3338 3311">
     <span class='ocr_line' id='line_1_104' title="bbox 1814 3171 1991 3218; baseline 0.006 -1"><span class='ocrx_word' id='word_1_699' title='bbox 1814 3171 1849 3217; x_wconf 68' lang='lat' dir='ltr'><strong>i&#39;</strong></span> <span class='ocrx_word' id='word_1_700' title='bbox 1953 3183 1991 3218; x_wconf 87' lang='grc' dir='ltr'><strong>ι.</strong></span> 
     </span>
     <span class='ocr_line' id='line_1_105' title="bbox 1814 3171 3338 3311; baseline 0.001 -21"><span class='ocrx_word' id='word_1_701' title='bbox 1814 3171 2059 3311; x_wconf 52' lang='grc' dir='ltr'><strong>έὲξιῖἰιέχ</strong></span> <span class='ocrx_word' id='word_1_702' title='bbox 2113 3237 2396 3311; x_wconf 73' lang='lat' dir='ltr'><strong>Romanus</strong></span> <span class='ocrx_word' id='word_1_703' title='bbox 2457 3239 2766 3311; x_wconf 81' lang='lat' dir='ltr'><strong>indignatus</strong></span> <span class='ocrx_word' id='word_1_704' title='bbox 2818 3236 3338 3311; x_wconf 12' lang='lat' dir='ltr'><strong>supertlmjusmodi</strong></span> 
     </span>
    </p>
   </div>
   <div class='ocr_carea' id='block_1_102' title="bbox 1743 3307 3340 3380">
    <p class='ocr_par' dir='ltr' id='par_1_102' title="bbox 1743 3307 3340 3380">
     <span class='ocr_line' id='line_1_106' title="bbox 1743 3307 3340 3380; baseline -0.001 -18"><span class='ocrx_word' id='word_1_705' title='bbox 1743 3308 2000 3380; x_wconf 81' lang='lat' dir='ltr'><strong>singulari</strong></span> <span class='ocrx_word' id='word_1_706' title='bbox 2029 3309 2353 3364; x_wconf 86' lang='lat' dir='ltr'><strong>Asianorum</strong></span> <span class='ocrx_word' id='word_1_707' title='bbox 2383 3307 2669 3375; x_wconf 72' lang='lat' dir='ltr'><strong>sententia,</strong></span> <span class='ocrx_word' id='word_1_708' title='bbox 2691 3312 2781 3380; x_wconf 90' lang='lat' dir='ltr'><strong>qui</strong></span> <span class='ocrx_word' id='word_1_709' title='bbox 2814 3307 2977 3364; x_wconf 85' lang='lat' dir='ltr'><strong>etiam</strong></span> <span class='ocrx_word' id='word_1_710' title='bbox 2996 3307 3340 3378; x_wconf 78' lang='lat' dir='ltr'><strong>jactaverant</strong></span> 
     </span>
    </p>
   </div>
   <div class='ocr_carea' id='block_1_103' title="bbox 1742 3379 3332 3449">
    <p class='ocr_par' dir='ltr' id='par_1_103' title="bbox 1742 3379 3332 3449">
     <span class='ocr_line' id='line_1_107' title="bbox 1742 3379 3332 3449; baseline -0.001 -17"><span class='ocrx_word' id='word_1_711' title='bbox 1742 3393 1800 3432; x_wconf 88' lang='lat' dir='ltr'><strong>se</strong></span> <span class='ocrx_word' id='word_1_712' title='bbox 1859 3379 1999 3433; x_wconf 89' lang='lat' dir='ltr'><strong>illius</strong></span> <span class='ocrx_word' id='word_1_713' title='bbox 2051 3380 2352 3435; x_wconf 87' lang='lat' dir='ltr'><strong>minacibus</strong></span> <span class='ocrx_word' id='word_1_714' title='bbox 2406 3382 2600 3435; x_wconf 89' lang='lat' dir='ltr'><strong>litteris</strong></span> <span class='ocrx_word' id='word_1_715' title='bbox 2659 3379 2996 3449; x_wconf 81' lang='lat' dir='ltr'><strong>nequaquam</strong></span> <span class='ocrx_word' id='word_1_716' title='bbox 3052 3381 3332 3442; x_wconf 77' lang='lat' dir='ltr'><strong>deterreri,</strong></span> 
     </span>
    </p>
   </div>
   <div class='ocr_carea' id='block_1_104' title="bbox 1742 3450 3336 3522">
    <p class='ocr_par' dir='ltr' id='par_1_104' title="bbox 1742 3450 3336 3522">
     <span class='ocr_line' id='line_1_108' title="bbox 1742 3450 3336 3522; baseline -0.003 -18"><span class='ocrx_word' id='word_1_717' title='bbox 1742 3451 1930 3522; x_wconf 83' lang='lat' dir='ltr'><strong>statuit</strong></span> <span class='ocrx_word' id='word_1_718' title='bbox 1966 3451 2033 3522; x_wconf 90' lang='lat' dir='ltr'><strong>ab</strong></span> <span class='ocrx_word' id='word_1_719' title='bbox 2062 3450 2314 3506; x_wconf 83' lang='lat' dir='ltr'><strong>Ecclesiae</strong></span> <span class='ocrx_word' id='word_1_720' title='bbox 2340 3466 2569 3522; x_wconf 78' lang='lat' dir='ltr'><strong>corpore</strong></span> <span class='ocrx_word' id='word_1_721' title='bbox 2596 3451 2812 3506; x_wconf 89' lang='lat' dir='ltr'><strong>eosdem</strong></span> <span class='ocrx_word' id='word_1_722' title='bbox 2839 3464 3110 3520; x_wconf 82' lang='lat' dir='ltr'><strong>separare,</strong></span> <span class='ocrx_word' id='word_1_723' title='bbox 3135 3459 3188 3502; x_wconf 89' lang='lat' dir='ltr'><strong>et</strong></span> <span class='ocrx_word' id='word_1_724' title='bbox 3212 3465 3336 3518; x_wconf 85' lang='lat' dir='ltr'><strong>gra-</strong></span> 
     </span>
    </p>
   </div>
   <div class='ocr_carea' id='block_1_105' title="bbox 1742 3520 3339 3592">
    <p class='ocr_par' dir='ltr' id='par_1_105' title="bbox 1742 3520 3339 3592">
     <span class='ocr_line' id='line_1_109' title="bbox 1742 3520 3339 3592; baseline 0.001 -21"><span class='ocrx_word' id='word_1_725' title='bbox 1742 3520 1987 3575; x_wconf 72' lang='lat' dir='ltr'><strong>vioribus</strong></span> <span class='ocrx_word' id='word_1_726' title='bbox 2016 3521 2212 3576; x_wconf 93' lang='lat' dir='ltr'><strong>litteris</strong></span> <span class='ocrx_word' id='word_1_727' title='bbox 2239 3524 2305 3592; x_wconf 84' lang='lat' dir='ltr'><strong>ad</strong></span> <span class='ocrx_word' id='word_1_728' title='bbox 2331 3537 2425 3576; x_wconf 87' lang='lat' dir='ltr'><strong>eos</strong></span> <span class='ocrx_word' id='word_1_729' title='bbox 2441 3520 2593 3577; x_wconf 40' lang='lat' dir='ltr'><strong>‘datis</strong></span> <span class='ocrx_word' id='word_1_730' title='bbox 2619 3523 2814 3592; x_wconf 86' lang='lat' dir='ltr'><strong>adjecit</strong></span> <span class='ocrx_word' id='word_1_731' title='bbox 2845 3530 3250 3591; x_wconf 86' lang='lat' dir='ltr'><strong>segregaturum</strong></span> <span class='ocrx_word' id='word_1_732' title='bbox 3281 3534 3339 3573; x_wconf 91' lang='lat' dir='ltr'><strong>se</strong></span> 
     </span>
    </p>
   </div>
   <div class='ocr_carea' id='block_1_106' title="bbox 1743 3591 3337 3661">
    <p class='ocr_par' dir='ltr' id='par_1_106' title="bbox 1743 3591 3337 3661">
     <span class='ocr_line' id='line_1_110' title="bbox 1743 3591 3337 3661; baseline -0.002 -18"><span class='ocrx_word' id='word_1_733' title='bbox 1743 3604 1786 3661; x_wconf 8' lang='lat' dir='ltr'><strong>at</strong></span> <span class='ocrx_word' id='word_1_734' title='bbox 1805 3591 2183 3646; x_wconf 90' lang='lat' dir='ltr'><strong>communione</strong></span> <span class='ocrx_word' id='word_1_735' title='bbox 2213 3591 2446 3646; x_wconf 87' lang='lat' dir='ltr'><strong>ﬁdeliqu</strong></span> <span class='ocrx_word' id='word_1_736' title='bbox 2476 3591 2737 3661; x_wconf 82' lang='lat' dir='ltr'><strong>quotquOt</strong></span> <span class='ocrx_word' id='word_1_737' title='bbox 2779 3593 3074 3661; x_wconf 82' lang='lat' dir='ltr'><strong>incolerent</strong></span> <span class='ocrx_word' id='word_1_738' title='bbox 3099 3605 3217 3644; x_wconf 88' lang='lat' dir='ltr'><strong>eam</strong></span> <span class='ocrx_word' id='word_1_739' title='bbox 3247 3605 3337 3641; x_wconf 87' lang='lat' dir='ltr'><strong>rc-</strong></span> 
     </span>
    </p>
   </div>
   <div class='ocr_carea' id='block_1_107' title="bbox 1741 3660 3332 3730">
    <p class='ocr_par' dir='ltr' id='par_1_107' title="bbox 1741 3660 3332 3730">
     <span class='ocr_line' id='line_1_111' title="bbox 1741 3660 3332 3730; baseline -0.001 -18"><span class='ocrx_word' id='word_1_740' title='bbox 1741 3660 1974 3730; x_wconf 88' lang='lat' dir='ltr'><strong>gioncin.</strong></span> <span class='ocrx_word' id='word_1_741' title='bbox 2023 3679 2040 3712; x_wconf 83' lang='grc' dir='ltr'><strong>ι</strong></span> <span class='ocrx_word' id='word_1_742' title='bbox 2084 3661 2198 3724; x_wconf 91' lang='lat' dir='ltr'><strong>llis,</strong></span> <span class='ocrx_word' id='word_1_743' title='bbox 2251 3678 2368 3730; x_wconf 65' lang='lat' dir='ltr'><strong>quae</strong></span> <span class='ocrx_word' id='word_1_744' title='bbox 2411 3660 2564 3716; x_wconf 86' lang='lat' dir='ltr'><strong>nobis</strong></span> <span class='ocrx_word' id='word_1_745' title='bbox 2595 3663 2658 3715; x_wconf 92' lang='lat' dir='ltr'><strong>ad</strong></span> <span class='ocrx_word' id='word_1_746' title='bbox 2697 3673 2958 3717; x_wconf 88' lang='lat' dir='ltr'><strong>terrorem</strong></span> <span class='ocrx_word' id='word_1_747' title='bbox 2987 3660 3332 3728; x_wconf 82' lang='lat' dir='ltr'><strong>objiciuntur,</strong></span> 
     </span>
    </p>
   </div>
   <div class='ocr_carea' id='block_1_108' title="bbox 1743 3730 3333 3801">
    <p class='ocr_par' dir='ltr' id='par_1_108' title="bbox 1743 3730 3333 3801">
     <span class='ocr_line' id='line_1_112' title="bbox 1743 3730 3333 3801; baseline -0.001 -18"><span class='ocrx_word' id='word_1_748' title='bbox 1743 3730 1963 3785; x_wconf 91' lang='lat' dir='ltr'><strong>minime</strong></span> <span class='ocrx_word' id='word_1_749' title='bbox 1993 3733 2304 3786; x_wconf 85' lang='lat' dir='ltr'><strong>conturbor.</strong></span> <span class='ocrx_word' id='word_1_750' title='bbox 2333 3733 2520 3801; x_wconf 83' lang='lat' dir='ltr'><strong>(lbid.)</strong></span> <span class='ocrx_word' id='word_1_751' title='bbox 2551 3732 2644 3786; x_wconf 89' lang='lat' dir='ltr'><strong>llis</strong></span> <span class='ocrx_word' id='word_1_752' title='bbox 2667 3735 2825 3787; x_wconf 85' lang='lat' dir='ltr'><strong>rebus</strong></span> <span class='ocrx_word' id='word_1_753' title='bbox 2848 3731 3109 3786; x_wconf 87' lang='lat' dir='ltr'><strong>adductus</strong></span> <span class='ocrx_word' id='word_1_754' title='bbox 3129 3730 3333 3801; x_wconf 75' lang='lat' dir='ltr'><strong>Victor,</strong></span> 
     </span>
    </p>
   </div>
   <div class='ocr_carea' id='block_1_109' title="bbox 1740 3800 3336 3872">
    <p class='ocr_par' dir='ltr' id='par_1_109' title="bbox 1740 3800 3336 3872">
     <span class='ocr_line' id='line_1_113' title="bbox 1740 3800 3336 3872; baseline 0 -20"><span class='ocrx_word' id='word_1_755' title='bbox 1740 3803 1830 3870; x_wconf 92' lang='lat' dir='ltr'><strong>qui</strong></span> <span class='ocrx_word' id='word_1_756' title='bbox 1861 3812 1971 3854; x_wconf 92' lang='lat' dir='ltr'><strong>tum</strong></span> <span class='ocrx_word' id='word_1_757' title='bbox 2010 3801 2264 3856; x_wconf 64' lang='lat' dir='ltr'><strong>Romanae</strong></span> <span class='ocrx_word' id='word_1_758' title='bbox 2285 3800 2538 3857; x_wconf 80' lang='lat' dir='ltr'><strong>Ecclesiae</strong></span> <span class='ocrx_word' id='word_1_759' title='bbox 2577 3811 2827 3872; x_wconf 76' lang='lat' dir='ltr'><strong>przeerat,</strong></span> <span class='ocrx_word' id='word_1_760' title='bbox 2862 3802 3024 3855; x_wconf 87' lang='lat' dir='ltr'><strong>totius</strong></span> <span class='ocrx_word' id='word_1_761' title='bbox 3053 3801 3193 3872; x_wconf 73' lang='lat' dir='ltr'><strong>Asia:</strong></span> <span class='ocrx_word' id='word_1_762' title='bbox 3237 3800 3336 3853; x_wconf 83' lang='lat' dir='ltr'><strong>Ec-</strong></span> 
     </span>
    </p>
   </div>
   <div class='ocr_carea' id='block_1_110' title="bbox 1742 3871 3334 3942">
    <p class='ocr_par' dir='ltr' id='par_1_110' title="bbox 1742 3871 3334 3942">
     <span class='ocr_line' id='line_1_114' title="bbox 1742 3871 3334 3942; baseline -0.003 -16"><span class='ocrx_word' id='word_1_763' title='bbox 1742 3873 1956 3934; x_wconf 90' lang='lat' dir='ltr'><strong>clesias,</strong></span> <span class='ocrx_word' id='word_1_764' title='bbox 1986 3888 2106 3927; x_wconf 90' lang='lat' dir='ltr'><strong>cum</strong></span> <span class='ocrx_word' id='word_1_765' title='bbox 2133 3873 2253 3928; x_wconf 89' lang='lat' dir='ltr'><strong>aliis</strong></span> <span class='ocrx_word' id='word_1_766' title='bbox 2287 3873 2545 3936; x_wconf 84' lang='lat' dir='ltr'><strong>ﬁnitimis,</strong></span> <span class='ocrx_word' id='word_1_767' title='bbox 2578 3871 2845 3942; x_wconf 77' lang='lat' dir='ltr'><strong>tauquam</strong></span> <span class='ocrx_word' id='word_1_768' title='bbox 2874 3872 3096 3926; x_wconf 84' lang='lat' dir='ltr'><strong>alterius</strong></span> <span class='ocrx_word' id='word_1_769' title='bbox 3137 3871 3168 3923; x_wconf 85' lang='lat' dir='ltr'><strong>ll</strong></span> <span class='ocrx_word' id='word_1_770' title='bbox 3195 3871 3257 3923; x_wconf 88' lang='lat' dir='ltr'><strong>&#39;ei</strong></span> <span class='ocrx_word' id='word_1_771' title='bbox 3279 3878 3334 3922; x_wconf 87' lang='lat' dir='ltr'><strong>et</strong></span> 
     </span>
    </p>
   </div>
   <div class='ocr_carea' id='block_1_111' title="bbox 1741 3942 3330 4015">
    <p class='ocr_par' dir='ltr' id='par_1_111' title="bbox 1741 3942 3330 4015">
     <span class='ocr_line' id='line_1_115' title="bbox 1741 3942 3330 4015; baseline -0.003 -18"><span class='ocrx_word' id='word_1_772' title='bbox 1741 3943 2032 4015; x_wconf 85' lang='lat' dir='ltr'><strong>Opinionis,</strong></span> <span class='ocrx_word' id='word_1_773' title='bbox 2058 3945 2214 3998; x_wconf 91' lang='lat' dir='ltr'><strong>simul</strong></span> <span class='ocrx_word' id='word_1_774' title='bbox 2239 3960 2428 4000; x_wconf 89' lang='lat' dir='ltr'><strong>omnes</strong></span> <span class='ocrx_word' id='word_1_775' title='bbox 2458 3947 2538 4015; x_wconf 87' lang='lat' dir='ltr'><strong>(ut.</strong></span> <span class='ocrx_word' id='word_1_776' title='bbox 2564 3944 2891 4014; x_wconf 87' lang='lat' dir='ltr'><strong>complectar</strong></span> <span class='ocrx_word' id='word_1_777' title='bbox 2916 3942 3085 4011; x_wconf 86' lang='lat' dir='ltr'><strong>brevi)</strong></span> <span class='ocrx_word' id='word_1_778' title='bbox 3113 3958 3138 4008; x_wconf 87' lang='lat' dir='ltr'><strong>a</strong></span> <span class='ocrx_word' id='word_1_779' title='bbox 3157 3956 3330 4015; x_wconf 24' lang='lat' dir='ltr'><strong>Acont-</strong></span> 
     </span>
    </p>
   </div>
   <div class='ocr_carea' id='block_1_112' title="bbox 1743 4011 3332 4083">
    <p class='ocr_par' dir='ltr' id='par_1_112' title="bbox 1743 4011 3332 4083">
     <span class='ocr_line' id='line_1_116' title="bbox 1743 4011 3332 4083; baseline -0.002 -16"><span class='ocrx_word' id='word_1_780' title='bbox 1743 4011 1888 4067; x_wconf 79' lang='lat' dir='ltr'><strong>niuni</strong></span> <span class='ocrx_word' id='word_1_781' title='bbox 1922 4014 2131 4069; x_wconf 89' lang='lat' dir='ltr'><strong>unitate</strong></span> <span class='ocrx_word' id='word_1_782' title='bbox 2178 4016 2436 4070; x_wconf 63' lang='lat' dir='ltr'><strong>Ecclesiae</strong></span> <span class='ocrx_word' id='word_1_783' title='bbox 2466 4011 2742 4083; x_wconf 76' lang='lat' dir='ltr'><strong>amputare</strong></span> <span class='ocrx_word' id='word_1_784' title='bbox 2771 4022 2992 4069; x_wconf 90' lang='lat' dir='ltr'><strong>conatur</strong></span> <span class='ocrx_word' id='word_1_785' title='bbox 3028 4031 3040 4066; x_wconf 90' lang='lat'><strong>:</strong></span> <span class='ocrx_word' id='word_1_786' title='bbox 3073 4021 3127 4066; x_wconf 90' lang='lat' dir='ltr'><strong>et</strong></span> <span class='ocrx_word' id='word_1_787' title='bbox 3156 4011 3207 4064; x_wconf 93' lang='lat' dir='ltr'><strong>in</strong></span> <span class='ocrx_word' id='word_1_788' title='bbox 3239 4026 3332 4065; x_wconf 87' lang='lat' dir='ltr'><strong>eos</strong></span> 
     </span>
    </p>
   </div>
   <div class='ocr_carea' id='block_1_113' title="bbox 1742 4083 3333 4156">
    <p class='ocr_par' dir='ltr' id='par_1_113' title="bbox 1742 4083 3333 4156">
     <span class='ocr_line' id='line_1_117' title="bbox 1742 4083 3333 4156; baseline 0.001 -21"><span class='ocrx_word' id='word_1_789' title='bbox 1742 4098 1837 4156; x_wconf 88' lang='lat' dir='ltr'><strong>per</strong></span> <span class='ocrx_word' id='word_1_790' title='bbox 1878 4084 2084 4140; x_wconf 87' lang='lat' dir='ltr'><strong>litteras</strong></span> <span class='ocrx_word' id='word_1_791' title='bbox 2134 4086 2368 4156; x_wconf 77' lang='lat' dir='ltr'><strong>graviter</strong></span> <span class='ocrx_word' id='word_1_792' title='bbox 2417 4085 2705 4148; x_wconf 90' lang='lat' dir='ltr'><strong>invehitur,</strong></span> <span class='ocrx_word' id='word_1_793' title='bbox 2756 4093 2918 4154; x_wconf 89' lang='lat' dir='ltr'><strong>atque</strong></span> <span class='ocrx_word' id='word_1_794' title='bbox 2961 4083 3105 4156; x_wconf 83' lang='lat' dir='ltr'><strong>adeo</strong></span> <span class='ocrx_word' id='word_1_795' title='bbox 3143 4097 3333 4136; x_wconf 76' lang='lat' dir='ltr'><strong>omnes</strong></span> 
     </span>
    </p>
   </div>
   <div class='ocr_carea' id='block_1_114' title="bbox 1743 4153 3334 4226">
    <p class='ocr_par' dir='ltr' id='par_1_114' title="bbox 1743 4153 3334 4226">
     <span class='ocr_line' id='line_1_118' title="bbox 1743 4153 3334 4226; baseline -0.002 -20"><span class='ocrx_word' id='word_1_796' title='bbox 1743 4153 1939 4226; x_wconf 78' lang='lat' dir='ltr'><strong>fratres</strong></span> <span class='ocrx_word' id='word_1_797' title='bbox 1975 4171 2093 4210; x_wconf 86' lang='lat' dir='ltr'><strong>eam</strong></span> <span class='ocrx_word' id='word_1_798' title='bbox 2133 4153 2429 4212; x_wconf 82' lang='lat' dir='ltr'><strong>incolentes</strong></span> <span class='ocrx_word' id='word_1_799' title='bbox 2466 4155 2737 4226; x_wconf 88' lang='lat' dir='ltr'><strong>regionem</strong></span> <span class='ocrx_word' id='word_1_800' title='bbox 2775 4153 3334 4226; x_wconf 20' lang='lat' dir='ltr'><strong>aicomnmnione‘se-</strong></span> 
     </span>
    </p>
   </div>
   <div class='ocr_carea' id='block_1_115' title="bbox 1741 4222 3330 4296">
    <p class='ocr_par' dir='ltr' id='par_1_115' title="bbox 1741 4222 3330 4296">
     <span class='ocr_line' id='line_1_119' title="bbox 1741 4222 3330 4296; baseline -0.002 -17"><span class='ocrx_word' id='word_1_801' title='bbox 1741 4225 2035 4280; x_wconf 87' lang='lat' dir='ltr'><strong>eludendos</strong></span> <span class='ocrx_word' id='word_1_802' title='bbox 2065 4227 2276 4281; x_wconf 54' lang='lat' dir='ltr'><strong>edicit»</strong></span> <span class='ocrx_word' id='word_1_803' title='bbox 2305 4227 2493 4296; x_wconf 87' lang='lat' dir='ltr'><strong>(Ibid.,</strong></span> <span class='ocrx_word' id='word_1_804' title='bbox 2517 4222 2634 4295; x_wconf 74' lang='lat' dir='ltr'><strong>cap.</strong></span> <span class='ocrx_word' id='word_1_805' title='bbox 2665 4227 2779 4295; x_wconf 62' lang='grc' dir='ltr'><strong>ει.)</strong></span> <span class='ocrx_word' id='word_1_806' title='bbox 2807 4225 3038 4278; x_wconf 87' lang='lat' dir='ltr'><strong>Victoris</strong></span> <span class='ocrx_word' id='word_1_807' title='bbox 3069 4222 3330 4296; x_wconf 81' lang='lat' dir='ltr'><strong>severitas</strong></span> 
     </span>
    </p>
   </div>
   <div class='ocr_carea' id='block_1_116' title="bbox 1742 4293 3329 4367">
    <p class='ocr_par' dir='ltr' id='par_1_116' title="bbox 1742 4293 3329 4367">
     <span class='ocr_line' id='line_1_120' title="bbox 1742 4293 3329 4367; baseline -0.002 -19"><span class='ocrx_word' id='word_1_808' title='bbox 1742 4310 1846 4348; x_wconf 84' lang='lat' dir='ltr'><strong>non</strong></span> <span class='ocrx_word' id='word_1_809' title='bbox 1871 4298 2120 4352; x_wconf 89' lang='lat' dir='ltr'><strong>omnibus</strong></span> <span class='ocrx_word' id='word_1_810' title='bbox 2147 4293 2368 4366; x_wconf 87' lang='lat' dir='ltr'><strong>perinde</strong></span> <span class='ocrx_word' id='word_1_811' title='bbox 2393 4293 2660 4367; x_wconf 77' lang='lat' dir='ltr'><strong>episcopis</strong></span> <span class='ocrx_word' id='word_1_812' title='bbox 2685 4293 2826 4351; x_wconf 85' lang='lat' dir='ltr'><strong>illius</strong></span> <span class='ocrx_word' id='word_1_813' title='bbox 2846 4296 2990 4348; x_wconf 86' lang='lat' dir='ltr'><strong>dicto</strong></span> <span class='ocrx_word' id='word_1_814' title='bbox 3019 4293 3329 4367; x_wconf 85' lang='lat' dir='ltr'><strong>parentibus</strong></span> 
     </span>
    </p>
   </div>
   <div class='ocr_carea' id='block_1_117' title="bbox 1741 4365 3328 4436">
    <p class='ocr_par' dir='ltr' id='par_1_117' title="bbox 1741 4365 3328 4436">
     <span class='ocr_line' id='line_1_121' title="bbox 1741 4365 3328 4436; baseline -0.002 -17"><span class='ocrx_word' id='word_1_815' title='bbox 1741 4376 2041 4436; x_wconf 88' lang='lat' dir='ltr'><strong>opportuna</strong></span> <span class='ocrx_word' id='word_1_816' title='bbox 2096 4365 2398 4423; x_wconf 82' lang='lat' dir='ltr'><strong>videbatur.</strong></span> <span class='ocrx_word' id='word_1_817' title='bbox 2428 4365 2507 4422; x_wconf 75' lang='lat' dir='ltr'><strong>Ex</strong></span> <span class='ocrx_word' id='word_1_818' title='bbox 2545 4365 2629 4422; x_wconf 89' lang='lat' dir='ltr'><strong>his</strong></span> <span class='ocrx_word' id='word_1_819' title='bbox 2679 4366 2917 4422; x_wconf 86' lang='lat' dir='ltr'><strong>nonnulli</strong></span> <span class='ocrx_word' id='word_1_820' title='bbox 2947 4365 3087 4418; x_wconf 90' lang='lat' dir='ltr'><strong>datis</strong></span> <span class='ocrx_word' id='word_1_821' title='bbox 3114 4366 3178 4418; x_wconf 89' lang='lat' dir='ltr'><strong>ad</strong></span> <span class='ocrx_word' id='word_1_822' title='bbox 3203 4379 3328 4416; x_wconf 87' lang='lat' dir='ltr'><strong>eum</strong></span> 
     </span>
    </p>
   </div>
   <div class='ocr_carea' id='block_1_118' title="bbox 1743 4435 3329 4507">
    <p class='ocr_par' dir='ltr' id='par_1_118' title="bbox 1743 4435 3329 4507">
     <span class='ocr_line' id='line_1_122' title="bbox 1743 4435 3329 4507; baseline -0.003 -18"><span class='ocrx_word' id='word_1_823' title='bbox 1743 4435 1935 4493; x_wconf 91' lang='lat' dir='ltr'><strong>litteris</strong></span> <span class='ocrx_word' id='word_1_824' title='bbox 1985 4438 2356 4497; x_wconf 86' lang='lat' dir='ltr'><strong>insinuabant.</strong></span> <span class='ocrx_word' id='word_1_825' title='bbox 2413 4454 2535 4493; x_wconf 89' lang='lat' dir='ltr'><strong>eum</strong></span> <span class='ocrx_word' id='word_1_826' title='bbox 2578 4438 2747 4507; x_wconf 90' lang='lat' dir='ltr'><strong>ipsius</strong></span> <span class='ocrx_word' id='word_1_827' title='bbox 2784 4440 3097 4492; x_wconf 87' lang='lat' dir='ltr'><strong>deeessorcs</strong></span> <span class='ocrx_word' id='word_1_828' title='bbox 3147 4449 3207 4488; x_wconf 88' lang='lat' dir='ltr'><strong>ea</strong></span> <span class='ocrx_word' id='word_1_829' title='bbox 3262 4435 3329 4507; x_wconf 81' lang='lat' dir='ltr'><strong>de</strong></span> 
     </span>
    </p>
   </div>
   <div class='ocr_carea' id='block_1_119' title="bbox 75 4504 3332 4582">
    <p class='ocr_par' dir='ltr' id='par_1_119' title="bbox 75 4504 3332 4582">
     <span class='ocr_line' id='line_1_123' title="bbox 75 4504 3332 4582; baseline -0.001 -20"><span class='ocrx_word' id='word_1_830' title='bbox 75 4510 197 4582; x_wconf 66' lang='lat' dir='ltr'><strong>teris</strong></span> <span class='ocrx_word' id='word_1_831' title='bbox 245 4512 550 4582; x_wconf 73' lang='lat' dir='ltr'><strong>episcopum</strong></span> <span class='ocrx_word' id='word_1_832' title='bbox 630 4504 793 4566; x_wconf 75' lang='lat' dir='ltr'><strong>fuisse</strong></span> <span class='ocrx_word' id='word_1_833' title='bbox 856 4504 1116 4566; x_wconf 75' lang='lat' dir='ltr'><strong>declarat.</strong></span> <span class='ocrx_word' id='word_1_834' title='bbox 1176 4509 1194 4581; x_wconf 96' lang='lat'><strong>(</strong></span> <span class='ocrx_word' id='word_1_835' title='bbox 1226 4510 1420 4582; x_wconf 86' lang='lat' dir='ltr'><strong>Euseb.</strong></span> <span class='ocrx_word' id='word_1_836' title='bbox 1488 4510 1628 4564; x_wconf 81' lang='lat' dir='ltr'><strong>llist.</strong></span> <span class='ocrx_word' id='word_1_837' title='bbox 1666 4505 1715 4565; x_wconf 87' lang='grc' dir='ltr'><strong>ῐ)</strong></span> <span class='ocrx_word' id='word_1_838' title='bbox 1739 4523 1903 4582; x_wconf 81' lang='lat' dir='ltr'><strong>causa</strong></span> <span class='ocrx_word' id='word_1_839' title='bbox 1932 4509 2230 4565; x_wconf 91' lang='lat' dir='ltr'><strong>noluissent</strong></span> <span class='ocrx_word' id='word_1_840' title='bbox 2257 4509 2497 4582; x_wconf 85' lang='lat' dir='ltr'><strong>Asianos</strong></span> <span class='ocrx_word' id='word_1_841' title='bbox 2519 4504 2748 4578; x_wconf 87' lang='lat' dir='ltr'><strong>rejicere</strong></span> <span class='ocrx_word' id='word_1_842' title='bbox 2771 4509 2866 4563; x_wconf 90' lang='lat' dir='ltr'><strong>sed</strong></span> <span class='ocrx_word' id='word_1_843' title='bbox 2897 4522 3083 4582; x_wconf 83' lang='lat' dir='ltr'><strong>pacem</strong></span> <span class='ocrx_word' id='word_1_844' title='bbox 3111 4521 3229 4560; x_wconf 89' lang='lat' dir='ltr'><strong>cum</strong></span> <span class='ocrx_word' id='word_1_845' title='bbox 3261 4504 3332 4558; x_wconf 68' lang='lat' dir='ltr'><strong>iis-</strong></span> 
     </span>
    </p>
   </div>
   <div class='ocr_carea' id='block_1_120' title="bbox 76 4580 1634 4649">
    <p class='ocr_par' dir='ltr' id='par_1_120' title="bbox 76 4580 1634 4649">
     <span class='ocr_line' id='line_1_124' title="bbox 76 4580 1634 4649; baseline 0.002 -17"><span class='ocrx_word' id='word_1_846' title='bbox 76 4580 145 4649; x_wconf 84' lang='lat' dir='ltr'><strong>ib.</strong></span> <span class='ocrx_word' id='word_1_847' title='bbox 183 4595 231 4630; x_wconf 92' lang='lat' dir='ltr'><strong>v.</strong></span> <span class='ocrx_word' id='word_1_848' title='bbox 259 4597 302 4635; x_wconf 91' lang='lat' dir='ltr'><strong>c.</strong></span> <span class='ocrx_word' id='word_1_849' title='bbox 333 4580 448 4644; x_wconf 72' lang='lat'><strong>22.)</strong></span> <span class='ocrx_word' id='word_1_850' title='bbox 499 4581 684 4636; x_wconf 87' lang='lat' dir='ltr'><strong>Victor</strong></span> <span class='ocrx_word' id='word_1_851' title='bbox 713 4582 966 4637; x_wconf 75' lang='lat' dir='ltr'><strong>Romana:</strong></span> <span class='ocrx_word' id='word_1_852' title='bbox 1012 4582 1162 4636; x_wconf 90' lang='lat' dir='ltr'><strong>urbis</strong></span> <span class='ocrx_word' id='word_1_853' title='bbox 1209 4580 1492 4649; x_wconf 88' lang='lat' dir='ltr'><strong>episcopus</strong></span> <span class='ocrx_word' id='word_1_854' title='bbox 1517 4622 1531 4642; x_wconf 91' lang='lat'><strong>,</strong></span> <span class='ocrx_word' id='word_1_855' title='bbox 1580 4591 1634 4635; x_wconf 87' lang='lat' dir='ltr'><strong>et</strong></span> 
     </span>
    </p>
   </div>
   <div class='ocr_carea' id='block_1_121' title="bbox 75 4648 1633 4723">
    <p class='ocr_par' dir='ltr' id='par_1_121' title="bbox 75 4648 1633 4723">
     <span class='ocr_line' id='line_1_125' title="bbox 75 4648 1633 4723; baseline 0.003 -21"><span class='ocrx_word' id='word_1_856' title='bbox 75 4648 328 4723; x_wconf 75' lang='lat' dir='ltr'><strong>iarcissus</strong></span> <span class='ocrx_word' id='word_1_857' title='bbox 364 4651 892 4723; x_wconf 77' lang='lat' dir='ltr'><strong>Hierosolymorum,</strong></span> <span class='ocrx_word' id='word_1_858' title='bbox 940 4661 1073 4716; x_wconf 91' lang='lat' dir='ltr'><strong>elc.,</strong></span> <span class='ocrx_word' id='word_1_859' title='bbox 1098 4648 1254 4723; x_wconf 79' lang='lat' dir='ltr'><strong>quod</strong></span> <span class='ocrx_word' id='word_1_860' title='bbox 1291 4649 1392 4723; x_wconf 80' lang='lat' dir='ltr'><strong>sibi</strong></span> <span class='ocrx_word' id='word_1_861' title='bbox 1442 4653 1633 4723; x_wconf 80' lang='lat' dir='ltr'><strong>proha-</strong></span> 
     </span>
    </p>
   </div>
   <div class='ocr_carea' id='block_1_122' title="bbox 75 4720 1628 4792">
    <p class='ocr_par' dir='ltr' id='par_1_122' title="bbox 75 4720 1628 4792">
     <span class='ocr_line' id='line_1_126' title="bbox 75 4720 1628 4792; baseline 0.002 -19"><span class='ocrx_word' id='word_1_862' title='bbox 75 4722 154 4774; x_wconf 56' lang='lat' dir='ltr'><strong>oile</strong></span> <span class='ocrx_word' id='word_1_863' title='bbox 180 4722 342 4776; x_wconf 81' lang='lat' dir='ltr'><strong>visum</strong></span> <span class='ocrx_word' id='word_1_864' title='bbox 368 4722 548 4785; x_wconf 79' lang='lat' dir='ltr'><strong>fuerit,</strong></span> <span class='ocrx_word' id='word_1_865' title='bbox 569 4720 762 4779; x_wconf 81' lang='lat' dir='ltr'><strong>litteris</strong></span> <span class='ocrx_word' id='word_1_866' title='bbox 783 4723 1083 4779; x_wconf 87' lang='lat' dir='ltr'><strong>ediderunt.</strong></span> <span class='ocrx_word' id='word_1_867' title='bbox 1117 4720 1134 4775; x_wconf 60' lang='grc' dir='ltr'><strong>ι</strong></span> <span class='ocrx_word' id='word_1_868' title='bbox 1161 4721 1326 4792; x_wconf 87' lang='lat' dir='ltr'><strong>(Idem</strong></span> <span class='ocrx_word' id='word_1_869' title='bbox 1354 4721 1406 4774; x_wconf 91' lang='lat' dir='ltr'><strong>in</strong></span> <span class='ocrx_word' id='word_1_870' title='bbox 1434 4720 1628 4776; x_wconf 83' lang='lat' dir='ltr'><strong>Chron.</strong></span> 
     </span>
    </p>
   </div>
   <div class='ocr_carea' id='block_1_123' title="bbox 75 4793 559 4862">
    <p class='ocr_par' dir='ltr' id='par_1_123' title="bbox 75 4793 559 4862">
     <span class='ocr_line' id='line_1_127' title="bbox 75 4793 559 4862; baseline 0.004 -18"><span class='ocrx_word' id='word_1_871' title='bbox 75 4793 146 4845; x_wconf 89' lang='lat' dir='ltr'><strong>ub</strong></span> <span class='ocrx_word' id='word_1_872' title='bbox 195 4808 384 4847; x_wconf 91' lang='lat' dir='ltr'><strong>annum</strong></span> <span class='ocrx_word' id='word_1_873' title='bbox 414 4794 559 4862; x_wconf 65' lang='lat'><strong>498.)</strong></span> 
     </span>
    </p>
   </div>
   <div class='ocr_carea' id='block_1_124' title="bbox 117 4862 1632 4933">
    <p class='ocr_par' dir='ltr' id='par_1_124' title="bbox 117 4862 1632 4933">
     <span class='ocr_line' id='line_1_128' title="bbox 117 4862 1632 4933; baseline 0.001 -18"><span class='ocrx_word' id='word_1_874' title='bbox 117 4862 259 4916; x_wconf 89' lang='lat' dir='ltr'><strong>Idem</strong></span> <span class='ocrx_word' id='word_1_875' title='bbox 297 4863 624 4933; x_wconf 85' lang='lat' dir='ltr'><strong>Theophilus</strong></span> <span class='ocrx_word' id='word_1_876' title='bbox 665 4865 809 4920; x_wconf 91' lang='lat' dir='ltr'><strong>aliud</strong></span> <span class='ocrx_word' id='word_1_877' title='bbox 838 4864 1064 4920; x_wconf 89' lang='lat' dir='ltr'><strong>subinde</strong></span> <span class='ocrx_word' id='word_1_878' title='bbox 1115 4862 1401 4917; x_wconf 86' lang='lat' dir='ltr'><strong>concilium</strong></span> <span class='ocrx_word' id='word_1_879' title='bbox 1445 4862 1632 4933; x_wconf 72' lang='lat' dir='ltr'><strong>coegit</strong></span> 
     </span>
    </p>
   </div>
   <div class='ocr_carea' id='block_1_125' title="bbox 75 4931 1626 5005">
    <p class='ocr_par' dir='ltr' id='par_1_125' title="bbox 75 4931 1626 5005">
     <span class='ocr_line' id='line_1_129' title="bbox 75 4931 1626 5005; baseline 0.001 -20"><span class='ocrx_word' id='word_1_880' title='bbox 75 4949 99 4985; x_wconf 82' lang='lat' dir='ltr'><strong>ri</strong></span> <span class='ocrx_word' id='word_1_881' title='bbox 149 4948 242 4986; x_wconf 90' lang='lat' dir='ltr'><strong>sua</strong></span> <span class='ocrx_word' id='word_1_882' title='bbox 293 4931 596 5005; x_wconf 85' lang='lat' dir='ltr'><strong>metropoli,</strong></span> <span class='ocrx_word' id='word_1_883' title='bbox 647 4951 752 4991; x_wconf 92' lang='lat' dir='ltr'><strong>non</strong></span> <span class='ocrx_word' id='word_1_884' title='bbox 813 4936 982 4991; x_wconf 93' lang='lat' dir='ltr'><strong>solum</strong></span> <span class='ocrx_word' id='word_1_885' title='bbox 1037 4934 1319 5005; x_wconf 86' lang='lat' dir='ltr'><strong>episcopos</strong></span> <span class='ocrx_word' id='word_1_886' title='bbox 1367 4931 1626 5005; x_wconf 69' lang='lat' dir='ltr'><strong>suifraga-</strong></span> 
     </span>
    </p>
   </div>
   <div class='ocr_carea' id='block_1_126' title="bbox 83 5003 1625 5074">
    <p class='ocr_par' dir='ltr' id='par_1_126' title="bbox 83 5003 1625 5074">
     <span class='ocr_line' id='line_1_130' title="bbox 83 5003 1625 5074; baseline 0.003 -19"><span class='ocrx_word' id='word_1_887' title='bbox 83 5019 179 5058; x_wconf 89' lang='lat' dir='ltr'><strong>cos</strong></span> <span class='ocrx_word' id='word_1_888' title='bbox 224 5005 361 5060; x_wconf 92' lang='lat' dir='ltr'><strong>sedis</strong></span> <span class='ocrx_word' id='word_1_889' title='bbox 398 5003 544 5068; x_wconf 69' lang='lat' dir='ltr'><strong>suis,</strong></span> <span class='ocrx_word' id='word_1_890' title='bbox 580 5022 764 5062; x_wconf 87' lang='lat' dir='ltr'><strong>verum</strong></span> <span class='ocrx_word' id='word_1_891' title='bbox 807 5007 970 5061; x_wconf 90' lang='lat' dir='ltr'><strong>etiam</strong></span> <span class='ocrx_word' id='word_1_892' title='bbox 1018 5003 1085 5060; x_wconf 63' lang='lat' dir='ltr'><strong>ei</strong></span> <span class='ocrx_word' id='word_1_893' title='bbox 1133 5005 1298 5059; x_wconf 89' lang='lat' dir='ltr'><strong>variis</strong></span> <span class='ocrx_word' id='word_1_894' title='bbox 1332 5003 1625 5074; x_wconf 85' lang='lat' dir='ltr'><strong>provinciis</strong></span> 
     </span>
    </p>
   </div>
   <div class='ocr_carea' id='block_1_127' title="bbox 79 5074 1623 5144">
    <p class='ocr_par' dir='ltr' id='par_1_127' title="bbox 79 5074 1623 5144">
     <span class='ocr_line' id='line_1_131' title="bbox 79 5074 1623 5144; baseline 0.001 -17"><span class='ocrx_word' id='word_1_895' title='bbox 79 5089 363 5144; x_wconf 87' lang='lat' dir='ltr'><strong>onvocans,</strong></span> <span class='ocrx_word' id='word_1_896' title='bbox 391 5078 680 5134; x_wconf 88' lang='lat' dir='ltr'><strong>mandante</strong></span> <span class='ocrx_word' id='word_1_897' title='bbox 708 5077 945 5141; x_wconf 88' lang='lat' dir='ltr'><strong>Victore,</strong></span> <span class='ocrx_word' id='word_1_898' title='bbox 971 5076 1056 5131; x_wconf 90' lang='lat' dir='ltr'><strong>cui</strong></span> <span class='ocrx_word' id='word_1_899' title='bbox 1083 5075 1284 5144; x_wconf 90' lang='lat' dir='ltr'><strong>placuit</strong></span> <span class='ocrx_word' id='word_1_900' title='bbox 1314 5077 1379 5128; x_wconf 91' lang='lat' dir='ltr'><strong>de</strong></span> <span class='ocrx_word' id='word_1_901' title='bbox 1401 5074 1623 5129; x_wconf 80' lang='lat' dir='ltr'><strong>Pasch:e</strong></span> 
     </span>
    </p>
   </div>
   <div class='ocr_carea' id='block_1_128' title="bbox 78 5143 1621 5203">
    <p class='ocr_par' dir='ltr' id='par_1_128' title="bbox 78 5143 1621 5203">
     <span class='ocr_line' id='line_1_132' title="bbox 78 5143 1621 5203; baseline 0.003 -7"><span class='ocrx_word' id='word_1_902' title='bbox 78 5143 400 5200; x_wconf 86' lang='lat' dir='ltr'><strong>elebratioue</strong></span> <span class='ocrx_word' id='word_1_903' title='bbox 435 5148 505 5201; x_wconf 92' lang='lat' dir='ltr'><strong>ita</strong></span> <span class='ocrx_word' id='word_1_904' title='bbox 558 5149 1052 5203; x_wconf 89' lang='lat' dir='ltr'><strong>concordi-statuto</strong></span> <span class='ocrx_word' id='word_1_905' title='bbox 1083 5143 1236 5199; x_wconf 79' lang='lat' dir='ltr'><strong>diem</strong></span> <span class='ocrx_word' id='word_1_906' title='bbox 1289 5145 1505 5200; x_wconf 88' lang='lat' dir='ltr'><strong>decerni</strong></span> <span class='ocrx_word' id='word_1_907' title='bbox 1557 5161 1621 5200; x_wconf 89' lang='lat' dir='ltr'><strong>ac</strong></span> 
     </span>
    </p>
   </div>
   <div class='ocr_carea' id='block_1_129' title="bbox 79 5215 1620 5288">
    <p class='ocr_par' dir='ltr' id='par_1_129' title="bbox 79 5215 1620 5288">
     <span class='ocr_line' id='line_1_133' title="bbox 79 5215 1620 5288; baseline 0.002 -21"><span class='ocrx_word' id='word_1_908' title='bbox 79 5215 275 5269; x_wconf 88' lang='lat' dir='ltr'><strong>tahiliri</strong></span> <span class='ocrx_word' id='word_1_909' title='bbox 303 5217 352 5269; x_wconf 93' lang='lat' dir='ltr'><strong>in</strong></span> <span class='ocrx_word' id='word_1_910' title='bbox 393 5218 701 5288; x_wconf 84' lang='lat' dir='ltr'><strong>regionibus</strong></span> <span class='ocrx_word' id='word_1_911' title='bbox 747 5235 882 5288; x_wconf 91' lang='lat' dir='ltr'><strong>quas</strong></span> <span class='ocrx_word' id='word_1_912' title='bbox 933 5216 1139 5288; x_wconf 15' lang='lat' dir='ltr'><strong>mundi,</strong></span> <span class='ocrx_word' id='word_1_913' title='bbox 1167 5215 1620 5288; x_wconf 57' lang='lat' dir='ltr'><strong>salvatorincm</strong></span> 
     </span>
    </p>
   </div>
   <div class='ocr_carea' id='block_1_130' title="bbox 76 5286 1616 5357">
    <p class='ocr_par' dir='ltr' id='par_1_130' title="bbox 76 5286 1616 5357">
     <span class='ocr_line' id='line_1_134' title="bbox 76 5286 1616 5357; baseline 0.002 -22"><span class='ocrx_word' id='word_1_914' title='bbox 76 5297 243 5357; x_wconf 82' lang='lat' dir='ltr'><strong>uerat,</strong></span> <span class='ocrx_word' id='word_1_915' title='bbox 276 5286 492 5355; x_wconf 79' lang='lat' dir='ltr'><strong>perinde</strong></span> <span class='ocrx_word' id='word_1_916' title='bbox 519 5304 582 5343; x_wconf 89' lang='lat' dir='ltr'><strong>ac</strong></span> <span class='ocrx_word' id='word_1_917' title='bbox 633 5290 684 5344; x_wconf 92' lang='lat' dir='ltr'><strong>in</strong></span> <span class='ocrx_word' id='word_1_918' title='bbox 745 5286 954 5344; x_wconf 59' lang='lat' dir='ltr'><strong>exteris</strong></span> <span class='ocrx_word' id='word_1_919' title='bbox 993 5287 1286 5357; x_wconf 86' lang='lat' dir='ltr'><strong>provinciis</strong></span> <span class='ocrx_word' id='word_1_920' title='bbox 1323 5286 1616 5357; x_wconf 63' lang='lat' dir='ltr'><strong>Christiani</strong></span> 
     </span>
    </p>
   </div>
   <div class='ocr_carea' id='block_1_131' title="bbox 83 5355 1617 5427">
    <p class='ocr_par' dir='ltr' id='par_1_131' title="bbox 83 5355 1617 5427">
     <span class='ocr_line' id='line_1_135' title="bbox 83 5355 1617 5427; baseline 0.001 -20"><span class='ocrx_word' id='word_1_921' title='bbox 83 5355 194 5427; x_wconf 84' lang='lat' dir='ltr'><strong>rbis</strong></span> <span class='ocrx_word' id='word_1_922' title='bbox 228 5357 508 5427; x_wconf 82' lang='lat' dir='ltr'><strong>celebrare</strong></span> <span class='ocrx_word' id='word_1_923' title='bbox 536 5375 619 5412; x_wconf 92' lang='lat' dir='ltr'><strong>ur.</strong></span> <span class='ocrx_word' id='word_1_924' title='bbox 678 5359 752 5412; x_wconf 87' lang='lat' dir='ltr'><strong>Ea</strong></span> <span class='ocrx_word' id='word_1_925' title='bbox 783 5359 848 5412; x_wconf 90' lang='lat' dir='ltr'><strong>de</strong></span> <span class='ocrx_word' id='word_1_926' title='bbox 899 5374 960 5412; x_wconf 89' lang='lat' dir='ltr'><strong>re</strong></span> <span class='ocrx_word' id='word_1_927' title='bbox 989 5355 1201 5412; x_wconf 80' lang='lat' dir='ltr'><strong>constat</strong></span> <span class='ocrx_word' id='word_1_928' title='bbox 1233 5357 1286 5410; x_wconf 91' lang='lat' dir='ltr'><strong>in</strong></span> <span class='ocrx_word' id='word_1_929' title='bbox 1318 5355 1617 5427; x_wconf 80' lang='lat' dir='ltr'><strong>fragmento</strong></span> 
     </span>
    </p>
   </div>
   <div class='ocr_carea' id='block_1_132' title="bbox 76 5425 1616 5496">
    <p class='ocr_par' dir='ltr' id='par_1_132' title="bbox 76 5425 1616 5496">
     <span class='ocr_line' id='line_1_136' title="bbox 76 5425 1616 5496; baseline 0.002 -19"><span class='ocrx_word' id='word_1_930' title='bbox 76 5425 256 5496; x_wconf 82' lang='lat' dir='ltr'><strong>oncilii</strong></span> <span class='ocrx_word' id='word_1_931' title='bbox 289 5443 379 5496; x_wconf 90' lang='lat' dir='ltr'><strong>per</strong></span> <span class='ocrx_word' id='word_1_932' title='bbox 418 5429 780 5484; x_wconf 86' lang='lat' dir='ltr'><strong>venerabilem</strong></span> <span class='ocrx_word' id='word_1_933' title='bbox 827 5429 1027 5483; x_wconf 88' lang='lat' dir='ltr'><strong>Bedam</strong></span> <span class='ocrx_word' id='word_1_934' title='bbox 1061 5427 1214 5482; x_wconf 92' lang='lat' dir='ltr'><strong>nobis</strong></span> <span class='ocrx_word' id='word_1_935' title='bbox 1249 5425 1616 5496; x_wconf 76' lang='lat' dir='ltr'><strong>praeservato:</strong></span> 
     </span>
    </p>
   </div>
   <div class='ocr_carea' id='block_1_133' title="bbox 112 5495 1616 5568">
    <p class='ocr_par' dir='ltr' id='par_1_133' title="bbox 112 5495 1616 5568">
     <span class='ocr_line' id='line_1_137' title="bbox 112 5495 1616 5568; baseline 0.001 -20"><span class='ocrx_word' id='word_1_936' title='bbox 112 5495 249 5564; x_wconf 90' lang='lat' dir='ltr'><strong>Papa</strong></span> <span class='ocrx_word' id='word_1_937' title='bbox 280 5495 458 5553; x_wconf 88' lang='lat' dir='ltr'><strong>Victor</strong></span> <span class='ocrx_word' id='word_1_938' title='bbox 489 5499 744 5555; x_wconf 74' lang='lat' dir='ltr'><strong>Romanze</strong></span> <span class='ocrx_word' id='word_1_939' title='bbox 772 5500 921 5554; x_wconf 89' lang='lat' dir='ltr'><strong>urbis</strong></span> <span class='ocrx_word' id='word_1_940' title='bbox 967 5495 1477 5568; x_wconf 26' lang='lat' dir='ltr'><strong>episcopus’direxit</strong></span> <span class='ocrx_word' id='word_1_941' title='bbox 1517 5511 1616 5568; x_wconf 15' lang='lat' dir='ltr'><strong>tau-</strong></span> 
     </span>
    </p>
   </div>
   <div class='ocr_carea' id='block_1_134' title="bbox 81 5566 1617 5640">
    <p class='ocr_par' dir='ltr' id='par_1_134' title="bbox 81 5566 1617 5640">
     <span class='ocr_line' id='line_1_138' title="bbox 81 5566 1617 5640; baseline 0.003 -22"><span class='ocrx_word' id='word_1_942' title='bbox 81 5567 341 5640; x_wconf 70' lang='lat' dir='ltr'><strong>totitatcm</strong></span> <span class='ocrx_word' id='word_1_943' title='bbox 393 5569 458 5623; x_wconf 91' lang='lat' dir='ltr'><strong>ad</strong></span> <span class='ocrx_word' id='word_1_944' title='bbox 489 5569 872 5640; x_wconf 85' lang='lat' dir='ltr'><strong>The0philum,</strong></span> <span class='ocrx_word' id='word_1_945' title='bbox 907 5566 1264 5640; x_wconf 61' lang='lat' dir='ltr'><strong>Caesareensis</strong></span> <span class='ocrx_word' id='word_1_946' title='bbox 1320 5566 1617 5622; x_wconf 66' lang='lat' dir='ltr'><strong>PalzeStinre</strong></span> 
     </span>
    </p>
   </div>
   <div class='ocr_carea' id='block_1_135' title="bbox 83 5637 1614 5710">
    <p class='ocr_par' dir='ltr' id='par_1_135' title="bbox 83 5637 1614 5710">
     <span class='ocr_line' id='line_1_139' title="bbox 83 5637 1614 5710; baseline 0.003 -23"><span class='ocrx_word' id='word_1_947' title='bbox 83 5637 349 5710; x_wconf 85' lang='lat' dir='ltr'><strong>utistitem,</strong></span> <span class='ocrx_word' id='word_1_948' title='bbox 379 5647 438 5692; x_wconf 90' lang='lat' dir='ltr'><strong>ut</strong></span> <span class='ocrx_word' id='word_1_949' title='bbox 471 5657 577 5710; x_wconf 92' lang='lat' dir='ltr'><strong>quo</strong></span> <span class='ocrx_word' id='word_1_950' title='bbox 608 5637 770 5696; x_wconf 55' lang='lat' dir='ltr'><strong>mod:</strong></span> <span class='ocrx_word' id='word_1_951' title='bbox 791 5640 994 5695; x_wconf 88' lang='lat' dir='ltr'><strong>Pascha</strong></span> <span class='ocrx_word' id='word_1_952' title='bbox 1034 5647 1179 5710; x_wconf 82' lang='lat' dir='ltr'><strong>recto</strong></span> <span class='ocrx_word' id='word_1_953' title='bbox 1202 5639 1323 5710; x_wconf 80' lang='lat' dir='ltr'><strong>jure</strong></span> <span class='ocrx_word' id='word_1_954' title='bbox 1349 5640 1614 5710; x_wconf 86' lang='lat' dir='ltr'><strong>acunetis</strong></span> 
     </span>
    </p>
   </div>
   <div class='ocr_carea' id='block_1_136' title="bbox 78 5708 1608 5780">
    <p class='ocr_par' dir='ltr' id='par_1_136' title="bbox 78 5708 1608 5780">
     <span class='ocr_line' id='line_1_140' title="bbox 78 5708 1608 5780; baseline 0.004 -23"><span class='ocrx_word' id='word_1_955' title='bbox 78 5708 318 5763; x_wconf 84' lang='lat' dir='ltr'><strong>atholieis</strong></span> <span class='ocrx_word' id='word_1_956' title='bbox 352 5708 718 5766; x_wconf 82' lang='lat' dir='ltr'><strong>celebraretur</strong></span> <span class='ocrx_word' id='word_1_957' title='bbox 746 5711 1034 5780; x_wconf 69' lang='lat' dir='ltr'><strong>Ecclesiis,</strong></span> <span class='ocrx_word' id='word_1_958' title='bbox 1091 5709 1218 5764; x_wconf 88' lang='lat' dir='ltr'><strong>inibi</strong></span> <span class='ocrx_word' id='word_1_959' title='bbox 1271 5709 1429 5763; x_wconf 81' lang='lat' dir='ltr'><strong>fuerit</strong></span> <span class='ocrx_word' id='word_1_960' title='bbox 1459 5710 1608 5764; x_wconf 83' lang='lat' dir='ltr'><strong>ordi-</strong></span> 
     </span>
    </p>
   </div>
   <div class='ocr_carea' id='block_1_137' title="bbox 75 5779 1609 5844">
    <p class='ocr_par' dir='ltr' id='par_1_137' title="bbox 75 5779 1609 5844">
     <span class='ocr_line' id='line_1_141' title="bbox 75 5779 1609 5844; baseline 0.003 -14"><span class='ocrx_word' id='word_1_961' title='bbox 75 5779 210 5844; x_wconf 49' lang='lat' dir='ltr'><strong>iatio,</strong></span> <span class='ocrx_word' id='word_1_962' title='bbox 267 5780 348 5835; x_wconf 87' lang='lat' dir='ltr'><strong>ubi</strong></span> <span class='ocrx_word' id='word_1_963' title='bbox 403 5781 657 5838; x_wconf 89' lang='lat' dir='ltr'><strong>Dominus</strong></span> <span class='ocrx_word' id='word_1_964' title='bbox 705 5791 758 5838; x_wconf 89' lang='lat' dir='ltr'><strong>et</strong></span> <span class='ocrx_word' id='word_1_965' title='bbox 811 5782 1054 5838; x_wconf 87' lang='lat' dir='ltr'><strong>Salvator</strong></span> <span class='ocrx_word' id='word_1_966' title='bbox 1104 5782 1286 5838; x_wconf 88' lang='lat' dir='ltr'><strong>mundi</strong></span> <span class='ocrx_word' id='word_1_967' title='bbox 1334 5781 1507 5837; x_wconf 81' lang='lat' dir='ltr'><strong>fuerat</strong></span> <span class='ocrx_word' id='word_1_968' title='bbox 1555 5781 1609 5836; x_wconf 90' lang='lat' dir='ltr'><strong>in</strong></span> 
     </span>
    </p>
   </div>
   <div class='ocr_carea' id='block_1_138' title="bbox 1737 4579 3326 4650">
    <p class='ocr_par' dir='ltr' id='par_1_138' title="bbox 1737 4579 3326 4650">
     <span class='ocr_line' id='line_1_142' title="bbox 1737 4579 3326 4650; baseline -0.004 -17"><span class='ocrx_word' id='word_1_969' title='bbox 1737 4579 2069 4644; x_wconf 86' lang='lat' dir='ltr'><strong>coluissent,</strong></span> <span class='ocrx_word' id='word_1_970' title='bbox 2126 4588 2416 4650; x_wconf 66' lang='lat' dir='ltr'><strong>praestare,</strong></span> <span class='ocrx_word' id='word_1_971' title='bbox 2479 4581 2635 4648; x_wconf 75' lang='lat' dir='ltr'><strong>juxta</strong></span> <span class='ocrx_word' id='word_1_972' title='bbox 2691 4595 2912 4634; x_wconf 88' lang='lat' dir='ltr'><strong>suorum</strong></span> <span class='ocrx_word' id='word_1_973' title='bbox 2980 4579 3326 4632; x_wconf 84' lang='lat' dir='ltr'><strong>decessurum</strong></span> 
     </span>
    </p>
   </div>
   <div class='ocr_carea' id='block_1_139' title="bbox 1736 4649 3322 4719">
    <p class='ocr_par' dir='ltr' id='par_1_139' title="bbox 1736 4649 3322 4719">
     <span class='ocr_line' id='line_1_143' title="bbox 1736 4649 3322 4719; baseline -0.004 -15"><span class='ocrx_word' id='word_1_974' title='bbox 1736 4649 2004 4719; x_wconf 84' lang='lat' dir='ltr'><strong>exempla,</strong></span> <span class='ocrx_word' id='word_1_975' title='bbox 2042 4658 2101 4704; x_wconf 90' lang='lat' dir='ltr'><strong>ut</strong></span> <span class='ocrx_word' id='word_1_976' title='bbox 2129 4649 2239 4706; x_wconf 86' lang='lat' dir='ltr'><strong>hos</strong></span> <span class='ocrx_word' id='word_1_977' title='bbox 2293 4651 2515 4705; x_wconf 90' lang='lat' dir='ltr'><strong>haberet</strong></span> <span class='ocrx_word' id='word_1_978' title='bbox 2546 4652 2853 4713; x_wconf 88' lang='lat' dir='ltr'><strong>humanius,</strong></span> <span class='ocrx_word' id='word_1_979' title='bbox 2884 4661 2940 4702; x_wconf 90' lang='lat' dir='ltr'><strong>et</strong></span> <span class='ocrx_word' id='word_1_980' title='bbox 2982 4663 3168 4719; x_wconf 80' lang='lat' dir='ltr'><strong>pacein</strong></span> <span class='ocrx_word' id='word_1_981' title='bbox 3199 4662 3322 4698; x_wconf 92' lang='lat' dir='ltr'><strong>cum</strong></span> 
     </span>
    </p>
   </div>
   <div class='ocr_carea' id='block_1_140' title="bbox 1739 4717 3326 4791">
    <p class='ocr_par' dir='ltr' id='par_1_140' title="bbox 1739 4717 3326 4791">
     <span class='ocr_line' id='line_1_144' title="bbox 1739 4717 3326 4791; baseline -0.004 -19"><span class='ocrx_word' id='word_1_982' title='bbox 1739 4720 1803 4791; x_wconf 87' lang='lat' dir='ltr'><strong>iis</strong></span> <span class='ocrx_word' id='word_1_983' title='bbox 1833 4717 2200 4777; x_wconf 80' lang='lat' dir='ltr'><strong>conservaret.</strong></span> <span class='ocrx_word' id='word_1_984' title='bbox 2246 4741 2264 4772; x_wconf 79' lang='grc' dir='ltr'><strong>ι</strong></span> <span class='ocrx_word' id='word_1_985' title='bbox 2311 4722 2462 4776; x_wconf 90' lang='lat' dir='ltr'><strong>Illum</strong></span> <span class='ocrx_word' id='word_1_986' title='bbox 2503 4721 2669 4791; x_wconf 86' lang='lat' dir='ltr'><strong>igitur</strong></span> <span class='ocrx_word' id='word_1_987' title='bbox 2718 4717 3040 4791; x_wconf 79' lang='lat' dir='ltr'><strong>magnopere</strong></span> <span class='ocrx_word' id='word_1_988' title='bbox 3071 4717 3326 4791; x_wconf 77' lang='lat' dir='ltr'><strong>adhorta-</strong></span> 
     </span>
    </p>
   </div>
   <div class='ocr_carea' id='block_1_141' title="bbox 1734 4787 3322 4862">
    <p class='ocr_par' dir='ltr' id='par_1_141' title="bbox 1734 4787 3322 4862">
     <span class='ocr_line' id='line_1_145' title="bbox 1734 4787 3322 4862; baseline 0.001 -19"><span class='ocrx_word' id='word_1_989' title='bbox 1734 4790 1967 4857; x_wconf 91' lang='lat' dir='ltr'><strong>bantur,</strong></span> <span class='ocrx_word' id='word_1_990' title='bbox 2035 4802 2094 4847; x_wconf 91' lang='lat' dir='ltr'><strong>ut</strong></span> <span class='ocrx_word' id='word_1_991' title='bbox 2145 4793 2322 4862; x_wconf 86' lang='lat' dir='ltr'><strong>pacis,</strong></span> <span class='ocrx_word' id='word_1_992' title='bbox 2374 4787 2698 4862; x_wconf 67' lang='lat' dir='ltr'><strong>concordire,</strong></span> <span class='ocrx_word' id='word_1_993' title='bbox 2752 4787 3155 4862; x_wconf 24' lang='lat' dir='ltr'><strong>etvcliaritatis&#39;</strong></span> <span class='ocrx_word' id='word_1_994' title='bbox 3193 4802 3322 4854; x_wconf 72' lang='lat' dir='ltr'><strong>erga</strong></span> 
     </span>
    </p>
   </div>
   <div class='ocr_carea' id='block_1_142' title="bbox 1733 4857 3110 4933">
    <p class='ocr_par' dir='ltr' id='par_1_142' title="bbox 1733 4857 3110 4933">
     <span class='ocr_line' id='line_1_146' title="bbox 1733 4857 3110 4933; baseline -0.005 -18"><span class='ocrx_word' id='word_1_995' title='bbox 1733 4863 2010 4933; x_wconf 65' lang='lat' dir='ltr'><strong>proximos</strong></span> <span class='ocrx_word' id='word_1_996' title='bbox 2047 4857 2357 4933; x_wconf 76' lang='lat' dir='ltr'><strong>diligentem</strong></span> <span class='ocrx_word' id='word_1_997' title='bbox 2389 4877 2574 4917; x_wconf 89' lang='lat' dir='ltr'><strong>curam</strong></span> <span class='ocrx_word' id='word_1_998' title='bbox 2600 4861 2840 4933; x_wconf 81' lang='lat' dir='ltr'><strong>haberet.</strong></span> <span class='ocrx_word' id='word_1_999' title='bbox 2876 4878 2894 4911; x_wconf 72' lang='grc' dir='ltr'><strong>ι</strong></span> <span class='ocrx_word' id='word_1_1000' title='bbox 2923 4857 3110 4933; x_wconf 61' lang='lat' dir='ltr'><strong>titul.)</strong></span> 
     </span>
    </p>
   </div>
   <div class='ocr_carea' id='block_1_143' title="bbox 1805 4927 3320 5002">
    <p class='ocr_par' dir='ltr' id='par_1_143' title="bbox 1805 4927 3320 5002">
     <span class='ocr_line' id='line_1_147' title="bbox 1805 4927 3320 5002; baseline -0.005 -16"><span class='ocrx_word' id='word_1_1001' title='bbox 1805 4932 1904 4999; x_wconf 88' lang='lat' dir='ltr'><strong>Qui</strong></span> <span class='ocrx_word' id='word_1_1002' title='bbox 1937 4935 2051 4989; x_wconf 76' lang='lat' dir='ltr'><strong>haec</strong></span> <span class='ocrx_word' id='word_1_1003' title='bbox 2097 4927 2404 5002; x_wconf 77' lang='lat' dir='ltr'><strong>singillatim</strong></span> <span class='ocrx_word' id='word_1_1004' title='bbox 2456 4931 2864 5002; x_wconf 79' lang='lat' dir='ltr'><strong>perscribebant</strong></span> <span class='ocrx_word' id='word_1_1005' title='bbox 2898 4927 3167 5002; x_wconf 76' lang='lat' dir='ltr'><strong>episeOpi,</strong></span> <span class='ocrx_word' id='word_1_1006' title='bbox 3213 4942 3320 5002; x_wconf 84' lang='lat' dir='ltr'><strong>non</strong></span> 
     </span>
    </p>
   </div>
   <div class='ocr_carea' id='block_1_144' title="bbox 1729 4999 3321 5078">
    <p class='ocr_par' dir='ltr' id='par_1_144' title="bbox 1729 4999 3321 5078">
     <span class='ocr_line' id='line_1_148' title="bbox 1729 4999 3321 5078; baseline -0.005 -20"><span class='ocrx_word' id='word_1_1007' title='bbox 1729 5003 1861 5059; x_wconf 85' lang='lat' dir='ltr'><strong>satis</strong></span> <span class='ocrx_word' id='word_1_1008' title='bbox 1883 4999 2231 5078; x_wconf 75' lang='lat' dir='ltr'><strong>attendebant</strong></span> <span class='ocrx_word' id='word_1_1009' title='bbox 2257 4999 2766 5078; x_wconf 45' lang='lat' dir='ltr'><strong>catisas&#39;sttadentes</strong></span> <span class='ocrx_word' id='word_1_1010' title='bbox 2792 4999 3042 5078; x_wconf 65' lang='lat' dir='ltr'><strong>Ecclesia:</strong></span> <span class='ocrx_word' id='word_1_1011' title='bbox 3071 5006 3231 5078; x_wconf 79' lang='lat' dir='ltr'><strong>caput</strong></span> <span class='ocrx_word' id='word_1_1012' title='bbox 3252 5001 3321 5050; x_wconf 85' lang='lat' dir='ltr'><strong>ad</strong></span> 
     </span>
    </p>
   </div>
   <div class='ocr_carea' id='block_1_145' title="bbox 1727 5071 3321 5144">
    <p class='ocr_par' dir='ltr' id='par_1_145' title="bbox 1727 5071 3321 5144">
     <span class='ocr_line' id='line_1_149' title="bbox 1727 5071 3321 5144; baseline -0.003 -18"><span class='ocrx_word' id='word_1_1013' title='bbox 1727 5075 1992 5140; x_wconf 82' lang='lat' dir='ltr'><strong>agendum</strong></span> <span class='ocrx_word' id='word_1_1014' title='bbox 2019 5075 2277 5130; x_wconf 86' lang='lat' dir='ltr'><strong>severius.</strong></span> <span class='ocrx_word' id='word_1_1015' title='bbox 2309 5074 2556 5140; x_wconf 84' lang='lat' dir='ltr'><strong>Quandiu</strong></span> <span class='ocrx_word' id='word_1_1016' title='bbox 2579 5074 2806 5144; x_wconf 58' lang='lat' dir='ltr'><strong>quaestio</strong></span> <span class='ocrx_word' id='word_1_1017' title='bbox 2829 5071 3148 5126; x_wconf 87' lang='lat' dir='ltr'><strong>versabatur</strong></span> <span class='ocrx_word' id='word_1_1018' title='bbox 3173 5071 3321 5144; x_wconf 79' lang='lat' dir='ltr'><strong>circa</strong></span> 
     </span>
    </p>
   </div>
   <div class='ocr_carea' id='block_1_146' title="bbox 1727 5140 3320 5214">
    <p class='ocr_par' dir='ltr' id='par_1_146' title="bbox 1727 5140 3320 5214">
     <span class='ocr_line' id='line_1_150' title="bbox 1727 5140 3320 5214; baseline -0.005 -16"><span class='ocrx_word' id='word_1_1019' title='bbox 1727 5144 2064 5214; x_wconf 89' lang='lat' dir='ltr'><strong>disciplinam</strong></span> <span class='ocrx_word' id='word_1_1020' title='bbox 2091 5147 2206 5199; x_wconf 71' lang='lat' dir='ltr'><strong>haec</strong></span> <span class='ocrx_word' id='word_1_1021' title='bbox 2227 5145 2447 5200; x_wconf 84' lang='lat' dir='ltr'><strong>dissidia</strong></span> <span class='ocrx_word' id='word_1_1022' title='bbox 2481 5140 2663 5200; x_wconf 75' lang='lat' dir='ltr'><strong>secum</strong></span> <span class='ocrx_word' id='word_1_1023' title='bbox 2696 5144 3019 5202; x_wconf 88' lang='lat' dir='ltr'><strong>trahentem,</strong></span> <span class='ocrx_word' id='word_1_1024' title='bbox 3044 5140 3320 5214; x_wconf 65' lang='lat' dir='ltr'><strong>priceipue</strong></span> 
     </span>
    </p>
   </div>
   <div class='ocr_carea' id='block_1_147' title="bbox 1727 5211 3318 5285">
    <p class='ocr_par' dir='ltr' id='par_1_147' title="bbox 1727 5211 3318 5285">
     <span class='ocr_line' id='line_1_151' title="bbox 1727 5211 3318 5285; baseline -0.003 -18"><span class='ocrx_word' id='word_1_1025' title='bbox 1727 5211 2122 5284; x_wconf 72' lang='lat' dir='ltr'><strong>posthabitam</strong></span> <span class='ocrx_word' id='word_1_1026' title='bbox 2165 5229 2193 5268; x_wconf 90' lang='lat' dir='ltr'><strong>a</strong></span> <span class='ocrx_word' id='word_1_1027' title='bbox 2246 5214 2304 5270; x_wconf 92' lang='lat' dir='ltr'><strong>S.</strong></span> <span class='ocrx_word' id='word_1_1028' title='bbox 2355 5214 2650 5285; x_wconf 88' lang='lat' dir='ltr'><strong>Polycarpo</strong></span> <span class='ocrx_word' id='word_1_1029' title='bbox 2682 5229 2746 5269; x_wconf 89' lang='lat' dir='ltr'><strong>ea</strong></span> <span class='ocrx_word' id='word_1_1030' title='bbox 2792 5215 2857 5268; x_wconf 89' lang='lat' dir='ltr'><strong>de</strong></span> <span class='ocrx_word' id='word_1_1031' title='bbox 2887 5227 2944 5266; x_wconf 90' lang='lat' dir='ltr'><strong>re</strong></span> <span class='ocrx_word' id='word_1_1032' title='bbox 2956 5211 3318 5285; x_wconf 81' lang='lat' dir='ltr'><strong>_collati_oneut</strong></span> 
     </span>
    </p>
   </div>
   <div class='ocr_carea' id='block_1_148' title="bbox 1723 5281 3320 5355">
    <p class='ocr_par' dir='ltr' id='par_1_148' title="bbox 1723 5281 3320 5355">
     <span class='ocr_line' id='line_1_152' title="bbox 1723 5281 3320 5355; baseline -0.003 -17"><span class='ocrx_word' id='word_1_1033' title='bbox 1723 5281 1844 5338; x_wconf 83' lang='lat' dir='ltr'><strong>cum</strong></span> <span class='ocrx_word' id='word_1_1034' title='bbox 1871 5287 1926 5339; x_wconf 91' lang='lat' dir='ltr'><strong>S.</strong></span> <span class='ocrx_word' id='word_1_1035' title='bbox 1960 5285 2217 5350; x_wconf 81' lang='lat' dir='ltr'><strong>Aniceto,</strong></span> <span class='ocrx_word' id='word_1_1036' title='bbox 2251 5281 2664 5355; x_wconf 80' lang='lat' dir='ltr'><strong>permittebatur</strong></span> <span class='ocrx_word' id='word_1_1037' title='bbox 2698 5284 2913 5339; x_wconf 85' lang='lat' dir='ltr'><strong>Asianis</strong></span> <span class='ocrx_word' id='word_1_1038' title='bbox 2954 5281 3228 5355; x_wconf 70' lang='lat' dir='ltr'><strong>Ecclesiis,</strong></span> <span class='ocrx_word' id='word_1_1039' title='bbox 3259 5289 3320 5334; x_wconf 86' lang='lat' dir='ltr'><strong>ut</strong></span> 
     </span>
    </p>
   </div>
   <div class='ocr_carea' id='block_1_149' title="bbox 1728 5352 3313 5411">
    <p class='ocr_par' dir='ltr' id='par_1_149' title="bbox 1728 5352 3313 5411">
     <span class='ocr_line' id='line_1_153' title="bbox 1728 5352 3313 5411; baseline -0.003 -4"><span class='ocrx_word' id='word_1_1040' title='bbox 1728 5357 2043 5411; x_wconf 84' lang='lat' dir='ltr'><strong>tranauille-</strong></span> <span class='ocrx_word' id='word_1_1041' title='bbox 2071 5352 2350 5410; x_wconf 80' lang='lat' dir='ltr'><strong>uterentur</strong></span> <span class='ocrx_word' id='word_1_1042' title='bbox 2398 5372 2492 5410; x_wconf 89' lang='lat' dir='ltr'><strong>sua</strong></span> <span class='ocrx_word' id='word_1_1043' title='bbox 2543 5356 2946 5411; x_wconf 86' lang='lat' dir='ltr'><strong>consuetudine.</strong></span> <span class='ocrx_word' id='word_1_1044' title='bbox 2993 5352 3191 5410; x_wconf 80' lang='lat' dir='ltr'><strong>Verum</strong></span> <span class='ocrx_word' id='word_1_1045' title='bbox 3247 5367 3313 5403; x_wconf 74' lang='lat' dir='ltr'><strong>ex</strong></span> 
     </span>
    </p>
   </div>
   <div class='ocr_carea' id='block_1_150' title="bbox 1728 5372 3315 5496">
    <p class='ocr_par' dir='ltr' id='par_1_150' title="bbox 1728 5372 3315 5496">
     <span class='ocr_line' id='line_1_154' title="bbox 1729 5372 3313 5411; baseline -0.003 -4"><span class='ocrx_word' id='word_1_1046' title='bbox 1729 5372 1844 5408; x_wconf 85' lang='lat' dir='ltr'><strong>tran</strong></span> <span class='ocrx_word' id='word_1_1047' title='bbox 1889 5372 2350 5410; x_wconf 83' lang='lat' dir='ltr'><strong>inite-uterentur</strong></span> <span class='ocrx_word' id='word_1_1048' title='bbox 2398 5372 2492 5410; x_wconf 90' lang='lat' dir='ltr'><strong>sua</strong></span> <span class='ocrx_word' id='word_1_1049' title='bbox 2543 5372 2946 5411; x_wconf 79' lang='lat' dir='ltr'><strong>consuetudine.</strong></span> <span class='ocrx_word' id='word_1_1050' title='bbox 3002 5372 3191 5410; x_wconf 76' lang='lat' dir='ltr'><strong>verum</strong></span> <span class='ocrx_word' id='word_1_1051' title='bbox 3247 5372 3313 5403; x_wconf 67' lang='grc' dir='ltr'><strong>«ελ</strong></span> 
     </span>
     <span class='ocr_line' id='line_1_155' title="bbox 1728 5372 3315 5496; baseline -0.002 -19"><span class='ocrx_word' id='word_1_1052' title='bbox 1728 5442 1835 5495; x_wconf 89' lang='lat' dir='ltr'><strong>quo</strong></span> <span class='ocrx_word' id='word_1_1053' title='bbox 1851 5372 2201 5481; x_wconf 51' lang='lat' dir='ltr'><strong>llontanistee</strong></span> <span class='ocrx_word' id='word_1_1054' title='bbox 2238 5443 2302 5481; x_wconf 75' lang='lat' dir='ltr'><strong>ex</strong></span> <span class='ocrx_word' id='word_1_1055' title='bbox 2347 5427 2483 5481; x_wconf 92' lang='lat' dir='ltr'><strong>ritus</strong></span> <span class='ocrx_word' id='word_1_1056' title='bbox 2527 5425 2812 5496; x_wconf 86' lang='lat' dir='ltr'><strong>disciplina</strong></span> <span class='ocrx_word' id='word_1_1057' title='bbox 2853 5425 3152 5496; x_wconf 76' lang='lat' dir='ltr'><strong>procudere</strong></span> <span class='ocrx_word' id='word_1_1058' title='bbox 3193 5421 3315 5496; x_wconf 84' lang='lat' dir='ltr'><strong>ausi</strong></span> 
     </span>
    </p>
   </div>
   <div class='ocr_carea' id='block_1_151' title="bbox 1726 5493 3314 5565">
    <p class='ocr_par' dir='ltr' id='par_1_151' title="bbox 1726 5493 3314 5565">
     <span class='ocr_line' id='line_1_156' title="bbox 1726 5493 3314 5565; baseline -0.002 -16"><span class='ocrx_word' id='word_1_1059' title='bbox 1726 5493 1851 5551; x_wconf 82' lang='lat' dir='ltr'><strong>sunt</strong></span> <span class='ocrx_word' id='word_1_1060' title='bbox 1880 5498 2070 5565; x_wconf 85' lang='lat' dir='ltr'><strong>dogma</strong></span> <span class='ocrx_word' id='word_1_1061' title='bbox 2112 5512 2142 5550; x_wconf 91' lang='lat' dir='ltr'><strong>a</strong></span> <span class='ocrx_word' id='word_1_1062' title='bbox 2170 5497 2435 5552; x_wconf 87' lang='lat' dir='ltr'><strong>catholica</strong></span> <span class='ocrx_word' id='word_1_1063' title='bbox 2466 5496 2569 5550; x_wconf 87' lang='lat' dir='ltr'><strong>ﬁde</strong></span> <span class='ocrx_word' id='word_1_1064' title='bbox 2591 5493 2931 5561; x_wconf 49' lang='lat' dir='ltr'><strong>alienumfet</strong></span> <span class='ocrx_word' id='word_1_1065' title='bbox 2953 5495 3166 5550; x_wconf 88' lang='lat' dir='ltr'><strong>Blastus</strong></span> <span class='ocrx_word' id='word_1_1066' title='bbox 3189 5493 3314 5547; x_wconf 89' lang='lat' dir='ltr'><strong>inde</strong></span> 
     </span>
    </p>
   </div>
   <div class='ocr_carea' id='block_1_152' title="bbox 1722 5565 3314 5636">
    <p class='ocr_par' dir='ltr' id='par_1_152' title="bbox 1722 5565 3314 5636">
     <span class='ocr_line' id='line_1_157' title="bbox 1722 5565 3314 5636; baseline -0.004 -16"><span class='ocrx_word' id='word_1_1067' title='bbox 1722 5569 2060 5624; x_wconf 90' lang='lat' dir='ltr'><strong>occasionem</strong></span> <span class='ocrx_word' id='word_1_1068' title='bbox 2113 5569 2341 5636; x_wconf 90' lang='lat' dir='ltr'><strong>sumpsit</strong></span> <span class='ocrx_word' id='word_1_1069' title='bbox 2377 5567 2687 5623; x_wconf 89' lang='lat' dir='ltr'><strong>schismatis</strong></span> <span class='ocrx_word' id='word_1_1070' title='bbox 2727 5566 3051 5630; x_wconf 90' lang='lat' dir='ltr'><strong>inducendi,</strong></span> <span class='ocrx_word' id='word_1_1071' title='bbox 3099 5565 3314 5631; x_wconf 86' lang='lat' dir='ltr'><strong>nisiqne</strong></span> 
     </span>
    </p>
   </div>
   <div class='ocr_carea' id='block_1_153' title="bbox 1720 5637 3310 5712">
    <p class='ocr_par' dir='ltr' id='par_1_153' title="bbox 1720 5637 3310 5712">
     <span class='ocr_line' id='line_1_158' title="bbox 1720 5637 3310 5712; baseline -0.001 -22"><span class='ocrx_word' id='word_1_1072' title='bbox 1720 5647 1847 5712; x_wconf 87' lang='lat' dir='ltr'><strong>sunt</strong></span> <span class='ocrx_word' id='word_1_1073' title='bbox 1877 5638 2005 5712; x_wconf 76' lang='lat' dir='ltr'><strong>ejus</strong></span> <span class='ocrx_word' id='word_1_1074' title='bbox 2057 5639 2275 5712; x_wconf 84' lang='lat' dir='ltr'><strong>sectarii</strong></span> <span class='ocrx_word' id='word_1_1075' title='bbox 2330 5639 2499 5710; x_wconf 89' lang='lat' dir='ltr'><strong>legem</strong></span> <span class='ocrx_word' id='word_1_1076' title='bbox 2551 5637 2910 5712; x_wconf 82' lang='lat' dir='ltr'><strong>universalem</strong></span> <span class='ocrx_word' id='word_1_1077' title='bbox 2930 5707 2942 5712; x_wconf 90' lang='lat'>_</span> <span class='ocrx_word' id='word_1_1078' title='bbox 2968 5637 3202 5712; x_wconf 70' lang='lat' dir='ltr'><strong>condere</strong></span> <span class='ocrx_word' id='word_1_1079' title='bbox 3233 5647 3310 5712; x_wconf 68' lang='lat' dir='ltr'><strong>ex</strong></span> 
     </span>
    </p>
   </div>
   <div class='ocr_carea' id='block_1_154' title="bbox 1718 5705 3307 5783">
    <p class='ocr_par' dir='ltr' id='par_1_154' title="bbox 1718 5705 3307 5783">
     <span class='ocr_line' id='line_1_159' title="bbox 1718 5705 3307 5783; baseline -0.004 -23"><span class='ocrx_word' id='word_1_1080' title='bbox 1718 5705 1976 5783; x_wconf 77' lang='lat' dir='ltr'><strong>singulari</strong></span> <span class='ocrx_word' id='word_1_1081' title='bbox 2010 5710 2270 5783; x_wconf 14' lang='lat' dir='ltr'><strong>ropinione</strong></span> <span class='ocrx_word' id='word_1_1082' title='bbox 2297 5705 2515 5783; x_wconf 53' lang='lat' dir='ltr'><strong>suo&#39;rum</strong></span> <span class='ocrx_word' id='word_1_1083' title='bbox 2552 5727 2564 5762; x_wconf 93' lang='lat'><strong>:</strong></span> <span class='ocrx_word' id='word_1_1084' title='bbox 2597 5709 2782 5783; x_wconf 80' lang='lat' dir='ltr'><strong>praxis</strong></span> <span class='ocrx_word' id='word_1_1085' title='bbox 2814 5705 3170 5783; x_wconf 79' lang='lat' dir='ltr'><strong>intolerabilis</strong></span> <span class='ocrx_word' id='word_1_1086' title='bbox 3197 5705 3307 5783; x_wconf 75' lang='lat' dir='ltr'><strong>visa</strong></span> 
     </span>
    </p>
   </div>
   <div class='ocr_carea' id='block_1_155' title="bbox 1711 5778 3308 5851">
    <p class='ocr_par' dir='ltr' id='par_1_155' title="bbox 1711 5778 3308 5851">
     <span class='ocr_line' id='line_1_160' title="bbox 1711 5778 3308 5851; baseline -0.007 -14"><span class='ocrx_word' id='word_1_1087' title='bbox 1711 5791 1792 5838; x_wconf 82' lang='lat' dir='ltr'><strong>est</strong></span> <span class='ocrx_word' id='word_1_1088' title='bbox 1822 5778 2160 5851; x_wconf 82' lang='lat' dir='ltr'><strong>Victori,qui</strong></span> <span class='ocrx_word' id='word_1_1089' title='bbox 2189 5795 2246 5838; x_wconf 87' lang='lat' dir='ltr'><strong>se</strong></span> <span class='ocrx_word' id='word_1_1090' title='bbox 2275 5781 2524 5838; x_wconf 89' lang='lat' dir='ltr'><strong>adactum</strong></span> <span class='ocrx_word' id='word_1_1091' title='bbox 2558 5778 2764 5839; x_wconf 85' lang='lat' dir='ltr'><strong>censuit</strong></span> <span class='ocrx_word' id='word_1_1092' title='bbox 2790 5778 3058 5849; x_wconf 88' lang='lat' dir='ltr'><strong>pontiﬁcis</strong></span> <span class='ocrx_word' id='word_1_1093' title='bbox 3085 5778 3308 5830; x_wconf 72' lang='lat' dir='ltr'><strong>maximi</strong></span> 
     </span>
    </p>
   </div>
  </div>
