3954 6318
45 369 174 423 1509

105 480 275 534 Linea
306 477 358 532 9.
382 507 448 516 --
473 475 732 530 Coronam
775 484 1150 527 consecratam.
1186 469 1614 525 Eucharisticum

46 567 233 618 tempe
259 564 451 619 panem
477 589 491 609 ,
523 546 794 619 quomodo
830 553 1056 619 vocatur
1086 560 1112 596 a
1140 543 1403 619 Gregorio
1429 540 1619 609 Magno

51 622 129 674 ib.
167 615 224 674 iv
259 615 412 674 ’Dial.
444 633 492 671 c.
526 617 558 670 4
586 635 599 670 2
633 615 777 669 Tunc
825 617 958 668 duas
982 630 1154 670 secum
1187 615 1506 668 oblationum
1537 626 1622 662 eo-

46 709 192 744 ‘onas
219 689 424 744 detulit.
455 687 594 742 Olim
623 687 766 742 enim
799 687 851 740 in
884 689 1099 739 modum
1128 683 1316 736 circuli
1346 688 1502 736 erant
1530 697 1622 748 pa-

50 761 119 812 nis
177 759 624 821 Eucharisticus,
674 756 816 827 quod
872 752 1624 827 observavitConstantinus

46 833 546 900 r'orphyrogcnneta
596 823 712 895 (lih'.
757 843 831 900 vn
879 823 1372 900 Theniat.,_tit._‘4_‘,
1423 837 1468 876 c.
1516 823 1619 890 6):

46 921 49 950 ι
93 894 345 957 Buccella
368 901 525 970 panis
556 894 752 955 dicitur
779 899 831 953 in
861 898 1079 952 modmn
1112 894 1303 951 circuli
1331 894 1491 949 facta.
1528 911 1546 944 ι

534 1011 692 1067 BlNll
727 1011 814 1066 ET
853 1009 1120 1065 LABBEI.

101 1129 270 1183 Linea
298 1128 432 1182 5.—
450 1125 515 1182 Ut
543 1137 759 1196 patenas
786 1127 991 1182 vitreas.
1018 1124 1170 1181 Sicut
1189 1124 1273 1180 his
1295 1123 1624 1196 temporibus

47 1200 238 1253 ritreas
266 1209 488 1269 patenas
515 1195 566 1253 in
596 1214 694 1253 usu
726 1198 890 1253 fuisse
933 1197 1058 1251 hinc
1078 1205 1321 1259 constat,
1360 1196 1431 1269 ita
1458 1195 1623 1250 etiam

45 1267 537 1330 rulicetirvitreum,
556 1269 812 1338 ligneum,
830 1279 992 1338 atque
1011 1275 1347 1338 argenteum,
1367 1267 1469 1338 hoc
1493 1275 1626 1338 tem-

45 1356 160 1394 iore
192 1341 448 1394 usitatum
488 1334 656 1393 fuisse
685 1334 1207 1407 aliunde'prohatur.
1235 1337 1310 1390 Dc
1348 1337 1517 1390 calice
1548 1334 1624 1388 vi-

49 1427 149 1464 reo
177 1411 369 1467 scribit
414 1409 471 1464 S.
503 1409 797 1478 Gregorius
828 1424 965 1478 papa
987 1408 1082 1463 lib.
1114 1424 1153 1473 ι,
1186 1407 1342 1472 Dial.,
1377 1422 1495 1477 cap.
1524 1408 1575 1460 7.

631 1497 1019 1554 BLANCIIINI.

517 1605 671 1646 NOTJ'J
711 1605 1122 1646 CIIRONOLOGlCA-Z
1134 1630 1144 1641 .

95 1685 153 1739 In
189 1683 475 1754 Zephyrini
512 1683 718 1752 epocha
758 1683 872 1739 sive
900 1699 928 1737 a
977 1683 1226 1754 picturis,
1254 1682 1379 1754 sive
1405 1698 1433 1736 a
1474 1681 1624 1737 codi-

46 1757 186 1809 ‘ibus
224 1752 575 1810 describenda
603 1770 787 1809 errore
835 1770 938 1808 non
981 1752 1230 1808 dissimili
1274 1767 1336 1807 ac
1370 1753 1421 1806 in
1464 1767 1620 1822 supc-

46 1828 159 1880 ‘iori
233 1824 620 1880 transtulerunt
691 1841 1049 1880 amanuenscs
1131 1833 1338 1892 partem
1409 1825 1615 1879 uulneri

46 1913 294 1951 .nnorutn
319 1899 371 1950 in
395 1896 575 1949 sedem
608 1897 896 1958 mensium,
922 1904 975 1949 et
1002 1895 1274 1948 mensium
1294 1894 1444 1963 signa
1475 1905 1618 1948 retu-

45 1977 212 2021 erunt
241 1967 306 2020 ad
332 1965 638 2020 columnam
663 1967 890 2021 dierum.
913 1967 967 2020 In
995 1965 1217 2033 picturis
1239 1965 1619 2020 vetustissimis

47 2038 212 2092 :cculi
251 2035 443 2091 Leonis
479 2035 655 2107 Magni
696 2036 994 2105 consigna=i
1043 2045 1200 2089 erant
1226 2035 1350 2088 anni
1378 2051 1616 2107 Anovcm-

45 2110 204 2162 Ineim
225 2118 278 2162 ct
306 2123 518 2162 menses
544 2105 727 2161 decem
761 2109 810 2162 in
839 2107 1033 2175 triplici
1061 2122 1241 2169 versu,
1267 2105 1454 2173 quales
1479 2124 1618 2162 nunc

46 2181 195 2233 tiam
227 2181 291 2236 dc
317 2179 562 2248 proximo
591 2178 1003 2248 inspicientibus
1028 2186 1428 2301 CtlgIIOSC§Il‘tilll'

211 2448 278 2456 ..-
1257 2408 1308 2444 ιιι
1351 2389 1415 2444 Χ.

45 2463 178 2531 sigla
217 2462 262 2515 Μ
302 2463 460 2518 iudex
488 2462 750 2515 mensium
781 2461 954 2515 relatis
985 2460 1116 2516 vitio
1147 2460 1478 2522 oblitterata,
1509 2476 1615 2514 non

50 2550 190 2587 ecus
222 2549 286 2588 ac
339 2534 527 2588 littera:
579 2534 740 2587 hosce
793 2547 1048 2586 llllmCl‘OS
1099 2533 1484 2593 prmcedcutcs,
1524 2533 1620 2584 dc-

50 2550 190 2587 ccns
222 2550 286 2588 ac
339 2550 527 2588 littera:
579 2550 740 2587 nosce
793 2550 1048 2586 mimeros
1077 2550 1484 2656 Ju'mceucutcs,
1524 2550 1616 2584 uc-

50 2605 346 2672 rriptorem
379 2604 570 2658 docere
612 2619 715 2657 non
751 2612 961 2672 poterat
985 2643 999 2667 ,
1041 2620 1070 2656 τι
1138 2617 1368 2665 menses,
1406 2619 1510 2655 non
1550 2603 1616 2656 ad

46 2675 144 2728 lies
173 2675 452 2729 denarium
509 2675 797 2743 pertinere.
854 2673 1024 2728 [latus
1067 2684 1148 2728 est
1186 2673 1448 2742 separatis
1492 2688 1615 2726 vcr-

48 2746 177 2797 ibns
203 2755 309 2799 trcs
333 2761 587 2799 numeros
610 2744 874 2807 exhiberi,
902 2760 1167 2797 armorum
1201 2759 1310 2796 xvii
1341 2745 1391 2798 in
1419 2743 1614 2811 primo,

45 2815 294 2868 uensinm
328 2832 364 2869 ιι
389 2816 440 2869 in
468 2816 725 2876 secundo,
745 2815 952 2867 diorum
983 2831 1010 2867 ιι
1047 2815 1099 2868 in
1132 2813 1310 2869 tertio.
1358 2813 1619 2867 Attribuit

45 2887 195 2954 gitur
251 2885 549 2954 Zephcrino
602 2885 746 2940 sedis
778 2885 1034 2939 Romamn
1082 2899 1255 2954 annos
1299 2900 1429 2942 xvn,
1463 2899 1615 2937 men-

46 2973 110 3010 es
163 2972 232 3020 ιι,
283 2958 396 3011 dies
447 2973 499 3009 χ.
576 2955 728 3010 lliinc
792 2957 844 3010 in
901 2971 1142 3010 errorem
1197 2970 1301 3008 non
1339 2954 1621 3009 incidisset

46 3028 346 3096 ‘cscriptor.
370 3028 413 3079 si
439 3027 801 3082 consuluisset
820 3026 1094 3096 catalogus
1121 3035 1466 3079 numerantes
1490 3040 1620 3093 epo-

55 3099 162 3150 has
194 3095 458 3166 pontificis
506 3098 789 3166 Zepherini
843 3112 936 3166 per
967 3095 1308 3158 censuimus,
1346 3097 1486 3165 quod
1518 3111 1617 3149 nos

46 3165 378 3221 irmstitimus
447 3170 499 3223 in
574 3165 998 3237 l’roﬁli-gonicnis.
1047 3165 1380 3237 ,'I._ephyrino
1457 3167 1616 3235 primi

47 3239 274 3292 onsulcs
315 3239 620 3306 tribuuntur
658 3235 975 3292 Saiurniuus
1011 3249 1056 3290 et
1086 3235 1292 3300 cauas,
1345 3237 1619 3307 signantes

55 3327 228 3362 unum
260 3325 379 3363 :era:
417 3310 617 3364 Christi
672 3309 973 3362 comnnmis
1033 3308 1164 3367 l98.
1215 3323 1480 3363 consensu
1528 3323 1621 3364 cor

57 3382 208 3432 it-nm
245 3390 299 3434 ct
345 3379 733 3450 catalogornm.
788 3379 969 3445 Quare
1013 3377 1336 3450 intelligitur
1383 3378 1616 3450 primum

45 3451 231 3503 ’ascha
269 3451 350 3503 sui
396 3449 739 3518 pontiﬁcatus
765 3450 952 3504 eodem
995 3464 1139 3502 anno
1164 3451 1231 3502 ab
1260 3449 1350 3504 illo
1379 3449 1618 3503 celebra-

46 3538 134 3573 ‘llll
155 3561 170 3583 ,
225 3522 362 3589 tpiod
387 3522 634 3591 contigit
664 3521 748 3577 die
780 3519 1059 3574 Dominica
1090 3519 1123 3574 9
1153 3519 1370 3591 Aprilis.
1404 3519 1618 3591 Postre-

54 3608 171 3644 ιιιιιι
208 3607 331 3645 vero
379 3590 583 3645 Pascha
623 3593 706 3656 (ex
757 3600 1020 3645 consueto
1063 3590 1432 3657 catalogorum
1477 3590 1616 3660 stylo

47 3680 123 3714 nn
141 3662 386 3730 exposito
402 3663 453 3715 in
472 3673 584 3715 not.
602 3663 666 3716 ad
686 3662 744 3715 S.
764 3661 1028 3732 Petrum),
1049 3659 1322 3732 Zephirini
1353 3675 1499 3728 papa:
1515 3659 1615 3715 sub

45 3733 287 3801 t'gllltille
335 3733 663 3786 celebratum
711 3733 826 3801 pari
861 3748 1129 3787 consensu
1162 3731 1529 3800 catalogorum
1560 3740 1614 3785 et

45 3805 300 3865 trlitittm,
360 3804 449 3872 qui
506 3803 677 3857 inutili
721 3819 825 3858 non
875 3803 1015 3868 sint,
1061 3802 1376 3856 emmtiatur
1425 3815 1617 3872 consu-

52 3877 158 3926 bns
201 3871 460 3927 Pratsente
488 3883 534 3928 et
563 3873 858 3944 Eattricato,
888 3875 1029 3944 quod
1061 3873 1247 3928 incidit
1271 3887 1410 3944 anno
1431 3871 1533 3944 2i?
1561 3873 1614 3926 in

48 3944 530 3998 iem.[)ominieam
576 3945 642 4000 15
668 3943 888 4014 Aprilis.
908 3943 1242 4000 Consularis
1268 3943 1616 4014 igiturcliro—

47 4014 238 4084 ologia
263 4014 620 4081 demonstrat,
642 4013 830 4085 viginti
856 4015 1122 4070 l’aschala
1149 4013 1389 4083 pontifici
1413 4013 1617 4085 zephe-

45 4087 135 4139 ino
151 4083 276 4139 esse
297 4086 620 4157 assignanda
642 4106 654 4140 :
673 4083 794 4155 quzc
810 4085 1367 4157 annos'novenulecim
1390 4083 1610 4150 solidos,

45 4173 73 4210 c
136 4156 428 4225 praeterea"
461 4173 675 4212 menses
733 4157 1038 4226 complures
1099 4156 1432 4224 requirunt;
1488 4170 1614 4210 cum

45 4239 212 4282 catus
241 4227 340 4280 iste
372 4227 614 4296 pontifex
646 4228 814 4282 vitam
846 4228 1164 4296 produxerit
1194 4236 1315 4296 post
1345 4226 1487 4281 illius
1514 4241 1613 4294 po-

45 4298 206 4352 ;remi
231 4297 512 4362 Paschatis
536 4299 676 4354 diem
707 4315 802 4367 per
829 4313 1042 4355 menses
1072 4308 1180 4353 tres
1205 4305 1257 4350 ct
1285 4298 1449 4352 semis
1476 4296 1612 4362 fere,

46 4384 216 4436 enipe
249 4383 418 4436 usque
446 4370 514 4423 ad
551 4370 690 4424 dicm
719 4369 788 4422 26
828 4367 953 4423 Julii
987 4370 1224 4424 natalem
1273 4368 1418 4423 illius
1465 4383 1612 4420 mar-

46 4441 166 4502 :rii,
215 4440 287 4492 ita
314 4441 579 4510 signatam
621 4442 670 4494 in
705 4450 917 4495 vetusto
954 4441 1128 4510 lapide
1166 4439 1293 4494 noni
1326 4437 1502 4493 surculi
1534 4439 1616 4507 (ut

45 4527 71 4564 ιι
111 4511 291 4564 forma
336 4510 716 4565 charactcrum
760 4512 904 4566 illius
953 4512 1128 4565 aetatis
1184 4510 1458 4579 colligitur
1492 4525 1612 4578 spe-

45 4582 214 4634 Lando
239 4582 290 4634 in
323 4597 531 4650 pronao
555 4582 867 4636 monasterii
887 4580 987 4636 SS.
1007 4581 1261 4648 Stephani
1287 4592 1340 4632 et
1367 4580 1610 4634 Silvestri

46 4671 56 4704 I
89 4652 302 4721 Campo
325 4653 540 4717 Martio,
573 4654 685 4707 sive
717 4653 766 4706 in
805 4653 956 4707 titulo
987 4652 1044 4706 S.
1074 4651 1317 4706 Silvestri
1351 4651 1402 4703 in
1437 4650 1613 4719 capite

45 4733 348 4792 uncnpato.
399 4723 596 4778 l’aulus
625 4724 640 4776 |
673 4723 818 4778 illius
849 4723 1166 4778 monasterii
1199 4721 1452 4776 fundator
1482 4723 1611 4776 dum

46 4795 279 4848 mderct
331 4795 614 4848 monachis
659 4795 988 4856 oratorimn,
1024 4802 1079 4849 ct
1123 4794 1176 4847 in
1223 4809 1289 4847 eo
1323 4792 1614 4846 collocaret

45 4875 315 4932 iartyrum
361 4865 722 4934 complurium
778 4865 1055 4934 reliquias,
1084 4880 1314 4934 quorum
1353 4862 1614 4917 natalitiis

45 4937 203 4988 icbus
243 4945 360 4990 crat
404 4937 662 4990 memoria
694 4936 1049 4998 celebranda,
1084 4938 1135 4990 in
1173 4951 1338 4989 causa
1379 4935 1515 4996 fuit,
1557 4943 1614 4987 ut

46 5004 210 5073 ιιι)Ιίιή
239 5006 418 5060 tabula
441 5022 742 5062 marmorea
773 5007 1139 5061 inciderentur
1162 5006 1286 5060 hinc
1303 5015 1612 5059 sanctorum

45 5079 134 5129 ulc
149 5085 459 5131 sanctarum
480 5078 719 5141 nomina,
734 5088 788 5132 ct
805 5078 1070 5142 natalitia,
1087 5077 1188 5132 hoc
1205 5077 1358 5130 titulo
1371 5075 1611 5144 praeﬁxo.

74 5164 150 5218 In
193 5167 404 5221 nomine
443 5167 676 5223 Domini.
725 5167 852 5222 Haec
891 5178 966 5222 est
1013 5169 1198 5222 notitia
1245 5165 1609 5221 natalitiorum

150 5245 458 5311 {aitctoram
497 5239 582 5292 hic
599 5310 602 5311 ν
621 5240 1071 5311 requiescentium.

153 5305 340 5361 Mense
374 5307 640 5362 Januario
672 5305 699 5375 ζ

150 5377 255 5430 Die
293 5394 372 5432 ιιι.
417 5378 628 5433 Natalis
659 5381 722 5434 S.
757 5380 974 5435 Antheri
998 5396 1169 5452 papae,
1201 5387 1309 5434 etc.

47 5466 269 5520 iﬂeram
321 5468 385 5521 ad
435 5485 716 5524 numerum
767 5469 915 5524 Pauli
957 5469 975 5523 Ι
1019 5471 1288 5538 integrum
1337 5468 1439 5522 hoc
1489 5483 1601 5522 mc-

49 5554 184 5591 cum
212 5538 489 5602 exhibere,
520 5555 640 5593 cum
669 5541 734 5596 de
767 5540 1082 5596 fundationc.
1106 5539 1262 5608 hujus
1285 5540 1601 5594 monasterii

46 5628 59 5664 ξ
102 5608 247 5662 tituli
289 5625 470 5664 sermo
508 5611 728 5665 incidet.
777 5611 924 5666 Satis
965 5612 1126 5666 fuerit
1165 5627 1304 5664 nunc
1337 5611 1598 5674 indicare,

46 5696 143 5732 )US
175 5694 299 5733 esse
327 5681 654 5749 proximum,
685 5693 776 5736 aut
815 5699 1014 5752 suppar
1043 5683 1185 5735 illius
1223 5681 1365 5734 aetati
1406 5699 1417 5734 :
1457 5691 1511 5736 et
1547 5682 1601 5736 in

46 5769 64 5804 )
99 5751 392 5826 perspicue
423 5752 559 5826 legi,
579 5755 819 5826 natalem
841 5751 992 5826 papze
1024 5770 1084 5810 ac
1115 5752 1371 5824 martyris
1400 5753 1602 5824 Zephc-

50 5823 110 5877 ni
147 5822 352 5894 pariari
385 5836 505 5881 cum
533 5825 617 5881 die
644 5823 712 5879 26
741 5824 864 5882 Julii

774 359 1093 415 HISTORIA
1138 357 1222 411 DE
1265 352 1439 412 \‘lTlS
1479 349 1644 407 ROll.

1686 349 1888 406 PONT.
1918 381 1989 392 —
2018 350 2076 406 S.
2119 349 2570 406 ZEPIIERINUS.

1650 467 1695 525 Λ

3169 346 3306 426 ιδιο

1902 462 2080 517 Mense
2110 463 2256 517 Julio

1900 533 1996 588 Die
2023 551 2166 588 xxvi.
2207 533 2336 587 Nat.
2376 533 2480 587 SS‘.
2514 531 2795 603 Zephyriui
2819 548 2969 602 papa:
3000 539 3045 585 et
3079 542 3232 585 mart.

2006 615 2052 658 et
2087 603 2308 657 Tarsicii
2337 612 2491 656 mort.

1794 695 2063 750 Paschata
2115 695 2278 763 igitur
2315 695 2502 763 viginti
2545 693 2848 763 Zepheriuo
2885 693 3124 763 pontifici
3167 692 3307 750 cele-

1723 765 1880 819 brata
1931 767 2030 819 sub
2076 759 2297 820 totidem
2343 759 2710 820 consulatibus
2749 759 3045 818 ordinariis
3091 759 3345 817 demon-’

1728 844 1944 899 strant,
1984 851 2269 890 munerum
2309 835 2653 905 superstitem
2698 835 2747 888 in
2793 834 3018 888 basilica
3062 834 3118 889 S.
3159 832 3308 905 Patdi

1727 907 1827 961 sub
1861 906 1980 973 ejus
2007 905 2239 979 imagine
2263 922 2328 960 ex
2361 903 2536 975 primo
2575 921 2637 960 ac
2669 905 2907 979 secundo
2943 918 3101 958 versu
3139 903 3311 957 conti-

1729 985 1948 1030 nuatum
1992 976 2217 1031 reddere
2264 992 2434 1030 annos
2479 991 2655 1040 xvnn,
2703 976 2958 1030 dccznlem
3002 990 3150 1035 vero,
3191 989 3312 1042 quae

1727 1047 2074 1116 subsequitur
2100 1063 2256 1102 versu
2284 1047 2530 1116 proximo
2557 1045 2862 1114 signiﬁcare
2885 1059 3099 1100 menses
3122 1046 3309 1098 decem

1727 1117 1927 1174 solidos
1953 1119 2193 1186 ejusdem
2241 1117 2350 1172 sedi
2386 1116 2659 1172 addendos
2689 1133 2848 1184 supra
2881 1131 3164 1186 munerum
3187 1130 3312 1186 Hau-

1729 1204 1920 1243 norum
1975 1184 2314 1266 praedictum
2344 1189 2428 1250 l9,
2484 1187 2628 1242 nullo
2677 1203 2797 1241 cum
2831 1187 3042 1242 dierum
3093 1184 3309 1240 addita-

1728 1269 1928 1312 ΠἸΕΙΙΙΟ.
3098 1302 3100 1305 .

1799 1327 1990 1394 Porro,
2012 1329 2055 1384 si
2093 1345 2154 1383 ex
2187 1329 2274 1384 die
2303 1328 2372 1383 26
2400 1325 2522 1381 Julii
2557 1328 2682 1381 anni
2713 1327 2838 1391 2l7,
2870 1342 2990 1397 qure
3020 1323 3306 1397 Zcplicriui

1726 1399 2095 1470 pontiﬁcatum
2126 1409 2180 1453 et
2211 1401 2371 1454 vitam
2411 1399 2671 1470 martyrio
2711 1395 3009 1460 coronavit,
3042 1395 3311 1465 regredia-

1728 1486 1850 1524 mur
1878 1469 1930 1522 in
1958 1472 2226 1524 anteriora
2256 1486 2351 1538 per
2381 1469 2565 1524 annos
2590 1485 2740 1523 xvult
2784 1481 2837 1524 et
2874 1484 3084 1524 menses
3116 1483 3170 1526 κ,
3205 1473 3311 1538 ter:

1729 1540 1905 1594 minus
1949 1535 2337 1596 lltlll‘lCl‘uliOlliS
2380 1541 2537 1597 cadet
2583 1541 2634 1593 in
2685 1540 2822 1592 diem
2873 1538 3202 1592 Dominicam
3238 1535 3310 1588 25$

1728 1610 2063 1680 Septembris
2112 1613 2234 1664 anni
2288 1613 2408 1674 197,
2449 1619 2628 1679 aptam
2679 1611 2821 1664 illius
2868 1606 3191 1680 ordinationi
3239 1607 3312 1680 ad

1725 1676 2093 1764 episcopatum
2122 1697 2135 1736 :
2161 1698 2322 1764 quam
2351 1676 2508 1764 .intci‘
2533 1690 2585 1734 et
2611 1682 2926 1764 martyrium
2952 1678 3183 1757 Victoris
3221 1676 3313 1764 de:

1724 1747 1957 1806 cessoris
1987 1753 2090 1814 sui,
2123 1747 2459 1806 refcremium
2503 1767 2567 1806 cx
2608 1747 2928 1819 prmccdcnti
2965 1749 3210 1819 sectione
3243 1747 3311 1799 ad

1653 1824 1693 1883 Β
1724 1823 1863 1877 diem
1903 1823 1972 1878 28
1997 1823 2121 1879 Julii
2168 1822 2406 1892 ejusdem
2454 1823 2577 1875 anni
2611 1817 2754 1882 ⁷196,
2803 1837 2926 1876 cum
2975 1817 3312 1874 intercedant

1724 1908 1937 1947 menses
1968 1895 2071 1947 duo
2105 1894 2273 1948 ferme
2299 1893 2478 1956 solidi,
2510 1893 2744 1961 spatium
2774 1908 2986 1961 quoque
3009 1901 3310 1960 congruum

1724 1965 2022 2020 vacationis
2055 1965 2307 2019 Romana:
2347 1965 2492 2018 sedis
2523 1962 2883 2030 intercipitur.

1794 2055 1870 2109 Ex
1924 2057 2204 2112 consulum
2253 2067 2433 2110 autem
2487 2056 2628 2110 serie
2681 2070 2744 2108 ac
2797 2053 3138 2114 nominibus,
3187 2065 3310 2119 quae

1722 2129 2134 2182 amanuensium
2180 2128 2385 2182 incuria
2435 2126 2703 2182 dillicilius
2750 2124 3313 2195 pennataripossunt

1721 2212 1883 2266 quam
1911 2199 2062 2268 signa
2093 2213 2464 2262 numerorum,
2494 2211 2613 2251 esse
2651 2191 3028 2266 corrigendum
3069 2191 3122 2247 in
3165 2191 3314 2268 codi-

1719 2263 1873 2322 cibus
1904 2263 2168 2324 an'norum
2198 2284 2489 2332 summam,
2523 2283 2642 2336 quae
2670 2263 3067 2336 descriptornm
3113 2263 3311 2336 erratis

1723 2338 2096 2407 frequentibus
2146 2348 2233 2398 est
2279 2333 2553 2398 obnoxia,“
2581 2353 2741 2406 supra
2792 2333 2919 2407 jam
2963 2335 3204 2407 dixeram
3256 2333 3308 2385 in

1721 2404 1864 2464 n0tis
1893 2410 1959 2464 ad
1991 2408 2220 2472 Cletum,
2250 2419 2304 2464 et
2335 2410 2385 2463 in
2412 2404 2734 2462 Prael‘atione
2759 2406 2956 2476 prioris
2979 2404 3106 2459 tomi
3133 2413 3312 2457 osten-

1721 2480 1904 2533 deram
1949 2481 2188 2535 numeris
2233 2480 2303 2534 26
2346 2495 2410 2533 ac
2463 2479 2552 2533 52.
2603 2478 2814 2532 Addere
2872 2486 3048 2530 tamen
3097 2480 3312 2544 oportet

1720 2550 2090 2618 superioribus
2139 2550 2474 2612 observatis,
2532 2549 2667 2602 hanc
2719 2549 2881 2603 etiam
2934 2542 3311 2618 providentem

1720 2616 1929 2694 curam,
1956 2637 2075 2694 qua:
2105 2621 2472 2694 compluribus
2499 2619 2743 2694 conciliis
2773 2618 3050 2694 aptissima
3085 2616 3196 2694 visa
3227 2621 3313 2694 est

1720 2690 1789 2743 ad
1838 2687 2152 2746 memoriam
2204 2687 2462 2760 temporis
2502 2691 2634 2744 certi
2689 2688 3018 2760 liberandam
3057 2687 3126 2760 ab
3161 2687 3311 2739 omni

1719 2760 2084 2825 dubitatione,
2113 2772 2172 2816 ut
2216 2757 2408 2831 nempe
2443 2769 2804 2830 apponeretur
2829 2759 2895 2831 in
2938 2757 3137 2831 litteris
3161 2770 3312 2831 com-

1721 2831 2078 2898 probantibus
2113 2840 2324 2900 tempus
2344 2825 2718 2885 ordinationis
2749 2825 3312 2900 tiniusciijusqiie_epi-

1721 2895 1869 2970 scopi
1900 2917 2094 2956 nomen
2127 2895 2456 2958 consulatus.
2502 2902 2595 2955 Est
2641 2917 2812 2954 canon
2855 2895 3312 2970 conciliiilllilevi-

1723 2968 1836 3026 tani
1865 2973 2099 3028 Arcadio
2125 2981 2180 3028 et
2207 2973 2446 3027 Honorio
2474 2973 2514 3029 V
2542 2987 2707 3035 coss.,
2740 2969 2941 3025 Christi
2967 2968 3090 3032 402,
3124 2968 3308 3036 signa-

1723 3050 1809 3096 tus
1839 3056 2064 3096 numero
2113 3059 2235 3097 xeix
2285 3043 2337 3096 in
2374 3043 2559 3097 codice
2598 3041 3007 3096 Graaco-Latino
3040 3052 3308 3093 canonum

1683 3153 1688 3155 -
1725 3112 1980 3168 Ecclesia:
2010 3113 2313 3178 Africanae,
2354 3114 2441 3168 ubi
2491 3114 2604 3166 lucc
2653 3113 2949 3181 leguntur:
2990 3109 3216 3171 Placuit,
3252 3114 3311 3159 ut

1647 3189 1691 3249 C
1721 3184 2016 3254 quicunque
2080 3185 2320 3254 deinceps
2369 3184 2434 3254 ab
2496 3180 2748 3254 episcopis
2790 3180 3170 3254 ordinarentur
3219 3191 3312 3246 per

1720 3249 2013 3322 provincias
2057 3249 2359 3323 Africanas,
2396 3249 2596 3307 litteras
2634 3249 2893 3320 accipiant
2932 3251 2996 3323 ali
3039 3249 3315 3302 ordinato-

1722 3323 1866 3376 ribus
1891 3325 2019 3387 suis,
2051 3322 2212 3379 manu
2233 3340 2424 3379 eorum
2463 3323 2806 3390 conscriptas,
2837 3322 3156 3390 continentes
3188 3333 3311 3390 conj

1718 3393 1883 3448 sulem
1907 3405 1954 3448 et
1981 3385 2140 3459 diem,
2160 3405 2214 3448 ut
2249 3394 2396 3448 nulla
2427 3385 2699 3449 altercatio
2726 3388 3208 3462 tle-posterioribus,
3232 3385 3310 3441 vel

1719 3465 2070 3519 amarioribus
2099 3467 2322 3519 oriatur.

1789 3553 2169 3608 Przescribitur
2210 3569 2407 3609 nomen
2451 3552 2690 3609 consulis
2743 3550 3091 3606 indicandum
3131 3547 3310 3616 potius

1677 3647 1680 3650 ’
1717 3639 1878 3692 quam
1903 3639 2160 3680 numerus
2193 3640 2455 3679 annorum
2490 3624 2855 3693 imperatoris,
2887 3621 3104 3693 quando
3132 3619 3311 3689 agitur

1717 3691 1782 3746 de
1808 3695 2027 3763 epocbze
2050 3694 2468 3764 prmservatione
2494 3711 2522 3747 a
2548 3691 2787 3763 periculo
2807 3691 3150 3764 "ouationis;
3183 3704 3310 3764 cum

1717 3758 1962 3819 notarum
2013 3758 2370 3820 nitmeralium
2427 3758 2620 3818 vitiosa
2671 3763 2946 3831 expressio
2993 3761 3150 3813 unius
3201 3758 3310 3831 cle-

1716 3836 1882 3889 menti
1935 3835 2056 3890 labe
2104 3835 2420 3906 gravissima
2472 3850 2595 3890 esse
2645 3827 2817 3902 possit
2859 3833 3022 3906 etiam
3056 3830 3110 3883 in
3149 3827 3307 3882 annis

1715 3907 2018 4028 principum
2068 3901 2456 3977 signiﬁcandis.
2489 3920 2608 3976 qua:
2648 3901 2712 3958 in
2757 3901 3064 3957 nominibus
3105 3913 3305 3956 consu-

1739 3993 1825 4028 um
1872 3976 2240 4028 exnrimendis
2286 3977 2523 4028 plurium
2564 3975 2870 4028 litterarum
2910 3971 3305 4028 deformatione

1739 3993 1825 4030 ιιιη
1872 3971 2240 4045 exprimendis
2286 3971 2524 4046 pluriuui
2564 3975 2870 4030 litterarum
2910 3971 3306 4028 deformatione

1715 4049 1901 4118 perlici
1933 4057 2140 4102 tantum
2169 4048 2331 4102 valet.
2536 4117 2539 4118 ν
2648 4116 2655 4118 _
2711 4116 2736 4118 _
2804 4048 2808 4052 ’

1787 4118 1900 4173 Hoc
1935 4127 2140 4185 autem,
2172 4120 2315 4188 quod
2368 4116 2660 4172 Milevitani
2709 4116 2900 4171 Patres
2952 4119 3196 4188 statuunt
3251 4110 3304 4164 in

1714 4189 2150 4244 ordinationibus
2190 4185 2578 4259 episcoporum
2631 4203 2753 4244 esse
2797 4185 3194 4259 przestandum,
3236 4197 3303 4236 ex

1713 4260 1883 4314 veteri
1935 4260 2215 4329 disciplina
2234 4256 2610 4331 acceptumua
2661 4275 2720 4314 se
2767 4256 3122 4331 proﬁtentur,
3179 4267 3304 4307 cum

1715 4339 1964 4384 asserant
2015 4328 2389 4400 superiorum—
2411 4329 2767 4386 conciliorum
2815 4328 3031 4400 decreta
3069 4341 3098 4377 a
3132 4339 3189 4378 se
3223 4338 3306 4376 re-

1713 4397 2474 4475 novari._Et__certeﬂnomina
2519 4401 2798 4475 consulum
2828 4397 3034 4475 passim
3068 4409 3303 4475 appone-

1714 4473 1913 4527 bantur
1942 4472 1996 4527 in
2027 4473 2286 4528 Ecclesiis
2311 4471 2750 4528 Occidentalibus
2780 4486 2884 4523 non
2914 4467 3072 4524 modo
3097 4467 3303 4535 cpisco-

1644 4558 1690 4618 υ
1716 4558 1907 4612 porum
1936 4546 2157 4618 epocha:
2188 4545 2267 4618 in“
2286 4543 2572 4618 sepulcris,
2602 4543 2772 4618 uticx
2801 4540 3018 4618 Nolana:
3048 4535 3304 4618 Ecclesia:

1718 4608 2085 4670 monumentis
2127 4608 2362 4670 exhibui
2390 4616 2443 4668 in
2480 4613 2801 4668 Praefatione
2833 4612 2960 4665 tomi
2999 4608 3156 4679 primi
3197 4622 3297 4679 nu-_

1715 4701 1867 4739 mero
1913 4685 2004 4751 26,
2058 4687 2201 4756 quod
2257 4701 2471 4756 possem
2529 4684 2771 4756 pluribus
2817 4675 3162 4740 conﬁrmare,
3205 4675 3300 4730 sed

1714 4756 1880 4809 etiam
1929 4756 1980 4809 in
2033 4755 2263 4810 levioris
2297 4757 2552 4810 momenti
2600 4755 2766 4826 gesﬁs
2816 4761 2940 4826 nota
2999 4760 3298 4818 temporum

1713 4827 2128 4895 distinguendis.
2181 4827 2368 4884 Roma:
2423 4823 2622 4879 autem'
2656 4839 2817 4892 quam
2868 4823 3122 4895 frequens
3171 4833 3300 4895 usus

1717 4889 2214 4951 l'uoritvconsnlatus
2256 4906 2398 4950 notae
2424 4889 2754 4965 opponenda:
2797 4909 2921 4965 non
2955 4889 3114 4965 niodo
3157 4889 3300 4940 viro-

1718 4984 1834 5021 rmn
1868 4968 2158 5022 illustrium
2202 4962 2612 5036 sepulcris—{scd
2643 4965 2806 5019 etiam
2838 4962 3136 5036 vulgarium
3165 4974 3300 5027 quo-
3387 4979 3394 4986 ·

1719 5053 1967 5106 rtnnquc,
2000 5051 2054 5094 et
2081 5039 2210 5108 ipsis
2235 5032 2497 5092 infantum
2534 5037 2741 5100 loculis,
2772 5035 2912 5108 apud
2935 5032 3296 5108 Christianos,

1670 5153 1672 5156 .
1716 5102 2014 5179 martyrum
2043 5102 2353 5164 etclneteria
2395 5102 3036 5179 luculenterostendunt.
3074 5102 3294 5155 Refere-

1712 5176 1913 5232 bantur
1959 5195 2088 5233 vero
2137 5180 2306 5234 multo
2355 5179 2660 5249 diligentius
2708 5177 2765 5249 in
2811 5176 2943 5249 Acta
2997 5181 3294 5249 martyrum

1711 5251 1923 5319 («pialcs
1956 5261 2083 5304 sunt
2124 5251 2408 5318 pontiﬁces
2434 5245 2498 5305 de
2529 5249 2725 5318 quibus
2758 5245 3048 5319 loquimur)
3083 5251 3298 5319 a_nota—

1711 5313 1808 5375 riis
1845 5313 2170 5391 regionariis
2211 5338 2307 5391 per
2345 5313 2680 5388 Clementem
2726 5313 3004 5391 institutis,
3035 5324 3089 5368 ct
3126 5313 3177 5366 in
3213 5327 3300 5365 re—

1707 5402 1856 5460 gesta
1898 5365 2174 5455 Ecclesia},
2209 5365 2318 5447 lum
2359 5383 2725 5446 ordinationes
2755 5388 3148 5460 episcoporum,
3182 5394 3292 5437 tum

1706 5457 1867 5518 etiam
1911 5463 2233 5522 clericorum
2273 5461 2532 5531 cujusque
2570 5459 2777 5522 ordinis
2816 5457 3200 5531 promotioncs,
3233 5461 3294 5531 ut

1707 5550 1770 5590 ex
1823 5535 2025 5605 cpocha
2081 5534 2293 5589 illorum
2337 5525 2629 5605 inin—istc‘rii
2661 5525 2898 5605 provehi
2940 5534 3176 5605 possent
3227 5525 3293 5603 ad

1705 5597 1950 5660 altiorem
1982 5605 2204 5678 gradum
2229 5606 2405 5678 juxta
2424 5597 2913 5678 regulas_Patrum_._
2940 5597 3054 5654 l’rre
3083 5597 3294 5678 ueteris

1707 5694 1836 5732 vero
1864 5670 2135 5732 atra'novi
2170 5670 2745 5747 po'ntiﬁcis‘eonsulatu
2777 5680 2832 5726 ct
2864 5670 2950 5724 die
2976 5679 3094 5747 crat
3123 5670 3288 5747 signi-

1708 5749 1938 5810 ficanda,
1970 5756 2028 5802 ut
2071 5739 2192 5803 inde
2229 5744 2459 5818 judicari
2507 5743 2718 5819 facilius
2761 5751 2940 5812 posset
2968 5741 3033 5796 de
3063 5739 3291 5819 veritate

1705 5823 2078 5886 l‘onnalarum,
2111 5810 2474 5883 decretorum,
2503 5810 2873 5888 epistularum,
2905 5827 3024 5884 quzc
3061 5811 3126 5866 ad
3160 5810 3289 5864 alias
