3954 6318
135 371 274 426 1517

907 363 1226 421 HISTORIA
1259 363 1348 419 DE-
1386 361 1562 421 VlTlS
1601 361 1764 419 ROM.
1804 360 2004 418 PONT.
2045 394 2113 403 —
2153 362 2210 418 S.
2253 361 2615 418 CALIXTUS.

3284 365 3422 424 1518

208 482 465 555 Exigebat
501 491 612 536 tum
637 482 892 555 temporis
921 491 1133 555 recepta
1163 481 1416 555 Ecclesia
1436 481 1718 555 disciplina
1750 487 1794 545 Α
1825 480 2013 555 etesia;
2027 494 2254 551 praeerat
2301 482 2370 552 (is
2413 483 2650 555 creditur
2693 478 2859 555 fuisse
2899 479 3262 555 ΔΖρριιίξινὶιιιμδ)
3294 500 3415 539 cum

129 553 470 630 gravissimis
500 568 564 630 ex
609 554 811 630 causis_
836 554 1239 630 constituta,_ut
1277 553 1332 607 in
1373 553 1718 630 restituendis

128 623 203 682 an
253 623 681 680 communionem
737 623 845 676 reis
896 623 1238 690 hujnsmodi,
1295 623 1385 692 qui
1437 623 1720 692 insigniter

127 697 474 766 deliquerant
507 703 560 748 et
589 692 899 748 scandalum
933 693 1197 766 universis
1227 691 1471 766 ﬁdelibus
1503 691 1709 747 oblnle-

126 762 279 832 rant,
302 775 541 821 extrema
567 779 688 818 cum
721 762 1066 833 precantione
1091 771 1360 833 ageretur,
1389 763 1512 817 licet
1535 778 1718 817 sacra-

123 847 316 892 mento
367 833 700 906 pmuitentiae
759 832 1337 906 expiari_suppliciter
1405 841 1712 902 poscerent.

123 903 493 974 Quorumdam
530 904 790 974 severitas
812 903 948 957 ultra
980 903 1234 958 Ecclesia:
1276 903 1422 974 leges
1448 913 1504 958 et
1533 913 1715 974 caute-

121 973 237 1032 lam
284 978 356 1031 ita
396 981 724 1044 processeral
769 973 822 1028 in
865 974 1145 1038 smvitiem,
1187 981 1246 1044 ut
1287 973 1352 1044 de
1398 973 1714 1030 criminibus

118 1043 411 1104 nonnullis
449 1060 550 1099 nec
591 1043 973 1114 indulgentiam
1031 1043 1366 1099 remissionis
1411 1044 1709 1114 habendam

117 1125 432 1181 censerent,
465 1117 567 1170 hoc
591 1125 669 1169 est
705 1111 771 1168 de
811 1111 1131 1178 idololatria,
1160 1114 1453 1168 homicidio
1483 1123 1537 1169 et
1561 1113 1712 1167 adul-

119 1188 302 1252 terio;
327 1189 397 1241 ita
419 1194 474 1240 ut
495 1185 841 1255 admitterent
861 1185 1076 1254 quidem
1101 1185 1168 1239 ad
1190 1198 1352 1254 opera
1379 1184 1712 1255 pmnitentia:

114 1258 425 1314 exercenda
451 1254 760 1310 eorumdem
802 1255 1087 1309 criminum
1129 1271 1280 1316 I‘COS;
1315 1254 1552 1310 attamen
1583 1270 1710 1308 COD-

115 1329 411 1383 lenderent
454 1341 557 1380 non
609 1340 767 1394 posse
813 1325 998 1380 iisdem
1049 1325 1116 1378 ab
1164 1324 1418 1380 Ecclesiae
1455 1324 1709 1379 tribunali

112 1397 514 1466 absolutionem
554 1395 913 1464 pronuntiari,
960 1397 1056 1466 sed
1092 1405 1341 1466 oportere
1392 1405 1450 1450 nt
1494 1395 1560 1450 ad
1584 1394 1707 1466 __Dei

104 1468 382 1538 judicium
406 1467 460 1538 in
486 1465 663 1538 futuro
679 1466 874 1520 δςεοιιιο
897 1464 1145 1538 remissio
1168 1475 1553 1538 reservaretur.
1582 1464 1712 1519 Ter-

112 1536 382 1592 iullianus
418 1536 652 1590 Montani
702 1545 906 1591 sectam
952 1536 1249 1605 amplexus,
1275 1537 1374 1591 hos
1402 1537 1451 1591 in
1496 1549 1713 1590 errores

109 1607 438 1677 impegerat.
469 1606 1000 1676 Quare'impotenter
1035 1609 1298 1662 excandet
1342 1615 1530 1661 contra
1564 1606 1713 1677 illum

107 1692 187 1734 ex
226 1676 482 1732 Romanis
517 1677 890 1746 pontiﬁcibus,
932 1677 1023 1747 qui
1067 1692 1162 1748 per
1200 1693 1316 1732 eam
1349 1687 1563 1731 aetatem
1618 1676 1718 1731 Ec-

1824 553 1891 606 ab
1917 553 2103 606 eodem
2134 551 2442 606 emanassct
2470 553 2742 606 decretum
2790 551 3048 606 adulteris
3089 562 3144 606 et
3184 551 3419 608 tornica-

1825 623 2032 678 toribus
2062 623 2448 691 pmnitentihus
2478 622 2829 677 absolutionis
2861 623 3178 675 beneﬁcium
3224 639 3418 678 concc-

1822 692 1973 746 dens.
2009 711 2027 742 σ
2055 693 2226 746 Audio
2253 694 2414 746 etiam
2460 694 2690 746 edictum
2739 709 2858 747 esse
2895 694 3228 761 propositum
3261 693 3417 758 (Ter-

1821 762 1940 827 tnl.,
1965 762 2055 815 lib.
2073 764 2137 816 de
2157 761 2344 816 Pudic.
2357 802 2370 827 ,
2387 765 2484 816 sul)
2508 762 2649 832 init.)
2669 771 2720 816 et
2742 763 2958 831 quidem
2974 764 3413 831 peremptorium.

1821 832 2067 888 Pontifex
2123 833 2328 888 scilicet
2371 833 2658 897 Maximus,
2704 835 2987 902 episcopus
3016 834 3413 902 episcoporum,

1825 903 2004 957 dicit:
2048 904 2159 973 Ego
2211 912 2263 957 et
2319 904 2563 959 mmchia:
2607 916 2661 957 et
2713 903 3084 957 fornicationis
3136 903 3290 957 hines
3336 903 3416 956 di-

1822 973 1999 1027 mitto.
2053 993 2070 1024 ι
2121 973 2196 1026 Ex
2250 974 2334 1028 his
2381 973 2693 1028 Tertulliani
2749 973 2925 1027 verbis
2965 973 3334 1043 dignoscimus
3381 989 3410 1026 a

1822 1043 2012 1114 primis
2066 1043 2322 1098 Ecclesize
2370 1045 2696 1114 temporibus
2751 1044 3098 1098 cnnsuevisse
3155 1043 3414 1098 Romanis

1818 1113 2084 1184 episcopis
2113 1115 2330 1169 attribui
2370 1113 2580 1168 titulum
2625 1114 2892 1183 pontiﬁcis
2935 1114 3179 1176 maximi,
3207 1123 3262 1168 et
3300 1115 3414 1183 epi-

1816 1184 1962 1254 scopi
1991 1183 2386 1254 episcoporum.
2421 1184 2572 1252 Quod
2615 1187 2658 1238 si
2693 1187 3054 1238 contendatur
3087 1183 3409 1252 scriptorem

1818 1253 1962 1308 hunc
1987 1253 2330 1310 audaciorem
2379 1271 2442 1309 ex
2492 1256 2682 1310 hmresi
2732 1254 2999 1309 redditum
3041 1254 3248 1307 ironice
3294 1262 3413 1307 tan-

1819 1333 1932 1378 tum
1958 1341 2021 1379 ea
2047 1326 2261 1379 nomina
2288 1340 2435 1394 papa:
2465 1326 2872 1380 accommodare
2896 1324 3156 1386 voluisse,
3186 1324 3237 1377 id
3267 1339 3410 1377 sem-

1813 1405 2007 1466 per'ex
2055 1395 2196 1450 facto
2233 1393 2520 1466 verbisque
2556 1396 2802 1458 resultat,
2850 1394 3150 1448 Romanum
3202 1393 3411 1466 scilicet

1814 1464 2127 1536 episcopum
2176 1464 2648 1527 exercuissc.eam
2698 1473 3017 1536 potestatem
3068 1480 3164 1534 per
3225 1464 3410 1532 hujus-

1815 1536 1960 1607 rnodi
2017 1535 2198 1607 titulos
2243 1536 2575 1607 indicatam,
2634 1535 2816 1607 utpote
2865 1551 3025 1605 quam
3086 1537 3408 1607 auctoritate

1816 1606 2250 1731 ClIIristibDomini
2280 1605 2441 1660 Petro
2475 1618 2530 1662 et
2555 1605 2958 1664 successoribus
3001 1607 3248 1661 collatam
3284 1605 3407 1676 jure

1820 1690 1853 1729 0
1896 1686 2005 1731 tlne
2041 1689 2154 1731 ant.

1820 1686 2154 1732 Obtlnebant.

1068 2119 1247 2200 XVI
1266 2121 1324 2199 Io
1391 2121 1851 2202 SANCTUS
1913 2121 2452 2204 CALIXTUS.

1187 2362 1354 2405 ANNO
1406 2363 1658 2408 cnalsn
1695 2345 1847 2419 221,
1895 2363 2245 2406 summu
2287 2346 2349 2405 2.

355 2764 458 2835 17
501 2759 815 2834 Calixtus,
901 2761 1157 2822 natione
1260 2760 1598 2834 Romanus,

1703 2778 1783 2821 ea:
1877 2767 2062 2840 patre

2165 2763 2472 2837 Domitio,
2583 2761 2656 2824 de
2769 2763 3022 2842 regione
3128 2762 3380 2827 Urbera-

277 2865 564 2925 rennatio
628 2884 678 2940 ο,
758 2863 924 2927 sedit
996 2881 1200 2928 annos
1273 2882 1411 2938 sex,
1482 2881 1738 2928 menses
1823 2865 2012 2943 duos,
2087 2867 2229 2930 dies
2315 2868 2534 2930 decem
2593 2869 2645 2930 ι’.
2695 2867 2849 2930 Fuit
2947 2875 3159 2932 autem
3239 2879 3388 2930 tem-

264 2966 532 3044 poribus
594 2967 870 3029 Macrini
917 2979 978 3031 et
1022 2968 1450 3048 Heliogabali,
1513 2988 1551 3029 a
1605 2969 1937 3032 consulatu
2007 2973 2316 3034 Antonini
2368 2981 2424 3034 et
2493 2972 2846 3035 Alexandri
2911 2994 2962 3033 c.
3020 2975 3144 3035 Hic
3224 2992 3389 3034 mar-

270 3073 440 3149 tyrio
510 3079 878 3134 coronatur.
935 3073 1060 3134 Hic
1109 3073 1442 3134 constituit
1495 3073 1811 3154 jejunium
1893 3075 1992 3138 die
2067 3079 2324 3142 Sabbati
2406 3088 2553 3141 terd
2617 3081 2684 3142 in
2742 3098 2902 3142 anno
2978 3080 3164 3159 fieri,
3250 3082 3390 3162 fru-

186 3179 227 3239 5
269 3178 480 3252 menti,
563 3179 698 3239 vini
777 3187 831 3240 et
862 3177 986 3239 olei
1037 3191 1060 3218 ο
1113 3178 1448 3240 secundum
1495 3180 1897 3260 prophetiam
1959 3185 1978 3223 ί
2041 3185 2277 3264 quarti,
2350 3186 2600 3264 septimi
2689 3197 2738 3259 ε,
2824 3195 2878 3248 et
2946 3186 3194 3248 decimi.
3269 3187 3390 3250 Hic

271 3281 423 3345 imit
482 3282 810 3345 basilicam
876 3283 903 3323 δ
966 3288 1139 3346 trans
1198 3284 1508 3346 Tiberim.
1563 3284 1688 3347 Hic
1740 3287 1887 3367 fecit
1953 3286 2385 3370 ordinationes
2441 3291 2711 3370 quinque
2785 3309 2900 3370 per
2961 3309 3217 3352 mensem
3274 3293 3390 3352 De-

271 3388 562 3450 cembrem
595 3413 616 3452 :
650 3389 1059 3470 presbyteros
1116 3391 1424 3466 sedecim,
1492 3391 1790 3454 diaconos
1839 3403 2140 3474 quatuor,
2188 3397 2528 3476 episcopos
2566 3414 2678 3476 per
2743 3396 2998 3461 diversa
3050 3398 3185 3460 loca
3214 3405 3384 3460 octo.

270 3489 391 3565 Qui
431 3493 621 3555 etiam
684 3495 980 3575 sepultus
1025 3502 1122 3558 est
1153 3497 1220 3558 in
1251 3497 1641 3560 cmmeterio-
1672 3497 2024 3578 Calepodii,
2089 3500 2191 3562 via
2241 3501 2528 3572 Aurelia,
2577 3500 2883 3564 milliario
2918 3503 3128 3577 tertio,
3177 3501 3386 3582 pridie

267 3599 418 3661 ldus
448 3601 767 3676 Octobris,
801 3609 862 3665 et
893 3603 1044 3665 fecit
1078 3600 1252 3665 aliud
1287 3603 1729 3666 cmmeterium
1772 3615 1786 3653 i
1829 3605 1930 3666 via
1968 3607 2198 3685 Appia,
2221 3607 2332 3668 ubi
2358 3608 2544 3668 multi
2579 3607 2946 3670 sacerdotes
2978 3614 3039 3669 et
3073 3618 3388 3686 martyres

141 3703 223 3762 10
269 3703 707 3783 requiescunt,
747 3707 918 3786 quod
957 3706 1314 3786 appellatur
1344 3725 1553 3789 usque
1606 3708 1673 3771 in
1731 3707 2117 3790 hodiernum
2158 3709 2331 3773 diem
2367 3711 2806 3775 cmmeterium
2845 3711 3114 3788 Calixti;
3147 3721 3208 3776 ct
3237 3730 3386 3775 ces-

271 3808 431 3869 savit
460 3809 868 3890 epiSCOpatus
899 3811 1042 3874 dies
1072 3829 1210 3875 sex.

1218 3959 1696 4023 CATALOGUS
1739 3961 1881 4024 SUB
1918 3962 2264 4025 LlBERlO.

179 4098 494 4160 Callistus
524 4117 724 4162 annos
761 4104 820 4174 5,
855 4120 1112 4166 menses
1143 4107 1206 4178 2,
1238 4105 1378 4167 dies
1414 4109 1512 4168 10.
1548 4106 1696 4168 Fuit
1734 4110 2134 4188 temporibus
2161 4111 2422 4173 Macrini
2459 4117 2519 4173 et
2551 4113 2975 4193 Henogabali,
3017 4131 3049 4176 a
3083 4115 3356 4177 consula

86 4203 166 4259 tu
210 4198 520 4260 Antonini
561 4211 620 4262 et
659 4200 930 4264 Adventi
975 4221 1180 4284 usque
1218 4205 1549 4268 Antonino
1582 4206 1670 4268 lll
1707 4220 1765 4270 et
1796 4208 2186 4272 Alexandro.

1195 4367 1460 4410 NOTULB
1505 4369 1906 4413 MARGINALES
1951 4371 2286 4414 FABBOTTI.

236 4480 299 4547 C,
327 4483 474 4538 urbis
499 4483 891 4554 Ravennatnm.
970 4485 998 4524 ι)
1029 4502 1058 4539 a
1088 4485 1157 4551 Β,
1185 4502 1272 4540 an.
1305 4487 1357 4550 5,
1388 4505 1459 4544 m.
1492 4491 1540 4554 l,
1568 4491 1619 4545 d.
1654 4492 1740 4548 12.

77 4541 152 4610 et
187 4541 500 4626 Sacerdotis
525 4553 590 4607 ad
617 4554 814 4626 Julian.
841 4564 895 4610 et
919 4555 1092 4626 Crisp.

1183 4557 1208 4596 ά
1235 4561 1248 4576 ⁵
1288 4557 1396 4623 CB,
1448 4572 1658 4630 qUaICI'.

77 4626 214 4679 bas.
251 4622 307 4677 S.
337 4622 532 4678 Illarizc.

617 4627 629 4664 ί
674 4625 871 4680 Baron.
907 4644 996 4680 an.
1021 4625 1110 4692 26,
1136 4628 1200 4682 de
1227 4625 1550 4684 cwmeleriis.

1762 4577 1785 4602 ε
1818 4564 1920 4620 olei
1962 4566 2129 4636 gratia
2163 4565 2272 4620 CB.

1853 4505 1874 4531 ε
1922 4493 1989 4558 Β,
2017 4493 2237 4564 Elagab.
2272 4503 2324 4550 et
2352 4495 2674 4562 Alexandri,
2705 4516 2732 4552 a
2763 4500 2915 4554 Coss.
2945 4500 3147 4554 Anton.
3179 4500 3311 4564 Aug.
3346 4499 3384 4553 ll

2381 4567 2397 4606 ί
2436 4568 2598 4625 Zach.
2631 4587 2747 4625 \‘III.
2832 4573 2854 4610 ⁸
2881 4578 2894 4592 ¹
2927 4571 3119 4641 quinti.
3196 4572 3223 4611 ιι
3255 4567 3296 4624 C
3320 4571 3382 4635 Β,

1380 4765 1608 4820 VARIzE
1657 4765 2056 4822 LECTIONES.

373 4899 522 4969 Apud
551 4897 856 4952 Fubrollum
883 4915 946 4952 ex
973 4901 1147 4954 codice
1175 4898 1413 4955 Frelieri.

70 5084 88 5134 1
163 5009 334 5132 Νιῗὲ
371 5010 434 5062 l7
488 5009 582 5062 lin.
622 5011 673 5072 7,
707 5009 772 5076 Β,
810 5012 988 5071 presb.
1022 5013 1108 5066 Η.
1139 5014 1260 5068 ead.
1296 5014 1389 5068 lin.
1435 5016 1499 5081 Α,
1531 5015 1584 5081 9,
1622 5015 1686 5082 Β,

91 5097 209 5134 oca
323 5120 334 5130 .

91 5097 209 5134 00:]
251 5097 270 5131 Ι
281 5097 334 5132 Ο.

317 5190 399 5246 Ex
429 5195 604 5246 codice
631 5185 805 5263 Regio,
830 5193 1106 5250 Μαιαιῆηο
1137 5207 1184 5252 et
1213 5196 1451 5252 Timauo.

161 5307 284 5378 Lin.
320 5312 372 5370 1,
409 5306 484 5378 de
511 5307 726 5378 regione
763 5308 912 5363 urbis
948 5308 1341 5365 Ravennatium
1381 5327 1426 5366 s.
1467 5327 1594 5366 ann.
1627 5312 1683 5378 6,

70 5397 161 5435 m.
211 5376 292 5440 l0,
335 5378 386 5429 d.
432 5376 512 5429 10.
561 5376 694 5447 Fuit
727 5386 906 5433 autem
953 5381 1283 5447 temporibus
1327 5381 1581 5437 Antonini
1630 5376 1685 5437 el

67 5448 387 5522 Alexandri
426 5463 454 5499 a
487 5446 904 5522 cons.‘_b_laerini
945 5459 999 5503 et
1032 5446 1357 5522 liciiogahali
1405 5468 1573 5521 usque
1617 5456 1683 5508 ad

67 5521 422 5574 Pratsentem
471 5527 527 5569 et
569 5518 901 5573 Gallicanum
945 5518 1214 5576 consules:
1266 5522 1362 5577 Hic
1407 5518 1686 5579 constituit

193 5590 248 5661 tl.
286 5588 463 5661 s._lin.
506 5587 559 5650 6,
602 5589 1030 5661 ῑνθηείΤὶὺρνίιη
1074 5607 1177 5661 quc
1218 5602 1442 5647 vocatur
1485 5605 1684 5649 sancta:

69 5657 497 5732 Marcellam,
526 5673 645 5732 qum
769 5659 834 5712 Μ.
883 5657 1196 5732 appellainr.
1240 5661 1335 5718 llic
1379 5663 1504 5719 fecit
1541 5665 1683 5720 aliud

64 5729 418 5784 cimiterinm
449 5730 532 5782 via
573 5730 762 5798 Appia,
797 5731 882 5784 ubi
920 5729 1000 5785 in.
1030 5748 1074 5786 s.
1113 5733 1206 5786 lin.
1245 5735 1328 5795 10.
1358 5735 1680 5788 cimiterimn

62 5799 305 5858 Calix’ti.
355 5799 450 5856 llic
487 5800 612 5855 fecit
661 5802 1025 5858 ordinationes
1067 5803 1118 5871 5,
1163 5821 1256 5874 per
1287 5822 1358 5860 Ill.
1404 5806 1465 5872 D,
1506 5823 1555 5876 p.
1597 5806 1678 5874 lt},

1799 4904 1939 4958 diac.
1972 4904 2026 4965 4.
2060 4919 2144 4974 cp.
2173 4920 2270 4974 per
2293 4905 2344 4978 tl.
2382 4905 2494 4958 loca
2523 4906 2574 4960 8.
2605 4905 2704 4972 Qui
2741 4905 2903 4978 etiam
2937 4910 3198 4978 martyrio
3232 4925 3388 4964 coro-

1799 4985 2083 5048 natnsicsl,
2112 4985 2165 5048 et
2186 4976 2424 5048 sepultus
2455 4978 2504 5029 in
2529 4977 2794 5048 cimiterio
2815 4976 3120 5048 Calcopodii
3149 4982 3227 5034 \ia
3251 4983 3382 5036 Aur.

1796 5046 1909 5122 mil.
2015 5049 2082 5102 ab
2114 5045 2257 5101 Urbe
2286 5047 2342 5100 ll
2380 5048 2499 5101 ldus
2527 5047 2645 5102 Oct.
2685 5057 2737 5101 ct
2779 5045 3009 5104 cessavit
3045 5051 3387 5122 episcopatus

1795 5117 1910 5172 dies
1938 5121 1989 5171 6.

2213 5207 2299 5262 Ea:
2329 5209 2504 5263 codice
2535 5208 2753 5264 Tliuano
2781 5210 2968 5265 altera.

1862 5297 2062 5372 [sim],
2085 5299 2221 5372 urbe
2248 5299 2664 5355 Ravennatium.
2691 5301 2788 5355 lin.
2815 5302 2869 5366 5,
2899 5303 3257 5372 prophetiam.
3293 5304 3390 5359 llic

1794 5369 1831 5422 ί.
1862 5369 1955 5423 lin.
1987 5369 2042 5432 8,
2074 5371 2314 5439 sepultus
2343 5380 2446 5426 est.

2057 5480 2210 5550 Apud
2237 5479 2564 5535 Ilolstenium
2592 5492 2638 5535 et
2670 5481 3120 5547 Schelestratium,

1863 5595 1978 5673 Lin.
2120 5597 2236 5673 cod.
2281 5597 2581 5673 Cass.__om.
2631 5600 2719 5654 hic
2763 5604 3026 5673 martyrio
3070 5612 3380 5657 coronatur.

1786 5667 2146 5743 li_n._5,__l4'lor.
2181 5667 2328 5743 Qats.
2362 5679 2408 5743 et
2445 5667 2563 5722 Vat.
2598 5686 2700 5743 om.
2731 5667 2930 5741 quarti,
2965 5675 3179 5743 septimi
3209 5683 3264 5727 et
3292 5675 3385 5727 de-

1787 5738 1933 5791 cimi.
1969 5739 2061 5791 (in.
2093 5740 2148 5800 8,
2181 5737 2329 5792 litor.
2360 5740 2414 5804 2,
2449 5741 2710 5810 martyrio
2736 5737 3039 5798 coronatur
3057 5754 3110 5799 ct
3145 5744 3382 5814 sepultus

1787 5819 1886 5862 CSL
