3954 6318
74 349 188 404 ιόἓί

800 343 1115 400 HISTORIA
1153 343 1240 399 DE
1279 340 1454 398 VITIS
1489 337 1657 397 ROM.
1697 336 1898 396 PONT.
1931 368 2001 377 ——
2037 337 2092 391 S.
2133 335 2494 396 CALIXTUS.

3168 342 3305 417 ιδῃ

72 465 222 534 igitur
263 457 374 534 ejus
418 456 685 526 martyrii,
728 471 834 534 non
866 467 979 524 post
1030 457 1140 534 dies
1166 471 1294 534 _xv_u
1341 453 1632 534 legendum»
1654 458 1698 516 Α
1731 451 1783 506 ἰη
1810 451 1998 534 eodem
2042 450 2354 534 cmmeterilo
2400 447 2620 534 Galliicti,
2652 457 2721 534 ei
2738 449 2925 534 Idibus
2964 450 3190 534 {Augusti
3223 470 3309 534 re-

68 523 305 586 avrbitror'.
337 525 512 594 Quare
534 523 849 597 martyrium
868 523 1081 594 ’spectat
1112 527 1179 580 ad
1211 526 1351 580 diem
1377 523 1625 597 Octobris

70 601 154 665 13,
201 593 449 653 extractio
499 611 531 651 e
576 593 739 666 puteo
783 605 836 648 et
871 593 1036 650 illatio
1079 597 1131 649 in
1163 595 1528 666 coemeteriutn
1557 593 1624 646 ad

68 673 202 724 diem
239 667 298 722 14
321 685 334 720 :
360 683 372 719 ι
397 678 416 720 ι
440 665 596 735 plane
617 668 725 720 sint
753 667 820 720 ab
847 666 963 735 ejus
982 665 1322 735 ordinatione
1342 665 1409 718 ad
1433 671 1626 735 marty-

69 741 200 793 rium
250 738 367 791 anni
415 733 472 798 v,
531 751 742 790 menses
792 752 826 790 ιι
853 733 886 799 ,ἡ
913 737 1028 790 dies
1076 751 1128 800 x,
1179 734 1419 788 omnium
1460 733 1626 787 docu-

68 819 353 864 mentorum
406 804 661 875 suffragio
710 805 1040 874 comprobali
1100 822 1113 857 :
1173 802 1625 875 quemadmodum

67 881 335 948 signantur
381 872 703 948 in_pic_t'uris
748 885 803 930 et
835 872 1128 930 codicibus
1155 872 1210 928 et
1257 872 1516 944 catalogis
1561 872 1627 926 de

67 945 253 1018 quibus
275 949 408 1002 inter
437 945 844 1016 Prolegomena.

579 1059 737 1098 ΝΟΤΕ
776 1056 1094 1098 ηιετοιυῦμε.

130 1147 286 1202 Linea
317 1148 364 1200 1.
405 1177 477 1187 --
533 1145 762 1200 Ratione
786 1144 1074 1207 Romanus,
1100 1158 1165 1198 ex
1201 1152 1348 1207 patre
1373 1141 1622 1202 Domitio,

67 1221 126 1272 de
154 1219 347 1288 regione
370 1217 500 1288 urbe
537 1215 876 1288 Ravennatio.
910 1215 950 1268 E
993 1222 1159 1288 gent_e
1187 1213 1416 1288 Domitia
1441 1222 1624 1266 natum

68 1283 252 1363 asserit
274 1287 548 1363 Callistum
579 1286 644 1339 de
671 1286 888 1363 regione
919 1283 1060 1363 urbis
1103 1283 1481 1363 Ravennatiunt
1527 1297 1622 1363 ap-

67 1359 269 1426 pellata.
297 1357 348 1410 ln
379 1357 595 1424 regione
623 1352 772 1408 urbis
812 1371 897 1409 xlv
927 1355 1218 1426 Augustea,
1249 1352 1623 1426 Transtiberirn

73 1431 220 1491 ﬁcta,
247 1438 359 1496 quae
405 1422 488 1480 est
519 1435 686 1496 sexta
731 1426 875 1496 regio
921 1422 1288 1496 ecclesiastica
1337 1422 1521 1496 (supra
1569 1423 1624 1475 in

67 1492 459 1567 Prolegomeuis)
515 1495 702 1549 hortos
768 1492 982 1567 Domitii
1052 1509 1082 1548 a
1139 1493 1390 1567 Publico_
1409 1492 1625 1546 Victore

68 1561 337 1622 TOIIOCRIOS
376 1569 665 1621 observant
688 1565 980 1634 antiquarii
1020 1583 1032 1616 :
1063 1574 1117 1618 et
1143 1573 1316 1616 castra
1351 1561 1625 1634 Ravenna-

68 1641 190 1691 'ium
219 1638 268 1690 in
306 1637 490 1690 eadem
523 1635 742 1704 regione
789 1631 1038 1689 similiter
1068 1641 1307 1704 statuunt
1351 1647 1474 1687 cum
1515 1631 1625 1684 Do-

68 1719 187 1760 mto
213 1709 300 1760 lib.
325 1723 380 1760 III
411 1707 480 1760 tle
508 1702 638 1758 urbe
665 1705 855 1766 Roma,
886 1721 1006 1774 pag.
1034 1704 1159 1768 510,
1192 1702 1421 1774 aliisque
1443 1710 1625 1774 anctog

68 1779 224 1831 ribus.
255 1777 426 1842 Quare
456 1775 621 1845 potuit
648 1772 898 1828 Callistus
922 1772 1022 1828 hoc
1043 1775 1203 1829 etiam
1233 1773 1448 1845 nomine
1474 1772 1620 1845 fundi

67 1849 123 1899 nl
150 1841 349 1916 gentem
396 1841 548 1900 suam
591 1845 871 1898 Domitiam
908 1844 1224 1916 pertinentis
1251 1843 1483 1916 Titulnrn
1512 1841 1619 1916 Rn-

67 1912 268 1971 nanum
314 1917 364 1968 in
415 1917 504 1970 illo
541 1916 770 1985 erigere,
813 1912 1280 1983 qui’postmodum
1311 1913 1528 1985 basilica
1559 1912 1617 1966 S.

67 1989 233 2042 llaritc
254 1983 655 2045 Transtiberini,
674 1996 729 2039 et
747 1986 948 2041 Callisti
973 2002 1002 2038 a
1025 1985 1302 2040 conditore
1321 1983 1623 2051 promiscue

73 2066 407 2126 mncupatur.
437 2055 628 2112 Donati
657 2058 815 2112 verba
845 2065 967 2110 sunt
996 2075 1006 2110 :
1041 2073 1059 2106 ι
1099 2053 1210 2108 Sub
1242 2050 1357 2121 ipso
1377 2050 1623 2126 ianiculo

67 2144 163 2181 mn
197 2124 376 2181 horum
407 2137 612 2180 tantum
665 2127 1070 2182 Vitellianorum
1118 2124 1457 2194 temporariae
1506 2131 1621 2194 sta-

77 2201 248 2262 iones,
278 2198 366 2252 sed
393 2212 655 2267 perennes
685 2198 909 2252 militum
936 2207 1089 2251 erant
1117 2193 1374 2267 institutae
1411 2196 1478 2249 ab
1509 2193 1623 2267 Αιιέ

67 2278 209 2337 ;uslo
233 2265 406 2321 castra
435 2265 810 2321 Ravennatium
834 2267 1004 2329 dicta;
1038 2281 1229 2337 nempe
1253 2265 1505 2337 militum,
1531 2266 1621 2334 qui

68 2334 279 2392 Elassem
319 2337 585 2391 Ravenna:
611 2337 923 2391 collocatam
955 2334 1242 2391 tuebantur
1270 2335 1333 2387 ad
1358 2334 1625 2389 defensio.

68 2425 177 2461 rem
199 2408 371 2477 superi
404 2407 584 2462 Maris.
617 2406 855 2478 (Sueton.
893 2407 945 2478 in
971 2407 1125 2478 Aug.
1157 2423 1204 2459 c.
1233 2405 1344 2478 49).
1380 2405 1442 2478 Ili
1481 2405 1622 2460 clas-

67 2479 202 2530 .iarii
246 2476 518 2532 venientes
563 2476 635 2530 ad
660 2477 855 2532 Urbem
887 2477 956 2530 ibi
1003 2477 1199 2532 stativa
1250 2476 1538 2537 habebant,
1571 2483 1627 2530 et

67 2569 74 2600 ι
105 2555 113 2598 1
151 2549 265 2609 hos,
296 2549 406 2602 sive
433 2548 568 2600 alios
598 2546 830 2599 Taberna
852 2547 1142 2611 meritoria,
1170 2547 1255 2601 ubi
1289 2561 1430 2599 nunc
1458 2545 1625 2599 Αἳάεσ

67 2618 108 2671 ς.
184 2617 367 2672 Maria:
420 2617 792 2670 Transtiberim
849 2617 1148 2686 pertinebat
1195 2635 1208 2669 :
1262 2617 1401 2669 unde
1449 2616 1623 2671 oleum

67 2689 262 2742 ibunde
290 2689 355 2742 ad
401 2687 618 2740 fluvium
665 2703 831 2754 usque
874 2689 1092 2742 fluxisse
1119 2686 1480 2741 ecclesiastica
1512 2701 1628 2739 mo-

68 2768 302 2812 numenta
326 2757 604 2827 prodidere
630 2775 643 2810 :
671 2768 726 2811 et
747 2767 1000 2812 constans
1026 2757 1188 2819 fama,
1213 2757 1628 2826 designautsque

70 2845 102 2880 n
142 2827 336 2896 templo
365 2828 649 2880 maximam
693 2829 792 2883 sub
836 2844 982 2882 aram
1015 2828 1179 2891 locus,
1215 2828 1488 2896 veterique
1528 2827 1629 2883 hoc

73 2897 210 2950 itnlo
234 2907 442 2951 notatus
479 2897 622 2951 Fons
647 2897 767 2961 olei,
799 2900 1010 2952 abunde
1045 2908 1329 2952 testantur.
1363 2899 1624 2964 Quoniam

68 2983 183 3022 rero
234 2968 533 3038 principatu
587 2969 858 3024 Cmsarmn
911 2970 1197 3023 rarissima:
1259 2969 1628 3037 expeditiones

68 3040 356 3098 uariatum,
378 3038 732 3093 "Ravennates
753 3039 1014 3094 classiarii
1044 3039 1353 3107 frequentes
1385 3048 1540 3092 erant
1573 3040 1626 3094 in

67 3109 219 3171 ere,
252 3110 494 3177 ludisque
539 3110 653 3162 vela
701 3109 966 3163 ducebant
1016 3110 1068 3164 in
1103 3111 1332 3163 theatro.
1379 3108 1625 3177 Lampri-

1727 528 1980 576 ccnsetur
2011 518 2270 574 memoria
2296 519 2644 588 depositionis
2674 518 2925 575 Pontiani
2969 522 3021 574 in
3052 518 3256 577 Callisti
3283 542 3302 588 ,-

1767 591 1818 645 ui
1851 591 1956 646 duo
2003 589 2261 660 martyrio
2290 597 2346 643 et
2378 589 2692 660 pontificatu
2719 592 3029 659 przecedunt
3054 590 3298 647 Lucium.

1767 608 1818 645 ιιι
1851 606 1956 646 duo
2003 606 2261 660 martyrio
2290 606 2346 643 et
2378 606 2692 658 ponnncatu
2719 606 3029 659 prteceuunt
3054 606 3298 647 LUCllllll.

1727 606 1908 733 auare
1943 675 2064 733 cum
2090 659 2420 733 haberentur
2441 657 2565 733 jam
2597 669 2708 714 tum
2749 660 3054 733 complures
3076 664 3305 733 calalogi

1728 731 1913 801 scripti
1943 730 2086 784 circa
2114 729 2346 802 medium
2383 728 2566 802 saaculi
2595 730 2796 799 quarti,
2836 728 2888 784 in
2923 732 3118 800 quibus
3140 728 3306 802 appa-

1729 799 1852 881 rent
1878 799 2419 881 commemorationes
2459 799 2684 881 istorum
2720 799 3014 881 martyrum
3040 809 3095 855 et
3125 799 3305 881 ponti-

1727 870 1886 925 llcum
1925 869 2007 924 his
2038 869 2090 923 in
2121 869 2451 924 cmmeteriis
2471 869 2560 923 diu
2585 877 2712 930 ante
2749 868 3037 935 instituta;
3087 868 3142 925 et
3177 887 3302 927 cum

1728 953 1794 994 ex
1819 939 2010 994 litteris
2027 939 2084 993 S.
2103 937 2354 1008 Cypriani
2375 938 2625 993 relatisin
2642 938 2784 1008 notis
2803 939 2866 991 ad
2885 940 2944 992 S.
2960 940 3301 1003 Anacletum.

1725 1023 1935 1064 necnon
1960 1023 2026 1063 ex
2053 1007 2380 1062 Tertulliano
2401 1009 2453 1062 in
2481 1008 2614 1063 libro
2644 1011 2709 1064 de
2733 1007 2946 1063 Corona
2970 1010 3156 1064 militis
3182 1026 3308 1065 cou-

1725 1087 1831 1134 stet
1872 1080 1936 1133 de
1960 1077 2237 1133 vetustiori
2255 1079 2641 1150 consuetudine
2661 1089 2784 1133 ante
2812 1079 3092 1150 imperium
3119 1079 3304 1135 Severi

1725 1151 1959 1218 vigente,
1984 1157 2239 1202 utaanna
2269 1148 2354 1202 die
2385 1147 2751 1203 recolerentur
2773 1147 2899 1202 cum
2923 1149 3194 1218 oblatione
3217 1151 3300 1205 di-

1725 1217 1836 1273 vini
1878 1218 2128 1273 sacrilicii
2179 1219 2450 1272 memoria:
2502 1227 2829 1288 martyrum;
2885 1217 3168 1274 infeliciter
3206 1222 3306 1274 ad-

1725 1288 1940 1359 modum
1969 1296 2251 1359 argutatur
2275 1288 2542 1342 Burnctns
2571 1287 2624 1359 in
2646 1287 2902 1359 epistolis
2918 1291 2982 1342 de
3003 1305 3098 1342 suo
3120 1289 3305 1344 Italico

1725 1358 1915 1413 itinere
1953 1357 2151 1428 negans
2192 1358 2304 1411 lucc
2334 1358 2640 1412 cmmctcria
2669 1357 2834 1413 fuisse
2871 1357 3303 1413 Christianorum

1726 1429 1913 1482 usibus
1941 1427 2191 1496 deputata
2231 1436 2355 1481 ante
2396 1427 2640 1496 quintum
2687 1427 2961 1482 saeculum.
2995 1428 3178 1486 Docta:
3202 1429 3305 1484 Pa-

1724 1498 1796 1566 gii
1823 1507 1962 1552 notae
1991 1498 2157 1552 crassi
2189 1498 2388 1552 erroris
2438 1499 2686 1552 ctundem
2735 1499 2928 1552 merito
2954 1507 3142 1554 notant
3172 1517 3185 1552 :
3215 1501 3301 1554 cui

1725 1568 2462 1640 revincendo,__etevertendo
2483 1567 2615 1640 satis
2639 1575 2719 1640 est
2743 1567 3115 1640 quotidianum
3139 1584 3276 1640 expc

1727 1638 2015 1691 rimentum
2049 1637 2472 1692 Christianarum
2523 1637 2950 1706 inscriptiOnum,
2997 1638 3053 1692 in
3100 1637 3301 1694 eisdem

1725 1708 2052 1762 cmmeteriis
2080 1707 2470 1762 occludentimn
2503 1707 2706 1762 loculos
2740 1706 3114 1763 defunctorum
3164 1727 3178 1763 :
3211 1713 3302 1764 ubi

1726 1777 1944 1848 ᾳῦτοψία
1973 1776 2280 1832 manifestat
2315 1777 2502 1848 aetates
2540 1778 2841 1848 superiores
2870 1793 2967 1847 per
2992 1781 3304 1835 consulatus

1725 1847 1922 1921 ibidem
1978 1848 2291 1921 insculptas.
2346 1847 2647 1921 Mirandum
2693 1848 2934 1921 profeoto
2985 1859 3098 1912 est,
3147 1853 3303 1921 quod

1721 1918 1966 1989 oculatus
1994 1918 2095 1972 iste
2118 1917 2306 1981 viator,
2336 1917 2425 1987 qui
2457 1918 2774 1989 eruditionis
2810 1934 2970 1989 causa
3001 1929 3076 1975 tot
3101 1917 3290 1975 itinera

1724 1988 1979 2059 suscepit,
2005 1998 2060 2057 et
2087 1989 2247 2059 hasce
2276 2000 2491 2059 cryptas
2528 1988 2731 2059 ingredi
2764 2002 2826 2042 ac
2849 1988 3180 2059 perlustrare
3209 2007 3304 2042 vn-

1723 2057 1842 2124 luit,
1887 2056 1991 2112 non
2027 2056 2348 2122 attenderit,
2372 2056 2560 2115 saltem
2591 2056 2920 2181 Hieronymi
2968 2061 3298 2123 testimonio,

1723 2129 1863 2181 quod
1894 2128 1945 2181 in
1967 2128 2079 2181 ipso
2103 2129 2342 2181 ingressu
2376 2130 2672 2181 cmmeterii
2712 2128 2803 2181 Cal
2830 2129 2915 2181 isti
2953 2131 3096 2181 intra
3123 2133 3298 2181 eccle-

1723 2129 1863 2196 quod
1894 2128 1945 2200 in
1967 2128 2079 2200 ipso
2103 2129 2342 2200 ingressu
2376 2130 2672 2184 eterneterii
2712 2128 2915 2184 Callisti
2953 2131 3096 2183 intra
3123 2133 3301 2186 eccle-

1723 2200 1859 2253 siam
1888 2198 1946 2254 S.
1973 2198 2276 2255 Sebastiani
2302 2209 2455 2254 extra
2488 2215 2668 2254 muros
2697 2200 2917 2268 provide
2954 2200 3300 2254 incidendum

1725 2280 1980 2323 curarunt
2008 2268 2265 2339 ejusdem
2312 2269 2554 2324 ecclesiae
2582 2269 2850 2339 praepositi
2899 2283 2916 2324 :
2969 2270 3055 2323 ubi
3084 2281 3302 2326 sanctus

1725 2339 1912 2394 doctor
1941 2338 2168 2410 aﬂirmat
2207 2353 2265 2393 se
2293 2355 2532 2410 puerum
2564 2338 2862 2410 studiorum
2903 2353 3068 2410 causa
3114 2339 3299 2410 Ruina:

1724 2419 2026 2464 versantem
2061 2409 2223 2478 (quod
2263 2408 2364 2463 sub
2421 2409 2629 2463 initium
2677 2408 2856 2478 quarti
2909 2409 3086 2464 surculi
3137 2409 3303 2464 fuisse
3396 2429 3399 2432 ν

1725 2479 1977 2548 constat)
2045 2481 2233 2534 diebus
2286 2479 2576 2532 Dominicis
2635 2493 2761 2548 cum
2826 2478 2946 2548 suis,
3003 2481 3302 2548 aequalibus

1728 2551 1840 2603 lucc
1890 2547 2045 2604 saera
2106 2549 2218 2604 loca
2268 2560 2565 2618 martyrum
2612 2547 3318 2618 depositionibusfrcfcrta.

1726 2621 1942 2674 visitare
1971 2620 2333 2674 consuevisse.
2372 2617 2564 2673 verum
2615 2619 2744 2671 tanti
2776 2633 2877 2671 non
2921 2627 3003 2672 cst
3041 2617 3297 2683 Burncto,

1727 2691 1778 2744 in
1810 2704 1902 2743 sua
1939 2690 2243 2744 voluntaria
2287 2690 2530 2744 cmcitate
2575 2697 2762 2742 contra
2808 2687 2936 2742 facti
2976 2689 3298 2744 evidentiam

1726 2760 1916 2814 saecula
1943 2761 2304 2829 postponenti,
2337 2768 2461 2812 nota
2489 2767 2800 2829 sanctorum
2813 2757 3032 2812 Patrum
3062 2761 3302 2815 testimo-

1727 2831 1842 2893 nia,
1878 2839 1934 2884 et
1959 2828 2243 2898 mqualium
2296 2831 2746 2884 monimentorum
2775 2828 3092 2884 documenta
3130 2830 3299 2886 incla-

1728 2917 1812 2954 tua
1820 2916 1894 2956 re.

2359 2967 2672 3024 CIACONII.

1799 3051 1964 3106 Linea
1997 3051 2048 3104 4.
2083 3083 2152 3090 -
2184 3051 2282 3105 Hic
2331 3050 2598 3105 constituit
2633 3049 2900 3120 jejunium
2933 3049 3022 3102 die
3058 3048 3299 3104 Sabbati.

1731 3121 1984 3177 Callistus
2011 3122 2250 3192 pontifex
2281 3125 2521 3192 inflanta
2540 3191 2547 3192 ί
2569 3135 2753 3192 rerum
2787 3120 3218 3190 perturbatione,
3249 3129 3304 3174 ct

67 3181 172 3273 I‘i‘us
228 3181 277 3232 in
323 3170 658 3273 'Coimnodo:
693 3198 712 3273 ll
752 3179 992 3273 IrlriIum,
1056 3179 1348 3273 inquit3ri5i
1403 3170 1630 3273 CI‘CtI'CIlS

1736 3170 2651 3273 g.‘sustineatur
2670 3170 3304 3273 g.‘.‘.,.:a',t;'.a;",;.1§.;n_.;

71 3249 424 3320 (latntnmlus)
476 3264 504 3320 a
559 3248 750 3320 populo
797 3250 1061 3312 Romano,
1094 3248 1140 3302 a'
1179 3249 1435 3304 militibus
1485 3250 1624 3305 clas-

76 3320 247 3381 iariis,
278 3320 368 3389 qui
406 3318 534 3374 'vela
579 3319 866 3385 ducebant,
915 3320 1147 3374 interimi
1197 3330 1548 3390 praeceperat.
1607 3341 1625 3374 ι

74 3390 178 3442 Imc
211 3390 468 3454 Donatus.

125 3459 318 3513 Missus
365 3458 752 3515 Rat'ennatium
799 3459 1043 3529 meminit
1070 3459 1350 3529 inscriptio
1378 3461 1439 3516 L.
1485 3462 1630 3517 Furii

71 3567 108 3583 ρ.
161 3529 222 3582 F.
271 3530 377 3599 pal.
414 3529 643 3585 Victoris
670 3529 811 3598 apud
850 3528 1138 3584 Gruterum
1187 3528 1280 3585 fol.
1311 3547 1554 3596 ccccxrv,
1581 3542 1636 3587 et.

68 3601 369 3654 'auvinium
434 3601 499 3654 tle
548 3601 679 3654 urbe
727 3599 894 3654 Roma
951 3613 1071 3722 pag.
1119 3600 1245 3665 172,
1292 3603 1383 3671 qui
1441 3603 1636 3657 dicitur

68 3671 214 3722 aissu
252 3668 627 3722 Ravennatium
677 3679 986 3722 procurator
1047 3670 1138 3722 udi
1164 3673 1360 3722 maani.
1393 3670 1636 3722 Allirmat

67 3671 214 3723 aissu
252 3668 986 3740 Ravennatiumwprocurator
1026 3668 1138 3723 ludi
1164 3668 1360 3740 magni.
1393 3670 1637 3726 Allirmat

74 3740 280 3793 Zm-olns
310 3739 500 3793 Piazza
531 3739 895 3794 in.Hicr'arch.
942 3741 1200 3797 cardinal.
1233 3739 1396 3808 agens
1427 3743 1492 3797 de
1537 3743 1638 3798 hoc

71 3810 212 3862 itulo
242 3825 361 3879 pag.
387 3809 514 3874 367,
545 3809 802 3864 Blondum
831 3808 1070 3864 Flavium
1111 3813 1430 3866 observasse
1454 3812 1504 3865 in
1537 3812 1637 3866 ali-

67 3887 187 3946 μιοι
210 3881 362 3934 Actis
384 3879 485 3934 SS.
514 3888 804 3950 martyrum
829 3880 966 3933 hanc
987 3881 1262 3935 basilicam
1278 3881 1334 3936 S.
1353 3882 1420 3935 Μ.
1439 3881 1637 3937 Trans-

72 3950 494 4021 ibcriuLvocari
545 3948 940 4021 liavcnuatium.
988 3950 1044 4004 In
1090 3954 1275 4006 eadem
1321 3968 1531 4021 quoque
1560 3968 1643 4007 re-

67 4020 211 4077 ;ioue
266 4015 654 4074 Transtiberim
693 4020 977 4074 convenire
1026 4015 1364 4077 consuevisse
1393 4015 1640 4078 BfCalli-

67 4101 202 4142 iIllﬂl
255 4091 309 4141 iu
355 4090 507 4144 domo
558 4088 808 4142 Pontiani
851 4091 993 4143 circa
1042 4101 1213 4144 castra
1263 4091 1642 4147 Ravennalium

68 4166 328 4230 estantur
353 4159 512 4230 AActa
537 4157 771 4230 ejusdem
805 4161 1071 4230 martyrii,
1100 4160 1364 4216 custodita
1399 4164 1449 4216 in
1499 4165 1647 4218 codi-

67 4231 208 4301 -ibus
229 4228 296 4283 S.
339 4228 586 4293 Cmcilim,
644 4237 697 4282 et
726 4227 1218 4301 inhValliccllianis,
1251 4247 1370 4301 quae
1398 4232 1646 4287 laudatus

73 4300 251 4351 ‘iazza
285 4309 530 4353 recenset
559 4313 680 4369 pag.
732 4297 828 4352 561
883 4317 896 4352 :

67 4369 372 4442 tlexander
397 4367 609 4424 curioSe
637 4367 965 4442 qumrereB.
994 4369 1284 4442 Callistum
1309 4367 1642 4442 episcopum,

67 4449 102 4490 st
155 4437 490 4508 divulgatum
535 4448 622 4492 est
663 4439 711 4492 ci
759 4439 910 4508 quod
952 4451 1100 4494 esset
1147 4437 1535 4496 'I‘ranstiberim
1591 4443 1644 4496 in

956 4319 972 4350 ι
1013 4300 1108 4370 ΑΙ)
1135 4300 1321 4358 eodem
1369 4303 1455 4356 die
1484 4304 1649 4370 coepit

1735 3263 1978 3317 instituto
2007 3260 2300 3317 deflectens
2333 3260 2796 3331 jejuniaiquatuor
2819 3269 3116 3331 temporum
3146 3261 3302 3316 insti-

1734 3333 1855 3398 tuit,
1885 3333 1969 3386 vel
2001 3333 2178 3403 potius
2207 3329 2505 3403 renovavit,
2533 3329 2777 3403 Hebrzeis
2801 3329 3215 3403 olim’injnncta,
3235 3333 3304 3403 in

1737 3403 1966 3459 Vernale
1992 3399 2218 3467 scilicet,
2253 3400 2536 3466 Estivale,
2563 3401 2905 3471 Autumnale,
2938 3409 2996 3454 et
3028 3399 3304 3471 Hyemale,

1735 3475 1928 3542 quibus
1968 3473 2299 3542 temporibus
2341 3473 2600 3542 deinceps
2628 3470 2765 3542 ratio
2791 3470 3105 3542 sanctorum
3155 3473 3302 3527 ordi—

1738 3541 1863 3596 uum
1908 3541 2091 3597 habita
2118 3551 2222 3606 est,
2252 3557 2374 3597 cum
2404 3550 2560 3597 antea
2590 3541 2641 3595 id
2673 3541 2890 3610 quidem
2937 3544 3306 3598 tantummodo

1739 3612 2014 3666 Decembri
2045 3626 2229 3666 mense
2253 3611 2366 3666 fleri
2392 3611 2776 3666 consuevisset.

1807 3683 1971 3737 Linea
1996 3682 2052 3746 5,
2070 3683 2118 3735 6.
2149 3712 2214 3721 -
2234 3679 2336 3734 Hic
2358 3680 2474 3749 fecit
2503 3680 2770 3734 basilicam
2791 3689 2939 3733 trans
2971 3679 3213 3734 Tiberim.
3244 3681 3302 3737 lu

1739 3753 1996 3807 honorem
2039 3751 2243 3807 scilicet
2277 3751 2338 3804 Β.
2386 3749 2656 3820 Virginis:
2688 3764 2791 3804 non
2843 3758 3020 3820 tamen
3065 3751 3306 3804 creditur

1742 3821 1827 3876 illa
1852 3836 1994 3886 esse,
2022 3838 2142 3891 quae
2160 3822 2319 3876 hodie
2347 3829 2454 3874 tam
2485 3819 2795 3891 celebriset
2823 3819 2998 3891 ampla
3026 3819 3300 3891 cernitur;

1741 3907 1862 3945 cum
1891 3907 1952 3946 ea
1985 3889 2303 3962 tempestate
2314 3893 2386 3962 ob
2413 3890 2634 3944 crebras
2671 3889 3072 3962 persecutiones
3095 3889 3304 3962 occulta

1742 3971 1923 4016 essent
1959 3959 2136 4017 omnia
2168 3961 2383 4025 sacella,
2435 3970 2598 4029 atque
2628 3959 3053 4030 eadcmabdita,
3097 3969 3153 4015 et
3185 3959 3301 4030 ple-

1746 4046 1969 4100 rumque
1992 4032 2362 4095 subterranea,
2396 4027 2554 4100 quam
2587 4029 2788 4098 apertis
2820 4028 2892 4100 in
2912 4027 3062 4100 locis,
3089 4044 3154 4084 ac
3179 4027 3301 4099 plu-

1745 4097 1915 4165 ribus,
1946 4102 2156 4156 tierent.
2189 4097 2497 4156 Oratorium
2531 4097 2714 4168 igitur,
2749 4097 2835 4153 vel
2879 4097 3080 4154 humile
3128 4097 3302 4156 sacel~

1745 4171 1879 4235 lum,
1911 4171 2067 4226 initio
2091 4186 2210 4227 esse
2229 4172 2418 4240 potuit,
2444 4167 2586 4240 quod
2607 4170 2672 4224 ad
2697 4168 2992 4240 ministeria
3010 4167 3302 4240 Cbristiaui

1746 4241 1924 4323 populi
1972 4237 2286 4323 inserviret,
2324 4257 2428 4323 non
2458 4237 2637 4323 :q‘uod‘
2657 4241 2725 4294 ad
2768 4237 3022 4323 invidiam
3047 4239 3305 4323 isillinicos

1748 4308 2005 4365 irritaret.
2041 4313 2107 4366 Et
2139 4311 2316 4367 forsan
2343 4311 2470 4364 illud
2497 4308 2598 4364 fuit
2625 4308 2901 4380 templum,
2926 4309 3067 4377 quod
3095 4310 3306 4380 erigere

1749 4380 2060 4447 Christiani,
2099 4381 2385 4436 Alexandri
2419 4381 2601 4437 Severi
2641 4379 2981 4450 imperatoris
3021 4379 3302 4450 rescripto,

1751 4450 2116 4516 obtinuerunt,
2142 4451 2398 4506 adversus
2433 4465 2717 4519 ganeones.
2744 4449 2834 4519 qui
2882 4449 3104 4519 popinas
3129 4449 3304 4506 in’eo-

67 4510 216 4585 ¹9¹¹¹⁰
246 4507 664 4585 Ρ⁰Ξ¹ίί³¹“ί.Ῑὲ¹¹ίΨ
680 4507 867 4585 θη)έέηὲ
889 4507 1299 4585 δίηθηηθὲῗηηῖ·
1325 4531 1342 4563 ’
1366 4511 1640 4585 ῌίξὲείιυτ
1671 4517 1716 4575 D
1744 4521 1863 4574 deut
1892 4521 1997 4574 situ
2029 4507 2294 4576 fabricare
2319 4507 2590 4585 volebant,
2615 4507 2842 4575 dicen'tis
2878 4507 3068 4574 melius
3109 4523 3221 4576 fore
3247 4532 3306 4575 ut

67 4578 685 4648 tbservatisverisimile
724 4578 963 4633 redditur
1008 4581 1312 4648 pontificem
1357 4578 1636 4636 Callistum

68 4647 280 4701 )omitii
339 4647 504 4718 tilium
535 4658 742 4718 partem
773 4647 1018 4716 aliquam
1061 4649 1345 4704 fundormn
1393 4666 1634 4716 suorum,

68 4719 126 4774 cl
165 4719 234 4772 ad
265 4717 496 4788 gentiles
537 4717 669 4773 suos
712 4719 1088 4786 pertinentium
1128 4720 1387 4778 obtulisse
1435 4730 1493 4776 ut
1530 4722 1638 4775 Deo

67 4803 270 4862 ueram
323 4788 912 4862 faceret,_constituens
957 4789 1166 4862 titulum
1199 4790 1494 4862 presbyteri
1532 4791 1614 4845 Ro

76 4859 199 4911 iani
234 4858 343 4911 hac
370 4859 422 4910 in
444 4856 603 4919 Urbis
633 4867 808 4927 parte,
840 4859 890 4910 in
921 4874 1023 4927 qua
1049 4856 1228 4916 ferunt
1251 4856 1411 4915 etiam
1435 4861 1640 4916 Princi-

68 4927 575 5000 cm_apostolort_nn_
612 4927 810 4981 .Iutlacis
861 4927 1318 5000 Transtiberinam
1371 4936 1638 5000 regionem

77 4997 423 5051 icolentibus
452 4995 726 5051 Christum
753 4999 1120 5053 annuntiasse.
1175 4999 1301 5054 Vide
1349 4995 1638 5056 Baronium

68 5067 108 5119 tl
149 5082 358 5119 annum
381 5065 469 5119 44.
776 5121 778 5126 _
1631 5125 1634 5127 _

117 5136 297 5199 Linea
330 5134 363 5188 9
385 5145 440 5189 et
475 5136 560 5190 10.
592 5166 659 5176 —
707 5135 852 5192 Fecit
903 5148 948 5190 et
992 5138 1138 5190 aliud
1179 5142 1525 5195 cwmeterium
1558 5143 1639 5196 via

67 5207 252 5274 lppia,
287 5214 418 5276 elc.,
443 5207 579 5276 quod
605 5206 896 5276 appellatur
921 5224 1079 5276 usque
1099 5209 1152 5260 in
1179 5210 1484 5264 hodiernum
1504 5211 1639 5264 diem

67 5275 411 5328 wnwtcrium
441 5275 678 5345 Callisti.
701 5277 970 5345 Depositio
993 5275 1300 5334 Sanctorum
1329 5281 1638 5345 pontificum

72 5356 90 5395 t
127 5355 439 5416 martyrum
466 5343 1164 5416 reddiditInaximccelebre
1179 5357 1299 5416 post
1325 5343 1640 5405 Vaticanum

68 5414 437 5488 inuicterium
469 5414 694 5488 Cnllisti.
726 5414 990 5488 Opuscula
1027 5414 1202 5488 quarti
1236 5419 1439 5485 saeculi,
1477 5435 1640 5488 supe-

67 5486 160 5538 ius
219 5483 372 5535 edita
415 5483 466 5537 in
514 5483 908 5558 Prolegonienis
961 5496 1016 5540 et
1044 5483 1354 5554 'Bucherio,
1405 5483 1642 5558 complu-

67 5568 133 5629 es
182 5563 500 5629 memorant
541 5557 821 5629 pontifices
855 5565 907 5610 et
942 5564 1206 5629 martyres
1245 5558 1314 5612 ibi
1343 5557 1635 5629 depositos.

67 5624 204 5698 .icet
238 5637 376 5698 vero
401 5623 451 5675 in
474 5637 554 5684 eo,
577 5625 658 5698 cui
676 5625 858 5679 titulus
872 5635 955 5698 est
976 5623 1238 5698 Depositio
1261 5623 1638 5698 episcoporum,

68 5692 472 5771 iniquissimus
486 5708 553 5746 ex
585 5693 958 5771 ibirecensitis
988 5692 1062 5771 sit
1083 5692 1308 5771 Lucius}
1332 5692 1564 5753 attamen
1588 5692 1639 5753 in

74 5762 332 5838 rimimo,
361 5762 447 5816 cui
482 5763 779 5838 prmligirur
799 5779 992 5838 nomen
1022 5765 1290 5838 Depositio
1326 5779 1637 5838 martyrum,

70 5834 356 5886 «luctatur
400 5847 498 5886 xm
528 5830 653 5884 Kalf
679 5833 832 5886 Febr.
880 5835 994 5890 dies
1020 5830 1369 5906 depositionis
1413 5830 1640 5894 Fabiani

305 5925 578 5986 Ριιτιιοι.
613 5927 924 5990 CXXVII.

1247 6014 1410 6029 ι-Α---ρ
1431 6019 1558 6026 --_-
1579 6023 1598 6027 .-
1637 6024 1642 6026 -

1744 4590 1882 4661 Deus
1909 4593 2389 4661 quomodocunque
2435 4591 2525 4661 illo
2555 4591 2670 4644 loco
2701 4589 2989 4661 coleretur,
3017 4605 3182 4661 quam
3211 4606 3305 4660 po-

1738 4659 1894 4730 pinisi
1927 4658 2341 4730 mancipare-tur,
2393 4669 2451 4714 ut
2498 4658 2836 4730 Lampridius
2897 4660 2950 4730 in
2977 4658 3305 4730 "Alexandro

1737 4728 1941 4801 scribit.
1970 4728 2416 4801 Religiosissimus
2439 4732 2615 4799 itaque
2636 4728 2881 4801 pontifex
2899 4728 3148 4801 Callistus
3168 4730 3307 4785 banc

1737 4797 2031 4854 Ecclesiam
2083 4797 2180 4869 pro
2226 4801 2366 4854 votis
2413 4797 2746 4862 construxit,
2794 4798 3034 4867 Deiparte
3071 4798 3302 4869 Virginis

1740 4869 1913 4932 titulo,
1945 4871 2032 4923 ubi
2059 4868 2298 4939 tempore
2324 4868 2550 4940 Augusti
2574 4869 2774 4940 oleum,
2802 4883 2996 4940 magno
3021 4868 3301 4940 miraculo,

1741 4946 1883 4992 terra
1912 4937 2224 5008 erumpens,
2268 4937 2483 5008 copiose
2519 4937 2690 5002 ﬂuxit,
2743 4939 2794 4992 in
2838 4938 3046 5006 signum
3078 4938 3302 5004 Christi,

1740 5008 1958 5079 hnmani
1990 5010 2204 5079 generis
2238 5009 2633 5079 Redemptoris,
2683 5009 2736 5062 in
2779 5008 3037 5062 mundum
3069 5009 3298 5075 proximi

1740 5077 2018 5133 adventus:
2079 5079 2302 5132 Sacrum
2345 5077 2520 5133 adhuc
2561 5079 2800 5133 foramen
2849 5085 3049 5140 exstat,
3095 5093 3160 5132 ex
3199 5093 3304 5146 quo

1738 5146 1864 5200 olim
1895 5147 2068 5201 olemn
2109 5149 2354 5202 scaturiit
2397 5166 2408 5201 :
2451 5158 2592 5202 terra
2645 5147 2870 5203 inferius
2911 5147 3081 5214 posita
3128 5148 3303 5201 adhuc

1738 5216 1862 5288 oleo
1874 5219 2126 5288 madens.
2155 5218 2220 5271 Et
2256 5221 2355 5273 hoc
2400 5214 2499 5272 fuit
2550 5218 2803 5288 templum
2834 5218 3064 5288 primum
3095 5214 3300 5287 Virgini

1740 5285 1950 5355 publice
1981 5287 2237 5342 dicatum.

2177 5363 2189 5372 '
2359 5356 2684 5412 SOMMIER.

1813 5425 1976 5480 Linea
2005 5425 2058 5479 5.
2091 5455 2156 5465 —-—
2193 5426 2489 5483 Secundum
2533 5428 2874 5497 prophetiam.
2928 5426 3070 5482 Nihil
3113 5426 3300 5497 adum-

1742 5495 1867 5574 dum
1896 5497 2048 5550 nobis
2075 5507 2366 5574 pr_:eservat
2409 5495 2701 5574 antiquitas
2740 5495 3157 5574 cx_ponti_ﬁcatu
3181 5497 3302 5552 Cal-

1743 5565 1874 5636 listi,
1905 5565 2089 5633 quam
2113 5567 2386 5636 decretum
2413 5569 2480 5622 ab
2512 5565 2626 5635 ipso
2669 5565 2941 5624 condifum
2982 5567 3140 5636 juxta
3181 5583 3294 5636 pro-

1740 5635 1971 5704 phetiam
2010 5636 2075 5689 de
2113 5635 2317 5704 jejunio
2350 5645 2431 5692 ter
2476 5639 2530 5692 in
2569 5653 2710 5691 anno
2741 5635 3084 5700 celebrando,
3151 5645 3204 5701 et
3252 5635 3302 5687 in

1741 5705 2036 5772 gratiarum
2063 5709 2328 5761 actionem
2357 5706 2466 5764 Deo
2510 5723 2538 5761 a
2569 5709 2722 5762 nobis
2749 5706 3022 5762 offerendo
3053 5721 3149 5774 pro
3181 5719 3280 5774 con

1743 5775 1910 5846 cessis
1935 5786 2090 5846 terra:
2128 5775 2389 5831 fructibus
2421 5793 2516 5846 per
2542 5780 2728 5832 eadem
2762 5786 3002 5845 tempora
3047 5773 3293 5831 collectis

1743 5843 2015 5911 frumenti,
2046 5847 2151 5900 vini
2192 5856 2244 5904 et
2291 5843 2676 5904 oleiCNcccsse
2730 5843 2890 5916 igitur
2925 5854 3005 5900 est
3052 5856 3297 5912 reCoguO-

2813 5942 2891 6002 1ιὲ

2068 6017 2109 6029 -Δ
2122 6019 2196 6028 ρ---ι
2335 6012 2388 6030 ..ἓν
2438 6024 2517 6032 --_‘
3024 6015 3222 6027 ..ρ-.-.ιαμ

3317 5954 3330 5984 i'

3251 5985 3324 6020 ..Δ
