3954 6318
165 360 311 418 I329

955 361 1272 420 HISTORIA
1315 328 1401 417 DE
1443 359 1615 448 vrrts
1654 357 1822 416 non.
1863 359 2061 418 rear.
2091 392 2160 402 —
2190 356 2247 416 s;
2292 356 2636 445 URDANUS.

3289 369 3310 422 1
3322 368 3436 424 550

158 481 226 534 in
261 479 404 533 Cana
441 477 691 534 Galilzraa.
735 477 1024 533 Historiam
1060 481 1198 533 hanc
1243 477 1604 548 evangelicam
1635 486 1755 545 apte
1786 491 1826 548 Α
1860 476 1986 548 bulo
2019 477 2386 546 ingerendum,
2419 479 2533 532 lure
2562 478 2648 530 ad'
2673 492 2875 546 aquam
2920 478 3044 532 vino
3082 480 3320 536 still'atim
3347 484 3440 535 iur-

157 550 224 603 in
271 549 416 618 hisce
459 548 690 601 vasculis
737 551 1104 618 consignatam
1152 548 1426 615 argnimus
1472 563 1535 600 ex
1590 564 1748 616 argn-

154 628 352 672 mento
393 617 573 688 Cyrilli
609 634 731 676 mox
761 617 1050 680 aﬁ‘erendo,
1095 629 1150 672 ut
1195 618 1506 688 ﬁrmaretur
1538 619 1752 671 adstan-

154 689 304 743 tium
333 687 463 742 ﬁdes
490 691 555 742 ad
583 691 938 743 conﬁtendam
967 689 1371 743 conversionem
1399 687 1504 741 vini
1539 688 1590 741 in
1622 703 1748 741 san-

154 759 384 827 guinem
415 759 632 813 Domini
667 759 853 812 eadem
886 759 1062 812 divina
1103 758 1338 828 polentia
1369 757 1748 828 peragendam,

152 844 272 896 qua
299 828 423 882 olim
454 829 662 883 initium
692 828 1193 897 feceratsignorum
1223 843 1440 882 suorum
1472 843 1500 881 a
1527 843 1753 883 conver-

150 899 318 953 sione
356 899 482 968 hnic
521 896 660 951 aﬂini
693 915 846 968 aqua:
874 900 924 952 in
953 896 1156 954 vinum.
1190 899 1386 968 Eodem
1414 908 1750 968 certeargu-

149 978 350 1022 mento
379 967 780 1038 Neophytorum
814 968 969 1024 ﬁdem
995 970 1194 1024 excitat
1219 970 1277 1023 8.
1307 967 1536 1038 Cyrillus
1562 967 1749 1020 Hiero-

148 1038 589 1120 solymimnnsjn
615 1049 805 1120 quarta
832 1039 1114 1095 Catechesi
1143 1038 1709 1120 mystag‘ogicandiccns
1732 1055 1744 1088 :

153 1125 180 1156 ο
221 1107 434 1177 Aquam
463 1108 590 1162 olim
631 1107 684 1162 in
716 1110 898 1163 vinum
938 1107 1210 1164 convertit
1237 1110 1289 1163 in
1320 1107 1463 1162 Cana
1491 1107 1746 1169 Galilmm,
1789 1150 1797 1160 .

144 1180 308 1247 quod
327 1179 490 1232 habet
512 1179 799 1252 quamdam
823 1195 944 1252 quin
973 1180 1231 1252 sanguine
1257 1179 1704 1252 propinquitatem
1731 1194 1743 1227 :

145 1256 214 1300 et
242 1263 363 1302 eum
393 1264 582 1318 parum
605 1248 823 1318 dignum
851 1248 1298 1312 existimabimus,
1327 1250 1410 1302 cui
1443 1249 1744 1310 credamus,

143 1318 304 1384 quod
332 1317 513 1373 vinum
556 1318 610 1372 in
639 1317 952 1388 sanguinem
986 1319 1388 1374 transmutarit?
1417 1317 1494 1371 Ad
1525 1333 1618 1371 eas
1647 1333 1743 1388 nu-

141 1389 303 1456 ptias
339 1390 531 1458 quibus
568 1387 789 1458 corpora
818 1389 1134 1458 copulantur
1162 1397 1382 1440 vocatus
1410 1396 1603 1457 praeter
1632 1387 1747 1454 opi-

143 1457 376 1512 nionem
415 1461 653 1514 omninm
683 1460 784 1512 hoc
810 1457 932 1514 fecit
968 1458 1282 1512 miraculum
1303 1477 1327 1511 .:
1357 1469 1410 1512 et
1442 1475 1545 1510 non
1581 1457 1746 1511 multo

143 1529 335 1598 magis
377 1531 455 1584 sic
489 1545 609 1585 eum
640 1545 834 1597 corpus
874 1541 928 1584 et
967 1529 1278 1596 sanguinem
1321 1544 1477 1582 suum
1521 1528 1742 1581 fruenda

144 1599 316 1652 nobis
349 1600 577 1655 derrasse
615 1614 927 1669 persuasum
971 1598 1196 1654 ﬁrmiter
1228 1599 1564 1662 habebimus,
1598 1606 1652 1650 ut
1680 1613 1741 1651 ea

141 1682 283 1740 cum
319 1670 462 1723 omni
491 1670 813 1740 certitudine
845 1681 1096 1740 tanquam
1127 1685 1318 1740 corpus
1346 1669 1513 1740 ipsius
1541 1677 1593 1721 et
1620 1682 1745 1740 san-

140 1739 375 1808 guinem
416 1741 732 1794 sumamus?
770 1737 902 1793 Nam
943 1737 993 1794 in
1039 1737 1236 1809 speciei
1264 1737 1415 1808 panis
1457 1740 1548 1791 dat
1591 1738 1745 1792 nobis

139 1822 375 1878 corpus,
413 1818 468 1865 et
505 1812 556 1865 in
598 1811 777 1879 specie
817 1811 920 1864 vini
953 1811 1042 1864 dat
1085 1811 1237 1864 nobis
1275 1809 1589 1879 sanguinem
1629 1825 1642 1860 :
1683 1818 1742 1879 ut

1859 546 2181 602 l'nndendam
2207 549 2258 602 in
2273 549 2662 617 praeparatione
2684 549 2954 603 sacriﬁcii.
2978 549 3137 603 Card.
3164 551 3438 607 Barouius»

1856 618 1922 671 ad
1952 633 2154 688 annum
2182 619 2304 682 155,
2355 633 2506 671 num.
2549 619 2601 682 1,
2630 618 2885 688 observat
2911 634 2939 671 a
2969 618 3228 688 Gregorio
3254 621 3426 676 Tin-o—

1856 688 2008 760 nensi
2037 688 2102 743 de
2130 687 2311 760 Gloria
2344 696 2638 758 martyrum
2666 703 2782 760 cap.
2816 687 2904 752 58,
2931 687 3124 744 litteris
3151 693 3421 760 proditum

1855 757 1920 829 de
1947 759 2215 829 argenteis
2250 760 2446 820 ureeis,
2483 757 2532 812 et
2589 757 2891 825 huiusmodi
2937 760 3079 813 vasis
3110 757 3175 814 ad
3220 763 3426 815 sacriﬁ-

1854 827 1997 881 cium
2018 827 2517 902 atlhiliendis,__qutc
2545 838 2755 902 reperta
2787 839 2918 902 sunt
2952 830 3002 902 in
3030 831 3420 902 eademcrypta

1852 898 2148 969 coemeterii
2181 898 2434 954 Priscilla:
2467 899 2551 953 via
2582 900 2812 962 Salaria,
2839 901 2923 953 ubi
2952 901 3187 969 deposita
3213 898 3424 954 fuerunt

1852 968 2209 1042 corpora___SS.
2242 980 2536 1042 martyrum
2559 969 2884 1042 Chrysanthi
2905 979 2960 1024 et
2983 968 3170 1042 Duriae.
3201 970 3292 1025 llis
3320 971 3420 1042 igi-

1853 1045 1940 1091 tur
1968 1038 2162 1093 similia
2194 1055 2318 1093 vasa
2352 1038 2750 1104 ministerialia,
2789 1050 2982 1110 prauer
3021 1039 3216 1095 calices
3248 1051 3296 1094 et
3328 1038 3422 1110 tia-

1853 1057 1940 1091 ιιιι·
1968 1057 2162 1093 snmma
2194 1057 2318 1093 vasa
2352 1057 2750 1104 mumsreriaua,
2789 1057 2982 1110 prauer
3021 1057 3216 1095 mulces
3248 1057 3296 1094 et
3343 1057 3418 1095 ia-

1851 1115 2003 1162 tenas
2026 1124 2093 1180 ex
2125 1119 2346 1179 argento
2374 1111 2644 1180 paraverit
2686 1111 2958 1180 Urbanus,
2992 1110 3290 1179 imperante
3320 1057 3418 1166 Se-

1851 1178 2344 1250 veroAlexandro;
2375 1178 2533 1248 cujus
2577 1195 2703 1249 erga
2745 1178 3088 1236 Christianos
3133 1191 3255 1235 uota
3295 1197 3420 1250 pro-

1849 1249 2036 1328 pensio
2078 1250 2333 1304 reddebat
2365 1251 2564 1328 minus.
2585 1251 2846 1328 inpedita”
2880 1253 3224 1328 sacerdotum
3242 1252 3415 1327 studia

1849 1318 1900 1370 in
1927 1318 2074 1372 hisce
2101 1321 2432 1374 ornamentis
2462 1321 2640 1374 divino
2661 1318 2846 1374 _cultui
2883 1321 3282 1387 comparandis.

1919 1387 2081 1441 Linea
2113 1389 2165 1441 5.
2215 1421 2283 1430 —-
2313 1389 2490 1443 Etiam
2545 1389 2880 1444 Valerianum
2921 1391 3295 1444 nobilissimum
3342 1392 3418 1443 ri.

1850 1473 1986 1520 rum,
2029 1477 2275 1524 sponsum
2320 1460 2384 1514 Si
2438 1460 2684 1524 Cn'i-iliii',
2739 1471 2841 1514 etc.
2885 1459 3089 1514 Callisti
3123 1461 3419 1515 decessoris

1846 1529 2158 1600 pervigilem
2207 1546 2392 1584 curam
2433 1531 2484 1584 in
2518 1531 2922 1586 Transtiberina
2986 1532 3199 1600 regione
3245 1529 3416 1584 ﬁtleliv

1845 1595 1946 1650 bus
1982 1595 2366 1667 frequentanda
2393 1612 2604 1655 auctam
2632 1600 2794 1655 fuisse
2823 1595 3087 1654 nobilibus
3117 1603 3417 1656 incremcn-.

1847 1667 1914 1737 tis
1953 1668 2052 1722 sub
2076 1670 2328 1737 pontiﬁce
2350 1670 2570 1726 Urbano
2598 1672 2969 1725 demenstrant
3001 1671 3132 1724 Acta
3161 1672 3262 1725 SS.
3295 1671 3412 1724 Cte-

1845 1736 1982 1811 cilia:
2017 1736 2385 1805 etValeriani,
2427 1756 2720 1810 eorumque
2747 1741 2950 1811 domus
2983 1743 3240 1811 martyrio
3265 1743 3416 1796 nobi-

1845 1806 2032 1863 litata:
2075 1827 2232 1878 qnam
2288 1812 2584 1864 Romanum
2637 1806 2850 1866 titulum
2909 1806 3146 1879 ejusdem
3191 1811 3418 1866 Czeeilia:

137 1875 280 1951 cum
317 1875 835 1950 sumpseris,'gustes
868 1896 1064 1949 corpus
1091 1889 1146 1934 et
1173 1875 1736 1951 sanguinemChristi,
1775 1875 1814 1932 Β
1847 1890 2033 1951 rogatu
2073 1875 2360 1936 dedicavit.
2386 1881 2441 1935 Si
2468 1882 2590 1951 quis
2626 1891 2802 1935 autem
2848 1875 3089 1942 miretur,
3115 1885 3214 1936 sub
3244 1883 3414 1950 impos

140 1947 330 2020 (acum
373 1947 609 2020 ejusdem
653 1947 894 2020 corporis
957 1947 1011 2005 et
1050 1947 1328 2019 sanguinis
1374 1950 1666 2020 particeps.
1714 1967 1733 1998 ι

133 2018 290 2072 Cum
324 2018 462 2075 hanc
490 2019 672 2092 Cyrilli
703 2018 1000 2076 doctrinam
1029 2018 1266 2092 Ecclesia
1289 2018 1554 2075 catholica
1585 2019 1740 2092 nobis

139 2093 445 2161 gotistitual
482 2089 770 2161 quotannis
801 2091 1127 2145 recitandum
1178 2092 1229 2143 in
1271 2100 1459 2144 octava
1497 2089 1742 2161 corporis

136 2157 384 2225 Christi,
411 2157 570 2230 quam
608 2162 816 2230 priores
842 2177 1054 2230 quoque
1080 2161 1278 2230 Cyrillo
1305 2160 1485 2214 ﬁdeles
1511 2157 1656 2214 hisce
1687 2159 1737 2212 in

141 2230 466 2301 anaglyphis
516 2241 936 2300 expresserunt;
995 2231 1165 2301 placet
1219 2233 1441 2301 ﬁguram
1497 2230 1735 2300 argentei

141 2303 355 2355 vasculi
381 2303 453 2356 ita
473 2301 643 2356 czelati
665 2303 751 2357 hic
771 2302 1024 2357 exhibere
1044 2302 1109 2354 ad
1138 2301 1507 2355 illustramlum
1533 2309 1737 2354 textum

140 2368 586 2436 Bibliothecarii,
636 2381 691 2426 et
739 2373 802 2426 ad
851 2370 1305 2442 comprobamlam
1353 2371 1736 2442 catholicorum

141 2443 440 2509 praesulum
463 2459 647 2497 curam
672 2443 726 2497 in
750 2442 868 2498 ﬁdei
895 2441 1091 2496 nositra:
1121 2442 1410 2496 luminibus
1441 2441 1739 2496 excitandis

138 2519 200 2566 et
222 2513 594 2582 exprimendis
625 2513 786 2568 etiam
828 2515 880 2567 in
905 2514 1237 2566 ornamentis
1259 2512 1398 2567 sacri
1431 2511 1734 2582 ministerii.

214 2579 380 2638 Aliud
405 2583 677 2638 vasculum
707 2583 866 2638 simili
907 2583 1071 2653 ﬁgura
1107 2584 1385 2651 przeditum
1414 2599 1477 2635 ex
1517 2579 1738 2651 argento

139 2653 355 2721 pariter
389 2653 604 2709 ductum
645 2654 1026 2710 asservabatur
1069 2669 1266 2722 paucos
1302 2661 1426 2706 ante
1470 2667 1640 2706 annos
1686 2653 1734 2704 in

139 2737 354 2778 mustea
381 2724 696 2779 nobilissimi
727 2723 970 2795 prtesulis
1003 2723 1200 2779 Leonis
1227 2724 1433 2778 Stroui
1465 2723 1569 2794 (cui
1604 2738 1730 2795 pau-

139 2807 242 2847 cos
260 2802 390 2866 ante
411 2795 525 2850 dies
543 2793 782 2866 piissime
801 2796 910 2866 vita
934 2793 1119 2848 functo
1139 2793 1482 2866 eruditorum
1497 2794 1734 2866 (minium

139 2864 325 2918 studia
355 2864 661 2936 parentant)
689 2864 842 2934 cujus
869 2865 1077 2920 iconem
1105 2881 1167 2918 ex
1197 2865 1490 2936 archetypo
1521 2865 1734 2936 ductant

142 2948 255 3005 non
297 2935 606 3003 adjungam,
637 2933 778 3005 quod
814 2936 918 2990 alio
953 2944 1284 3002 asportatum
1323 2933 1631 3005 intelligam.
1681 2933 1732 2985 In

141 3003 239 3077 illo
267 3006 620 3077 exhibebatur
658 3003 834 3077 imago
862 3006 1064 3077 Christi
1102 3005 1342 3077 Domini,
1385 3005 1542 3077 beato
1573 3003 1735 3077 Petro

139 3074 329 3148 claves
353 3076 635 3148 tradentis,
659 3086 712 3131 et
741 3073 793 3131 ἱιῖ
818 3076 977 3148 pallio
998 3076 1332 3148 deponentis,
1357 3074 1553 3148 eodem
1566 3073 1734 3148 ferme

140 3152 278 3215 typo
312 3146 424 3214 (sed
455 3146 608 3201 valde
642 3145 954 3212 elegantiori
992 3145 1286 3216 sculptura)
1322 3161 1429 3215 quo
1459 3145 1730 3216 visiturin

1844 1948 1926 2002 rio
1950 1949 2131 2005 Severi
2165 1948 2497 2016 Alexandri.
2524 1953 2780 2020 principis
2810 1969 2934 2021 erga
2979 1948 3415 2006 Clu-istianosita

1843 2023 2114 2090 prepensi,
2174 2031 2231 2074 ut
2280 2024 2330 2076 in
2374 2022 2488 2090 ejus
2542 2023 2654 2076 Vita
2703 2023 3043 2090 Lampridius
3081 2023 3314 2076 ostendit.
3348 2036 3414 2076 ex

1841 2089 2084 2162 pluribus
2109 2092 2263 2146 dictis
2305 2109 2368 2147 ac
2404 2089 2590 2162 gestis,
2638 2089 2864 2147 miretur
2905 2093 2955 2146 in
3005 2109 3163 2161 quam
3204 2091 3414 2146 simula

1843 2160 1993 2214 nobis
2017 2162 2224 2215 admitti
2251 2160 2613 2218 dedicationes
2641 2164 2914 2218 titulorum
2939 2160 3229 2217 Clirisliani
3258 2163 3414 2228 ritus,

1841 2232 2175 2304 etmartyria
2201 2248 2406 2296 eorum,
2432 2235 2520 2304 qui
2563 2232 2778 2288 easdem
2816 2234 3002 2287 domos
3022 2233 3320 2304 obtulerant
3356 2232 3414 2285 ﬁ-

1841 2299 2038 2354 delimn
2062 2299 2415 2358 conventibus
2440 2299 2463 2367 ;”
2481 2304 2786 2358 meminerit
2833 2303 3090 2367 tuartvria
3119 2303 3216 2357 SS.
3246 2303 3414 2357 (Σιναῖ-

1842 2369 2009 2442 limae
2062 2373 2329 2428 sociorum
2381 2363 2480 2429 sub
2525 2374 2809 2428 Almachio
2853 2363 3103 2442 praefecto
3151 2373 3326 2436 Urbis,
3358 2382 3414 2426 et

1842 2440 1998 2513 paulo
2023 2454 2141 2510 post
2183 2454 2526 2500 consecutam
2579 2440 2882 2513 passionem
2932 2442 2990 2498 S.
3025 2441 3226 2497 Urbani
3261 2460 3412 2511 papa:

1842 2511 2031 2566 referri
2059 2513 2200 2568 circa
2231 2531 2430 2568 annum
2463 2511 2669 2584 imperii
2697 2530 2894 2571 nonum
2943 2513 3084 2584 illius
3127 2513 3410 2584 principis,

1838 2584 2053 2650 quando
2091 2587 2410 2654 susceptain
2438 2583 2627 2640 Persas
2657 2584 2996 2654 expeditione
3046 2583 3189 2639 Urbe
3227 2583 3405 2651 profe-

1840 2655 2265 2726 ctustribunitia
2288 2665 2552 2724 potestate
2581 2671 2716 2709 nona
2763 2655 2844 2726 (ut
2894 2656 3096 2726 ιιιιιιιιιιί
3121 2655 3410 2708 docentsi-

1839 2724 1980 2793 gnati
2015 2741 2103 2778 TR.
2151 2725 2208 2778 P.
2255 2741 2390 2780 vnn.
2420 2742 2530 2782 cos.
2566 2742 2644 2779 ιιι.
2676 2743 2723 2779 ι).
2769 2724 2815 2779 ρ.
2849 2735 2904 2779 et
2943 2725 2994 2777 in
3027 2733 3178 2793 parte
3218 2739 3409 2778 aversa

1839 2792 2035 2865 litteris
2087 2811 2378 2852 raorscno
2416 2813 2538 2852 Al‘G.
2590 2813 2633 2849 s.
2679 2797 2753 2865 c.)
2780 2811 2873 2864 per
2903 2792 3175 2848 biennium
3210 2794 3319 2863 egit
3357 2794 3408 2848 in

1838 2863 2059 2936 oriente.
2097 2866 2246 2931 Tunc
2307 2882 2433 2922 vero
2467 2867 2702 2936 'l‘rajani,
2737 2863 2994 2930 'Adriani,
3023 2874 3077 2919 et
3107 2865 3411 2936 Antonino-

1841 2948 1955 2985 rum
1988 2933 2190 3006 legibus
2219 2953 2490 3006 utinquam
2547 2933 2833 3001 revocatis,
2867 2937 2931 3006 de
2981 2936 3174 3006 quibus
3203 2935 3408 3004 egimus

1840 3019 1959 3071 pag.
1991 3005 2125 3069 158,
2171 3008 2278 3061 imo
2325 3005 2378 3062 et
2420 3008 2809 3064 recentioribus
2848 3025 2876 3058 a
2908 3005 3185 3060 Caracalla
3215 3016 3402 3058 contra

1840 3073 2086 3146 nosnlatis
2133 3080 2351 3132 excitati
2407 3079 2678 3133 delatores
2732 3088 2785 3129 et
2820 3076 3029 3146 judices
3058 3075 3318 3144 supplicia
3354 3076 3403 3126 in

1836 3140 2174 3202 Christianos
2233 3151 2475 3204 exerceri
2518 3165 2616 3218 pro
2660 3140 2836 3201 lubitti
2875 3140 3255 3218 decernebant,
3306 3147 3406 3199 ab-

139 3214 481 3297 sarcpphago
507 3216 660 3297 Junii
681 3217 1054 3297 Bassihinciso
1083 3214 1482 3297 sub_co‘nsulat.a
1516 3214 1729 3268 Eusebii
1761 3232 1803 3292 Ο
1837 3223 1989 3295 seutc
2041 3219 2280 3297 principe
2308 3237 2320 3272 :
2377 3214 2533 3288 cujus
2595 3219 2874 3287 prmscntis
2923 3215 3313 3297 indulgentiam
3355 3226 3408 3268 et

137 3295 195 3340 et
241 3285 488 3356 Hypatii,
533 3288 734 3342 Christi
779 3287 902 3350 560,
949 3287 1239 3356 spectando
1285 3287 1336 3340 in
1383 3285 1730 3340 subterranea

139 3355 367 3411 basilica
390 3357 446 3411 S.
463 3356 606 3411 Petri
630 3368 818 3412 contra
842 3355 1011 3414 altare
1031 3356 1584 3412 Confessionis.Aliml
1603 3371 1732 3426 quo-
1759 3417 1762 3420 ,

136 3441 253 3496 que
289 3427 500 3497 signum
543 3428 915 3498 Redemptoris
956 3429 1121 3483 nostri
1159 3427 1425 3496 prominet
1461 3427 1511 3478 in
1543 3429 1727 3498 eodem

138 3498 386 3561 vasculo,
433 3514 586 3553 usum
629 3497 906 3554 oculorum
959 3498 1244 3560 tribuentis
1289 3513 1431 3551 neco
1479 3505 1621 3549 nato.
1673 3497 1726 3549 In

139 3569 309 3640 priori
335 3567 505 3638 ﬁgura
525 3582 821 3640 opportune
852 3570 1120 3640 indicatur
1146 3576 1380 3637 potestas
1405 3566 1690 3640 sacerdotii
1712 3582 1723 3617 :

140 3637 194 3690 in
222 3636 458 3693 secundo
480 3636 632 3709 signo
652 3639 874 3695 eﬂ'ectus
892 3638 1090 3694 Christi
1112 3647 1408 3709 contactus.
1427 3636 1540 3690 Alia
1565 3637 1724 3709 etiam

138 3709 361 3764 vascula
387 3705 659 3778 argentea,
692 3725 944 3765 eorumve
975 3710 1270 3778 fragmenta
1305 3708 1432 3770 vidi,
1459 3722 1577 3776 qua:
1609 3705 1728 3778 aliis

138 3780 404 3850 symbolis
432 3777 485 3834 et
510 3781 917 3835 characteribus
947 3777 1233 3850 Christiani
1269 3779 1442 3832 cultus
1477 3777 1722 3850 insignita

135 3847 290 3904 sunt.
340 3850 699 3906 Tertulliauns
745 3851 1104 3912 memorabat,
1154 3849 1436 3919 imaginem
1487 3847 1726 3919 Pastoris

138 3919 272 3976 boni
303 3922 500 3976 nostris
524 3925 577 3976 in
598 3921 854 3976 calicilms
875 3921 1099 3989 exprimi
1123 3918 1484 3982 consuevisse,
1511 3933 1578 3986 qu
1621 3918 1722 3971 lem

143 3990 200 4045 in
228 3993 432 4061 pateris
459 3992 892 4061 recognoscimus
923 3991 1060 4058 apud
1095 3990 1396 4044 Buldettum
1423 3990 1476 4042 in
1505 3989 1716 4061 observ.

137 4061 372 4133 Cmmet.
405 4078 524 4133 pag.
546 4060 675 4126 200,
702 4072 756 4116 et
783 4064 920 4131 apud
941 4061 1126 4115 Senat.
1163 4061 1438 4133 Bonarroti
1472 4060 1575 4112 tab.
1610 4075 1639 4110 v
1669 4069 1722 4112 et

138 4132 289 4202 vide
331 4131 514 4188 vitreis
558 4133 792 4202 vasculis
842 4133 1296 4187 cmmeteriorum.
1339 4131 1477 4186 Oves
1508 4145 1720 4202 quoque

138 4200 408 4286 Dominici
431 4205 609 4286 gregis
629 4200 1056 4273 contemplamur
1092 4203 1142 4256 in
1177 4212 1360 4286 nostro
1391 4201 1626 4286 unc-colo,
1653 4201 1717 4286 ad

138 4272 357 4345 Agnum
406 4271 924 4345 respicientes,i_pro
973 4282 1154 4327 nostra
1180 4272 1350 4345 salute
1372 4271 1633 4334 oblatum,
1665 4278 1720 4324 et

136 4343 402 4414 occisum.
433 4342 654 4400 Accedit
677 4342 972 4414 explicator
1009 4342 1250 4414 mysterii
1279 4343 1713 4410 Chrysostoums,

135 4412 223 4486 ita
247 4413 584 4486 interrogans
614 4412 842 4486 bomilia
877 4430 944 4470 ιχ
974 4429 992 4486 τί
1023 4431 1043 4486 ι
1069 4412 1206 4486 Quis
1229 4421 1414 4482 pastor
1434 4427 1563 4486 oves
1593 4428 1716 4480 pro-

138 4484 262 4554 prio
315 4482 486 4552 pascit
534 4487 761 4538 cruore?
805 4484 868 4537 Et
907 4484 1034 4554 quid
1068 4483 1207 4554 dico
1247 4484 1471 4554 pastor?
1507 4482 1717 4554 fa-latres

137 4553 325 4609 multa:
347 4567 490 4617 sunt,
533 4572 650 4623 qua:
679 4564 798 4623 post
835 4553 1020 4624 partus
1047 4553 1257 4609 dolores
1308 4553 1445 4606 ﬁlios
1468 4553 1585 4606 aliis
1609 4561 1714 4606 tra-

137 4625 276 4679 dunt
325 4625 640 4680 nutricibus.
684 4625 796 4681 lloc
839 4636 1017 4679 autem
1054 4624 1169 4693 ipse
1203 4639 1310 4678 non
1359 4633 1442 4677 est
1490 4638 1709 4692 passus;

137 4693 234 4750 sed
266 4695 378 4764 ipse
414 4712 512 4751 nos
546 4697 764 4766 proprio
812 4696 1073 4764 sanguine
1110 4694 1302 4766 pascit,
1331 4703 1385 4749 et
1413 4709 1506 4763 per
1533 4693 1713 4766 omnia

137 4780 240 4820 nos
261 4766 362 4821 sibi
391 4765 747 4834 coagmentat.
783 4787 800 4818 ι
831 4767 886 4821 In
911 4766 1014 4820 alio
1042 4765 1260 4820 vasculo
1273 4774 1546 4834 argenteo,
1576 4765 1715 4834 apud

137 4834 220 4890 Cl.
254 4836 428 4891 virum
457 4833 526 4890 Μ.
548 4837 838 4891 Antonium
879 4835 1231 4890 Sabbatinum
1271 4833 1451 4890 limine
1479 4833 1717 4890 custodi-

139 4917 254 4959 tum
294 4907 343 4959 in
369 4907 659 4962 lectissime
687 4924 784 4962 suo
813 4907 1201 4970 cimeliarcbio,
1233 4915 1427 4976 praeter
1455 4905 1716 4976 imagines

139 4976 341 5031 Christi
369 4978 577 5032 Domini
605 4989 658 5032 et
680 4978 1064 5047 apostolorum,
1098 4993 1302 5030 necnon
1333 4975 1569 5029 oviculas
1589 4990 1712 5043 grc-

136 5048 220 5120 gis
243 5048 333 5120 sui
354 5050 453 5104 sub
481 5049 582 5103 hoc
626 5049 850 5120 Pastore
878 5048 1186 5120 dispositas,
1216 5063 1445 5120 superne
1470 5047 1716 5120 visuntur

137 5117 402 5174 columba:
421 5135 540 5173 cum
572 5119 813 5188 apposito
840 5117 1019 5173 crucis
1059 5117 1231 5188 signo.
1251 5117 1422 5188 “Vasis
1463 5118 1632 5188 ﬁgura
1660 5124 1714 5188 et

137 5189 393 5244 caelatura
422 5185 659 5244 indicare
687 5189 957 5252 videntur,
987 5185 1434 5242 illud'adhihitum
1459 5185 1623 5240 fuisse
1647 5185 1712 5239 ad

139 5274 354 5313 sacrum
378 5259 612 5314 chrisma
644 5259 1046 5314 continendmn.
1085 5258 1229 5312 Ordo
1272 5257 1543 5312 Romanus
1570 5256 1713 5308 anti-

137 5329 452 5400 quissimus,
509 5339 629 5399 post
683 5329 1012 5400 llittorpium
1057 5327 1250 5400 editus
1280 5343 1318 5400 a_
1363 5327 1710 5400 Mabillonio,

139 5395 264 5469 pag.
300 5398 356 5462 4,
395 5395 543 5454 nuni.
592 5400 646 5465 5,
703 5395 935 5454 ostendit
965 5414 1175 5454 sacrum
1207 5398 1445 5469 chrisma
1471 5395 1712 5469 praeferri

140 5467 484 5526 consuevisse
529 5470 768 5535 pontiﬁci
810 5471 875 5524 ad
902 5471 1188 5525 stationem
1227 5467 1540 5521 solemniter
1565 5467 1716 5535 equi-

143 5540 275 5610 tanti
306 5555 401 5609 per
427 5536 732 5610 aeolytbum
767 5540 1183 5610 smtionarinma
1213 5557 1230 5589 ι
1267 5536 1416 5591 Unus
1440 5547 1618 5591 autem
1646 5551 1713 5589 ex

141 5607 403 5692 acolythis
424 5607 775 5692 stationarius
805 5610 1060 5692 praecedit
1087 5607 1335 5677 pedester
1361 5622 1556 5688 equum
1583 5623 1714 5692 pon-

143 5675 324 5744 tiﬁcis,
363 5689 577 5751 gestans
614 5675 827 5751 sacrum
875 5675 1109 5735 chrisma
1167 5693 1323 5731 manu
1373 5675 1431 5751 in
1465 5675 1712 5751 mappula

143 5747 390 5806 involuta
406 5767 527 5807 cum
578 5750 828 5820 ampulla.
867 5773 884 5803 ι
915 5751 1274 5804 Asservantur
1315 5747 1476 5801 etiam
1510 5757 1618 5820 tum
1661 5747 1711 5820 in

145 5839 342 5876 musico
372 5817 804 5885 Sabbatinoﬂum
831 5822 881 5874 in
907 5830 1113 5883 nostro,
1141 5828 1397 5888 argentea
1410 5817 1712 5888 cochlearia

147 5903 254 5946 tam
284 5892 476 5958 solida,
502 5907 661 5963 quam
684 5892 976 5964 perforata,
1011 5889 1097 5946 illa
1132 5889 1198 5944 ad
1217 5887 1507 5945 "incensum
1537 5887 1710 5942 thuri-

1834 3285 2307 3359 :equitalemnobis
2329 3285 2571 3359 paratam
2593 3285 2642 3342 et
2676 3304 2996 3358 propensam
3026 3286 3263 3340 inanium
3283 3285 3408 3340 deo-

1836 3368 1952 3406 rum
1975 3358 2260 3414 sacriﬁculi
2285 3358 2695 3423 aversabantur.

1868 3425 2202 3505 .Conciliare
2236 3431 2395 3505 igitur
2421 3432 2948 3505 jurepossumusac
2974 3427 3230 3505 debemus
3259 3429 3406 3498 prin-

1833 3495 1968 3571 cipis
2005 3495 2296 3554 Alexandri
2349 3495 2473 3571 erga
2509 3495 2846 3571 Christianos
2873 3495 3405 3571 benignitatemcnm

1832 3565 2056 3640 veritate
2076 3579 2348 3638 gestorum
2381 3565 2532 3626 a'SS.
2567 3570 2891 3640 martyribus
2913 3565 3280 3640 subejusdeni
3307 3569 3404 3640 im-

1832 3636 2181 3707 pel‘iqipassis
2212 3650 2265 3695 et
2306 3642 2576 3695 coronatis
2602 3680 2616 3703 ,
2653 3636 2921 3707 praecipue
2958 3653 3085 3693 vero
3114 3640 3212 3693 88.
3242 3637 3406 3692 Caeci-

1831 3705 1935 3768 lia},
1964 3705 2192 3764 Tiburtii
2220 3720 2275 3764 ct
2308 3711 2573 3765 Valeriani
2618 3728 2630 3762 :
2655 3705 2795 3778 'qu:c
2820 3705 2986 3777 gesta
3035 3709 3254 3761 uberius
3275 3724 3398 3776 pro-

1830 3778 2070 3843 sequitur
2098 3779 2360 3834 Baronius
2403 3783 2455 3834 in
2510 3781 2650 3833 notis
2694 3779 2760 3830 ad
2792 3778 3230 3846 martyrologium
3263 3787 3317 3829 et
3346 3778 3403 3830 in

1826 3847 2142 3918 Annalibus,
2169 3849 2292 3905 licet
2314 3849 2551 3918 ejusdem
2583 3847 2927 3918 chronologia
2971 3863 3096 3901 eum
3120 3847 3398 3901 ίιξωίίιιιτὶο

1827 3916 1893 3988 sti
1925 3930 2232 3988 comparata
2277 3916 2495 3975 biennio
2533 3920 2745 3974 diﬁ‘erat
2778 3935 2806 3972 a
2841 3916 3045 3981 nostra,
3079 3928 3136 3970 ut
3177 3919 3400 3970 adnota-

1829 3986 1899 4039 vit
1922 3985 2336 4046 Schelestratius
2360 4008 2517 4062 supra
2545 3991 2778 4062 relatus,
2811 3997 3234 4062 servalo__tamcn
3263 4003 3393 4041 con-

1825 4070 2007 4132 sensu,
2039 4062 2088 4114 in
2124 4077 2264 4114 nono
2297 4058 2504 4132 in'iperii
2537 4060 2828 4116 Alexandri
2859 4074 3003 4112 anno
3029 4058 3217 4113 iisdem
3252 4074 3394 4111 mar-

1826 4128 1978 4202 tyriis
2005 4133 2346 4202 assignando.

1892 4199 2096 4273 Rixeter
2119 4198 2384 4273 nnisivnm
2411 4220 2438 4256 a
2479 4203 2718 4257 Paschali
2752 4201 2924 4273 primo
2948 4205 3314 4273 constructum
3343 4198 3393 4250 in

1822 4268 2007 4338 abside
2030 4272 2168 4326 tituli
2199 4274 2254 4327 S.
2285 4273 2543 4338 Ctecilim,
2577 4274 2662 4328 ubi
2699 4268 2940 4326 versibus
2970 4270 3140 4323 etiam
3173 4283 3397 4336 expres-

1822 4337 1893 4392 sit
1921 4341 2132 4396 iuventa
2163 4353 2213 4397 et
2242 4352 2484 4398 extracta
2516 4361 2543 4397 a
2573 4359 2630 4398 se
2664 4343 2828 4397 fuisse
2851 4340 3160 4395 eorunulem
3187 4349 3393 4409 marty-

1821 4425 1938 4464 rum
1963 4427 2186 4483 corpora
2203 4414 2254 4468 in
2273 4416 2583 4469 cmmeterio
2598 4413 2824 4475 Callisti,
2858 4412 2987 4466 etin
3013 4409 3390 4483 hune_titulom

1821 4481 2108 4547 translata,
2138 4487 2188 4537 in
2249 4500 2357 4554 quo
2404 4485 2652 4554 religiose
2691 4489 3058 4554 Servanturet
3085 4481 3387 4554 columna;

1819 4563 2067 4625 superest
2100 4549 2448 4609 etiam'vctus
2503 4549 2711 4625 pictura
2768 4569 2911 4625 pone
2945 4551 3185 4625 absidem
3228 4549 3390 4625 Tituli

1821 4619 2269 4695 Sihudentianm
2321 4619 2606 4695 spectanda
2653 4626 2704 4678 in
2754 4619 2950 4695 sacello
3010 4619 3389 4695 i_uteriori_,_ubi

1819 4692 2096 4764 parietinae
2124 4695 2297 4748 adhuc
2329 4689 2648 4764 superstites
2685 4693 2974 4764 ostendunt
3007 4689 3205 4764 fontem
3242 4689 3387 4764 illum

1817 4761 2105 4838 Christiani
2139 4760 2408 4838 baptismi
2443 4782 2471 4838 a
2515 4765 2610 4819 Pio
2655 4765 2908 4838 pontiﬁce
2962 4760 3118 4838 hu_jus_
3159 4760 3392 4838 nominis

1817 4832 1996 4904 primo
2032 4828 2399 4899 constitutum,
2439 4836 2505 4890 de
2554 4828 2668 4904 quo'
2711 4834 2760 4886 in
2802 4831 2941 4887 notis
2966 4828 3185 4904 adicitis
3211 4828 3389 4904 vitam

1818 4899 1989 4960 l'usius
2041 4906 2124 4975 egi
2181 4921 2300 4975 pag.
2335 4907 2436 4960 125
2475 4916 2531 4960 et
2572 4899 2736 4973 seqq.
2792 4917 2959 4971 usque
2989 4901 3052 4975 ad
3077 4900 3195 4954 126.
3225 4899 3382 4960 lbid.,

1816 4989 1942 5044 pag.
1967 4947 2104 5040 12δῖ⁵
2126 4947 2227 5032 col.
2250 4947 2309 5040 ἓ,
2337 4976 2637 5031 iudicabam
2663 4947 2949 5044 sitjieresse
2977 4972 3239 5044 picturam
3267 4986 3390 5038 apo-

1816 5034 2372 5116 stolorunrbaptisma
2412 5034 2901 5101 administrantimn
2937 5034 3180 5116 ﬁdelibus
3223 5034 3387 5116 inea-

1816 5112 1940 5170 dem
1989 5110 2243 5170 l’udeniis
2290 5119 2470 5175 domo.
2520 5117 2934 5186 impressamet
2990 5110 3287 5186 expositam
3318 5114 3386 5186 ab

1817 5185 1893 5239 ill.
1925 5188 2150 5256 praesule
2190 5185 2397 5241 Joanne
2434 5181 2736 5256 Ciampinio
2766 5203 2776 5236 :
2813 5185 2969 5256 eique
2997 5182 3294 5256 proximam
3330 5181 3381 5233 iu

1817 5249 1943 5310 areu
1967 5258 2217 5328 contiguo
2251 5272 2532 5328 superesse
2558 5249 2860 5328 imaginem
2885 5249 2954 5307 ’8.
2978 5249 3201 5328 _l}_rh'an_i
3236 5265 3386 5318 papa:

1815 5319 2188 5398 prtemitteniis
2229 5319 2662 5398 ad'martyrium
2689 5319 2933 5398 fsanctos
2973 5319 3279 5398 Tibur-tium
3331 5330 3386 5398 et

1817 5390 2180 5462 Valerianum,
2224 5390 2506 5469 expressis:
2535 5397 2867 5464 singulorum
2920 5390 3241 5469 mumnibris,
3295 5390 3387 5442 sed

1815 5469 1933 5541 ejus
1971 5469 2142 5536 angeli
2169 5459 2372 5541 duc-in,
2410 5467 2562 5541 cujus
2612 5459 2933 5541 conspectus
2948 5477 2989 5541 _a
3020 5459 3229 5541 Gazcili'a
3262 5475 3386 5529 pro—

1816 5533 2012 5593 missus
2044 5533 2260 5593 occasio
2291 5533 2661 5591 conversionis
2702 5533 2818 5588 fuit.
2851 5533 3055 5588 Visitur
3080 5533 3263 5600 itaque
3292 5546 3386 5582 au-

1813 5609 1962 5680 gelus
1982 5607 2626 5691 prwcedensn'l‘iburtinin
2656 5617 2708 5660 et
2748 5605 3111 5687 Valerianum,
3151 5612 3200 5654 et
3233 5616 3381 5691 coro:

1816 5677 1938 5733 nam
1983 5677 2268 5748 imponens
2311 5677 2479 5747 ‘capiti
2521 5677 2620 5730 sibi
2683 5677 2923 5748 proxime
2981 5677 3382 5748 consequentis,

1814 5743 2134 5804 succedente
2175 5743 2399 5803 Urbano
2437 5762 2593 5818 papa,
2648 5743 2738 5814 qui
2792 5745 2982 5818 tertius
3021 5743 3089 5818 ad
3123 5752 3379 5818 coronam

1815 5819 1982 5874 venit.
2009 5819 2210 5873 Ibidem
2239 5812 2544 5879 observavi,
2581 5812 2914 5882 comprobari
2950 5828 3014 5866 ex
3044 5812 3145 5864 hac
3171 5812 3381 5882 pictura

1816 5889 1866 5944 id
1891 5889 2036 5963 quod
2063 5888 2115 5944 in
2146 5887 2298 5946 libris
2318 5877 2648 5944 lectionariis
2668 5877 2906 5955 ejusdem
2933 5882 3071 5938 tituli
3099 5877 3408 5940 recitatur,.
