3954 6318
155 317 175 370 l
189 318 294 380 555

148 499 297 571 gius,
332 497 557 571 Propter
594 499 880 565 quemdam
927 501 1270 571 Maximinum
1328 501 1721 571 presbyterum,

150 570 240 638 qui
276 566 528 637 martyrio
558 577 856 623 icoronatus
894 576 994 624 est.
1021 570 1115 622 fin.
1148 571 1203 630 5,
1234 566 1347 638 post
1370 566 1505 624 verb:
1537 587 1722 635 unum,

147 637 350 691 addunt
371 653 545 691 omnes
560 653 662 690 mu
698 638 851 692 codd.
873 639 922 693 in
941 640 1156 694 civitate
1180 637 1379 696 Fundis
1395 640 1722 709 Campaniae.

948 321 1264 377 HISTORIA
1302 307 1389 376 DE
1429 322 1603 378 VlTlS
1639 321 1802 379 ROM.
1846 323 2045 380 PONT.
2075 324 2222 380 —-S.
2261 326 2603 384 ANTERUS.

149 428 251 481 fuit
274 436 470 481 autem.
502 427 596 480 lin.
619 425 674 490 4,
706 427 853 484 Cass.
883 428 1114 484 Floreat.
1142 434 1355 497 secund,
1398 430 1517 484 Vat.
1546 442 1591 484 et
1628 431 1725 484 Re-
1755 438 1800 494 Α

3261 340 3406 396 {En

2113 435 2264 500 Apud
2307 436 2518 493 Pettium
2553 457 2616 492 ex
2637 442 2811 495 codice
2842 443 3078 498 Cuvensi.
3388 495 3392 500 .

1905 502 2020 575 Litt.
2045 505 2099 566 2,
2128 506 2241 558 dies
2269 523 2340 560 xu
2372 548 2385 570 ,
2441 508 2531 562 lin.
2567 511 2599 564 5
2625 551 2638 574 ,
2691 521 2744 565 ct
2785 512 3021 567 Africani
3065 518 3394 575 consulibus.

1828 571 1922 656 (in:
1951 573 2006 638 4,
2058 585 2276 658 propter
2320 571 2979 645 quetntiamlllaximinum
3023 571 3398 658 presbyterum

1830 653 1918 712 qui
1954 653 2218 715 martyrio
2244 658 2535 703 coronatus
2559 658 2660 704 est.

1480 751 1685 807 NOTAE
1710 751 2090 812 VARIORUM.

656 818 811 873 BlNll
843 835 912 876 ET
951 821 1213 876 LABBEI.

217 909 384 981 Linea
408 908 686 981 5.-ᾼῌὶσ
731 920 873 980 gesta
919 925 1226 981 martyrum.
1267 913 1395 980 Quae
1425 921 1542 968 acta
1575 929 1722 967 mar-

145 989 330 1051 tyrum
367 979 519 1051 jussu
549 979 839 1035 Clementis
887 997 982 1050 per
1033 979 1549 1038 u‘ozarios’fideliter
1596 999 1724 1038 con-

142 1049 346 1123 scripta
378 1049 610 1114 fuerant,
647 1065 710 1123 ea
741 1049 973 1123 Antei-us
1014 1052 1251 1120 pontifex
1283 1053 1568 1123 diligenter
1594 1069 1721 1108 con—

139 1120 385 1190 quisivit,
410 1129 465 1174 et
490 1135 556 1174 ne
581 1121 663 1174 vel
695 1121 1000 1182 interirent,
1021 1123 1106 1176 vel
1137 1123 1204 1176 ab
1228 1120 1456 1179 ethnicis
1485 1139 1722 1178 corrum-

141 1199 428 1260 perentur,
459 1190 512 1245 in
539 1190 764 1245 ecclesia
793 1193 1108 1246 recondidit.

746 1278 1127 1333 BLANCIllNl.

621 1375 776 1415 NOTL
816 1375 1246 1414 CllRONOLOGlC£.

212 1453 370 1508 Anno
396 1451 520 1517 255,
551 1452 750 1508 Severo
776 1464 829 1508 et
873 1454 1193 1520 Quinctiano
1238 1470 1404 1519 coss.,
1451 1473 1572 1511 cum
1623 1460 1717 1512 de-

137 1524 364 1579 functus
392 1532 533 1579 esset
555 1523 619 1594 in
652 1523 849 1578 Bucina
891 1524 1058 1577 insula
1093 1539 1258 1594 prope
1301 1527 1602 1580 Sardiniam
1634 1530 1720 1582 die

133 1596 209 1648 5t)
258 1594 506 1664 Octobris
553 1593 741 1646 beatus
789 1594 1114 1655 Pontianus.
1162 1593 1366 1664 perlato
1415 1599 1465 1650 in
1520 1597 1716 1654 Urbem

132 1665 382 1728 ejusdem
411 1661 590 1718 obitus
637 1665 840 1736 nuntio,
872 1661 1261 1736 cleridltomani
1295 1667 1562 1736 suffragiis
1604 1669 1714 1722 ele-

133 1744 263 1788 ctus
287 1743 367 1788 est
395 1748 676 1788 successor
703 1733 960 1789 Antei-ns.
1000 1734 1261 1789 Eusebius
1305 1735 1396 1790 lib.
1423 1733 1497 1797 vi,
1529 1754 1578 1792 c.
1606 1739 1675 1793 ἓξ)
1701 1758 1713 1793 :

139 1825 157 1854 ι
193 1805 428 1876 Mortuo_
454 1803 737 1876 Pontiano,
779 1805 868 1874 qui
908 1821 1001 1859 sex
1033 1807 1200 1876 armis
1240 1807 1604 1876 episcopatum
1637 1820 1716 1863 tc-

135 1881 362 1936 nuerat,
389 1873 645 1928 Ecclesia:
678 1873 933 1929 Romana:
977 1873 1495 1930 administrationem
1535 1893 1717 1932 susce-

133 1947 219 2014 pit
247 1943 498 2014 Anteros.
535 1943 631 1998 Hic
664 1943 803 2014 intra
844 1945 1003 1998 unius
1045 1947 1244 1999 mensis
1275 1949 1504 2014 spatium
1535 1964 1715 2003 sacer-

131 2013 289 2088 dotio
317 2013 627 2088 perfunctus
670 2013 962 2069 Fabianum
1009 2013 1374 2088 successorem
1425 2017 1658 2088 reliquit.
1693 2040 1708 2069 ι

1827 826 1954 906 anni
1985 841 2171 906 mense
2199 828 2386 906 unico,
2419 837 2473 884 et
2503 831 2689 906 diebus
2722 835 2925 906 decem.
2960 834 3064 890 Sed
3097 837 3396 906 descriptor

1825 896 2177 1016 posteriorem
2205 899 2459 968 syllabam
2502 899 2544 954 N
2568 903 2581 955 Ι
2617 904 2794 957 minus
2819 904 2964 959 clare
2992 922 3057 960 ex
3087 896 3398 976 pavimento

1846 975 2052 1016 ortasse
2081 983 2250 1016 vrsam
2273 971 2433 1016 vertit
2459 971 2509 1016 in
2547 987 2825 1016 numerum
2857 991 2928 1016 τι,
2959 976 3102 1016 ldmn
3132 977 3287 1016 nlnno
3308 996 3395 1016 or-

1846 967 2052 1046 'ortasse
2070 967 2250 1046 _visa_m
2273 971 2433 1046 vertit
2459 971 2510 1024 in
2547 987 2825 1046 numerum
2857 991 2932 1046 xl.
2959 967 3103 1046 Ideni
3132 977 3287 1046 plane
3308 996 3395 1034 er-

1825 1051 1914 1089 ror
1936 1037 2106 1105 potuit
2122 1039 2354 1092 suboriri
2379 1056 2440 1093 ex
2467 1041 2666 1097 codicis
2687 1045 2994 1100 vetustioris
3017 1037 3209 1102 litteris
3232 1049 3391 1102 obso-

1825 1105 1942 1182 letis
1957 1120 2048 1182 seu
2075 1107 2530 1182 maledisjunctis,
2550 1120 2674 1180 puta
2701 1113 2743 1165 si
2766 1115 3022 1182 scriptum
3040 1115 3223 1171 fuisset
3241 1117 3388 1173 SED.

1822 1176 1862 1250 ᾼ
2100 1175 2176 1250 Μ.
2211 1178 2260 1250 l.
2285 1173 2343 1231 li.
2372 1180 2440 1234 Χ.
2495 1173 2655 1248 quam
2711 1173 2998 1250 perioehen
3054 1186 3106 1239 in
3156 1187 3406 1244 dictione

1824 1246 1864 1298 Λ
1891 1245 1931 1298 Ν
1957 1245 2038 1298 Nl
2069 1247 2180 1301 sive
2211 1249 2448 1303 hiantem
2496 1245 2608 1305 sive
2643 1245 2894 1308 detritam
2939 1255 2992 1308 in
3042 1259 3270 1311 secunda
3308 1258 3394 1312 lit-

1824 1324 1936 1368 tera
1962 1314 2003 1369 N
2038 1330 2140 1396 non
2180 1332 2426 1396 seclusae
2453 1321 2493 1374 V
2519 1322 2569 1374 ll
2603 1323 2811 1396 numeri
2837 1325 3149 1396 duodenarii
3175 1326 3387 1396 signum

1823 1402 1896 1438 xu
1921 1388 2579 1464 vetustatelabefactatum
2604 1393 2848 1447 arbitrati
2877 1395 2988 1448 sint
3008 1395 3043 1448 ii
3072 1397 3160 1464 qui
3189 1388 3392 1451 déscri-

1823 1465 2043 1523 pserunt
2097 1473 2192 1532 X_I_l_.
2247 1458 2361 1532 Sed
2421 1463 2772 1530 undecunque
2822 1458 3132 1532 provenerit
3193 1467 3394 1520 erroris

1821 1541 1981 1604 oausa
2006 1567 2039 1604 ,_
2065 1527 2438 1604 addictionem_
2465 1527 2726 1604 annorum
2771 1527 3004 1590 resecari
3035 1544 3284 1604 oportere
3327 1537 3396 1590 ab

1823 1596 1888 1649 iis
1922 1597 2197 1674 codicibus
2216 1669 2226 1674 _
2245 1600 2630 1674 posterioribus
2659 1603 2910 1674 Eusebio,
2940 1614 2992 1659 et
3021 1596 3395 1674 antiquissimo

1819 1667 2064 1745 catalogo
2085 1669 2258 1745 aetatis
2282 1668 2579 1745 l_.ibcrian:e
2611 1673 2825 1727 unicum
2853 1689 3091 1728 mensem
3118 1667 3392 1745 assignan-

1823 1739 1964 1790 tilzus
2019 1739 2263 1806 coarguit
2299 1739 2411 1807 ipse
2451 1750 2735 1796 contextus
2791 1745 3048 1799 sectionis
3094 1739 3392 1801 Bibliothe-

1819 1807 1950 1858 earii
1986 1824 1997 1858 :
2038 1809 2088 1861 in
2120 1824 2227 1876 quo
2253 1824 2375 1862 cum
2406 1810 2722 1875 alfirmetur,
2762 1815 2973 1872 unicam
2996 1815 3391 1870 ordinationem

1822 1881 1898 1951 ali
1923 1877 2120 1951 Antero
2150 1880 2512 1951 celebratam,
2565 1897 2792 1951 eamque
2819 1885 2976 1938 unius
3025 1885 3414 1942 tantummodo-

1819 1947 2052 2022 cpiscopi
2086 1963 2268 2022 mense
2303 1949 2599 2022 Decembri,
2630 1947 2786 2005 net-no
2814 1965 3098 2022 pnesumet
3124 1956 3268 2010 illum
3303 1971 3392 2012 se-

1821 2018 1964 2092 disse
1991 2033 2038 2092 vt
2068 2018 2341 2092 annisvel
2373 2037 2468 2079 xu,
2503 2023 2594 2074 sed
2644 2018 2891 2092 intelligit
2929 2025 3041 2077 solo
3078 2041 3262 2082 mense
3292 2027 3396 2080 De-

131 2086 400 2164 Anterum
430 2085 636 2164 sedisse
683 2099 878 2164 mense
897 2100 1020 2145 uno,
1067 2086 1254 2164 diebus
1300 2087 1506 2164 decent,
1545 2085 1713 2164 tradit
1749 2101 1786 2158 Β
1819 2087 2178 2164 ocmbrianui
2225 2089 2350 2153 ‘255,
2381 2093 2687 2164 pontiﬁcem
2721 2085 2905 2162 fuisse,
2953 2109 3060 2164 quo
3091 2097 3305 2151 unicum
3336 2096 3410 2150 il--

131 2155 420 2226 catalogus
458 2153 794 2208 Liberianus.
841 2153 1237 2226 Bergomensis,
1285 2166 1339 2212 et
1374 2157 1712 2214 Colbertinns

134 2225 404 2293 septimus
437 2238 629 2296 mense
670 2238 808 2296 uno,
848 2225 1036 2296 diebus
1101 2225 1185 2279 -l7.
1244 2227 1455 2296 Reliqui
1497 2245 1562 2284 ex
1605 2229 1710 2283 lta-

133 2295 260 2350 licis
337 2294 668 2365 antiquiores
741 2295 792 2348 iu
853 2294 1252 2365 Prolegomenis
1320 2294 1505 2352 mense
1565 2315 1708 2363 uno,

132 2366 332 2437 diebus
392 2364 498 2437 1-2ἱ
551 2364 1114 2437 ςιιιριηιιιῐιιιωιιιιηίει
1173 2368 1450 2437 catalogus
1517 2369 1713 2424 Felicis

132 2436 350 2501 Quarti.
399 2434 503 2490 Sed
555 2434 713 2507 idem_
749 2434 1023 2507 catalogus
1078 2434 1380 2492 Felicianus
1441 2441 1715 2507 prmmittit

133 2521 311 2558 annos
364 2520 417 2558 ιιι
465 2522 479 2559 :
530 2512 640 2562 tres
697 2504 864 2558 Italici
914 2521 1083 2559 annos
1131 2523 1224 2559 xu.
1279 2504 1714 2564 Additamentmn

133 2576 590 2649 istudannorum
618 2615 633 2640 ,
679 2575 819 2649 quod
872 2575 1270 2649 in_vetustiore
1319 2580 1564 2649 catalogo
1610 2598 1714 2634 non

132 2646 446 2707 invenitur,
503 2654 559 2700 et
627 2644 1130 2716 unde-profectum
1208 2649 1278 2703 sit
1347 2644 1524 2716 paulo'
1577 2652 1714 2705 infra

129 2716 486 2792 ostendetur,
537 2718 974 2792 expungeadmn__
1009 2732 1128 2792 esse
1186 2716 1468 2792 manifeste
1510 2737 1716 2792 cogno-

129 2787 319 2858 scitur,
365 2802 430 2842 ex
493 2786 801 2842 consulibus
845 2787 1134 2858 indicatis.
1188 2788 1369 2858 Neque
1435 2786 1608 2845 enim'
1630 2793 1716 2844 alii

130 2857 388 2930 consules
431 2866 804 2930 memorantur
841 2857 893 2911 in
936 2859 1138 2930 epocha
1175 2857 1410 2930 rAnteri,
1472 2878 1631 2930 quam
1684 2862 1717 2915 ii

129 2929 239 3003 sub
267 2928 460 3003 quibus
486 2927 733 3003 decessit.
772 2927 1212 3003 Anterostinquit
1237 2931 1472 3003 scriptor
1491 2927 1718 3003 catalogi

129 2998 240 3051 sub
270 2997 513 3063 Liberio)
563 3013 736 3051 mense
775 3013 876 3049 uno
905 3037 917 3059 ,
961 2998 1140 3051 diebus
1169 2997 1362 3054 decem.
1416 3001 1614 3056 Dormit
1661 2997 1718 3056 ιῖι

134 3065 956 3142 Em!“-Januariilyagimino
985 3077 1031 3120 et
1061 3069 1308 3142 Africano
1340 3087 1497 3134 coss.,
1527 3089 1719 3142 nempe

130 3137 338 3194 Christi
384 3153 524 3192 anno
561 3137 668 3192 256
693 3177 706 3199 ,
740 3138 824 3190 die
855 3135 887 3190 ’5
930 3134 1190 3192 Januarii.
1237 3141 1290 3193 ln
1335 3142 1501 3195 veteri
1540 3134 1715 3196 tabula

134 3222 440 3283 marmorea
470 3209 606 3283 tituli
642 3207 698 3260 S.
738 3206 987 3283 Silvestri
1029 3209 1079 3260 in
1112 3210 1288 3283 capite
1328 3211 1552 3283 incisum
1585 3213 1714 3283 legi—

133 3287 227 3352 tur
252 3277 477 3352 ;__Mense
518 3277 780 3352 thmqrio
809 3278 892 3331 die
922 3292 977 3352 Ill
1013 3279 1206 3352 natalis
1337 3281 1520 3334 Antert’
1546 3277 1712 3352 pap'az.

131 3347 216 3400 Ex
253 3347 338 3400 illa
371 3347 532 3416 igitur
555 3348 640 3402 die
680 3347 713 3400 5
740 3346 976 3400 Januarii
1019 3349 1141 3401 anni
1181 3349 1306 3413 257,
1338 3346 1634 3408 recedendo
1663 3354 1713 3408 in

131 3418 407 3472 anteriora
434 3432 529 3488 per
555 3433 795 3488 mensem
822 3433 1005 3488 unum,
1035 3427 1089 3471 et
1131 3419 1242 3473 dies
1279 3421 1483 3484 decem,
1514 3422 1584 3476 illi
1616 3419 1709 3478 tri;

134 3488 297 3541 butos
353 3503 382 3541 a
434 3486 675 3557 catalogo
720 3486 1006 3541 Liberiauo
1044 3490 1281 3542 omnium
1314 3493 1674 3547 vetustissimo
1704 3536 1716 3549 .

135 3557 326 3612 incidit
350 3558 703 3612 ordinationis
741 3558 855 3611 dies
881 3557 931 3610 in
959 3557 1287 3613 Dominicam
1310 3559 1379 3615 22
1408 3559 1720 3618 Novembris

133 3627 264 3681 anni
298 3627 442 3682 255:
491 3643 652 3696 quam
690 3626 1088 3696 Papebrocltius
1133 3645 1253 3682 cum
1300 3631 1580 3694 admittat,
1611 3649 1714 3686 non

134 3699 294 3752 video
322 3714 420 3753 cur
457 3697 833 3770 imleicoljigat,
873 3698 1293 3770 liancgepocham
1323 3714 1561 3770 pugnare
1599 3717 1717 3756 cum

131 3776 313 3823 morte
342 3769 640 3823 decessoris
669 3767 912 3822 Pontiani
938 3785 952 3825 ς
979 3768 1020 3820 si
1051 3769 1160 3823 haec
1189 3767 1451 3825 referatur
1479 3771 1545 3826 ad
1577 3773 1716 3826 diem

129 3839 203 3893 50
233 3835 481 3908 Octobris
515 3837 751 3906 ejusdem
792 3840 914 3892 anni
940 3838 1065 3901 9.55,
1096 3838 1295 3892 Severo
1321 3850 1375 3893 et
1396 3842 1718 3908 Quinctiano

128 3923 276 3963 coss.
307 3907 452 3962 Satis
478 3909 620 3962 enim
659 3907 913 3977 temporis
954 3918 1200 3978 superest
1247 3909 1312 3962 ad
1344 3911 1717 3978 perferendum

128 3995 197 4033 ex
227 3978 477 4033 Sardinia
513 3978 759 4032 nuntium
802 3978 991 4033 mortis
1023 3978 1288 4042 Pontiani,
1311 3990 1365 4034 et
1397 3982 1462 4034 ad
1495 3997 1716 4037 succes-

130 4063 314 4118 sorem
345 4047 528 4102 Romae
555 4047 874 4118 eligendum,
899 4063 965 4103 ex
994 4049 1078 4103 die
1116 4048 1184 4104 50
1211 4051 1450 4105 octobris
1479 4052 1544 4105 ad
1577 4053 1715 4107 diem

127 4119 205 4173 22
252 4117 601 4183 Novembris,
635 4117 722 4173 ad
768 4133 928 4186 quam
973 4119 1255 4173 referimus
1281 4120 1468 4174 Anteri
1504 4123 1720 4175 ordina-

134 4190 338 4242 tionem
376 4187 683 4259 testimonio
717 4188 1182 4259 documentorum,
1209 4205 1238 4242 a
1283 4190 1528 4259 catalogo
1563 4191 1716 4246 Libe-

131 4259 292 4330 riano
316 4275 419 4330 non
447 4258 863 4326 discrepantium
889 4273 984 4330 per
1013 4259 1274 4330 integram
1304 4261 1714 4326 hebdomadam,

129 4329 231 4385 sed
268 4329 460 4397 exigua
504 4343 799 4398 paucorum
854 4329 1059 4382 dierum
1119 4328 1419 4384 differentia
1456 4370 1470 4395 ,
1521 4331 1602 4385 vel
1650 4349 1713 4387 ex

132 4399 551 4454 amanuensium
591 4413 778 4453 errore
828 4398 881 4452 in
930 4413 1152 4452 numero
1190 4399 1578 4465 describendo,
1631 4403 1712 4457 vel

133 4470 192 4525 in
219 4469 524 4524 revocando
569 4469 757 4523 Anteri
803 4469 1081 4522 exordium
1127 4468 1193 4522 ad
1221 4469 1360 4524 diem
1395 4471 1674 4527 electionis
1699 4514 1712 4537 ,

134 4537 283 4607 quod
331 4538 607 4607 catalogus
652 4547 834 4608 petere
882 4539 1094 4593 videtur
1125 4555 1152 4590 a
1205 4539 1292 4592 die
1339 4541 1713 4597 ordinationis.

131 4609 573 4681 Ailtlitamentum
600 4607 860 4663 annorum
888 4607 1257 4681 xt,aliquot_in
1283 4610 1552 4681 codicibus
1576 4629 1714 4681 prte-

133 4679 361 4732 missum
395 4687 582 4733 contra
621 4688 804 4747 aperta
833 4678 1133 4732 testimonia
1170 4677 1424 4744 Eusebii,
1456 4697 1519 4734 ac
1564 4677 1712 4738 vete-

134 4763 258 4802 rum
275 4749 741 4814 documentorum,
765 4757 817 4803 et
845 4749 1108 4817 potiorum
1131 4747 1395 4815 codicum,
1423 4750 1566 4804 nullo
1589 4766 1715 4806 con-

1775 3487 1792 3528 λ
1827 3494 1998 3540 tostas
2027 3487 2324 3541 cmmeterii
2353 3488 2551 3544 Callisti

1816 2157 1924 2210 lum
1955 2159 2267 2228 episcopum
2295 2157 2586 2216 ordinavit.

2344 2289 2499 2328 NOT£
2539 2290 2862 2332 HIS'I'ORIC:E.

1886 2363 2056 2436 Linea
2076 2364 2128 2417 5.
2155 2395 2227 2436 -έ
2250 2363 2350 2417 Hic
2384 2376 2525 2435 gesta
2548 2377 2838 2436 martyrum
2877 2386 2908 2423 a
2951 2368 3188 2422 Notariis
3215 2369 3398 2436 exqui-

1886 2385 2046 2418 unea
2076 2385 2128 2417 ο.
2155 2395 2226 2404 --
2250 2385 2350 2417 mc
2384 2385 2525 2435 gesta
2548 2385 2704 2419 mam
2725 2385 2838 2422 rum
2877 2386 2908 2423 a
2951 2385 3188 2422 rvatartts
3215 2385 3391 2436 exqui-

1816 2435 1954 2496 sirit,
1983 2435 2101 2508 etiu
2123 2435 2340 2488 ecclesia
2359 2437 2662 2508 recondidit.
2683 2385 2844 2492 ἱέρεια
2874 2449 3170 2508 martyrum
3188 2440 3256 2492 ab
3279 2439 3391 2491 An-

1820 2513 1934 2556 trro
1963 2504 2200 2559 studiose
2221 2506 2521 2575 conquisita
2555 2515 2608 2559 et
2647 2507 2869 2562 collecta
2899 2504 3063 2562 fuisse
3095 2508 3165 2561 ita
3207 2508 3394 2576 explo—

1823 2584 1998 2627 ratum
2039 2587 2151 2632 est,
2184 2583 2241 2628 ut
2281 2590 2309 2626 a
2337 2576 2609 2629 nonnullis
2636 2578 2836 2632 idcirco
2871 2579 3083 2633 habitus
3108 2577 3267 2632 fuerit
3295 2594 3391 2632 au—

1819 2654 1942 2718 ctor
1967 2645 2164 2718 prioris
2199 2645 2364 2712 partis
2419 2647 2738 2718 vetustioris
2808 2648 3072 2718 catalogi,
3137 2649 3397 2718 quemad-

1823 2715 2038 2789 modum
2093 2717 2346 2789 observat
2386 2717 2826 2789 _St-_hclestratius
2883 2719 2936 2772 in
2989 2715 3391 2789 Prolegomenis

1820 2785 2197 2858 quodﬂtamen
2263 2785 2357 2858 iur
2377 2785 2582 2852 judicat
2628 2788 3034 2858 accipiendum,
3087 2785 3171 2841 ut'
3201 2789 3392 2843 beatus

1824 2854 2060 2921 pontifex
2119 2856 2387 2922 paraverit
2451 2854 3005 2913 materiam’uberem
3064 2873 3171 2912 non
3231 2859 3391 2911 modo

1823 2924 2049 2997 catalogi
2104 2926 2446 2997 decessorum
2485 2926 2727 2996 pluribus
2773 2928 3108 2983 documentis
3141 2941 3392 2997 compro-

1824 2995 1982 3068 bandi
2005 3035 2019 3056 ,
2050 2996 2143 3068 sed
2171 2995 2334 3068 etiam
2363 2995 2600 3068 historim
2625 2999 2925 3053 attexendze
2953 2999 3078 3052 dum
3116 2995 3393 3068 gesta—col-

1822 3064 1937 3137 ligit
1953 3105 1966 3127 ,
1990 3073 2044 3119 et
2075 3066 2124 3119 in
2151 3065 2364 3137 scriniis
2385 3065 2634 3122 Ecclesia:
2661 3069 2901 3123 recondit
2924 3078 3032 3123 tum
3055 3064 3394 3137 superiorum

1822 3133 2078 3189 Romana:
2119 3136 2261 3208 sedis
2292 3137 2628 3202 antistitum,
2670 3147 2779 3193 tum
2828 3133 3142 3193 creteron
3191 3146 3394 3208 marty-

1821 3220 1939 3258 rum
1967 3246 1983 3269 ,
2008 3221 2038 3258 a
2071 3207 2294 3260 notariis
2322 3221 2416 3274 per
2445 3208 2774 3264 Clementem
2801 3209 3080 3273 institutis,
3115 3219 3167 3262 et
3197 3207 3390 3262 conse-

1819 3277 2004 3342 quenti
2030 3275 2224 3330 saaculo
2254 3291 2348 3345 per
2394 3281 2608 3333 eosdem
2638 3294 2765 3334 suos
2805 3280 3118 3334 decessores
3165 3278 3393 3332 subinde

1824 3345 2032 3400 allectis
2053 3360 2148 3414 per
2169 3346 2404 3415 singulas
2431 3358 2619 3403 aetates
2641 3351 2892 3403 mandata
2925 3349 3137 3404 litteris.
3170 3349 3396 3402 Videtur

1826 3415 2046 3482 proinde
2074 3416 2350 3490 referenda
2380 3420 2460 3490 ad
2500 3419 2756 3474 Anterum
2788 3421 2960 3490 imago
3001 3420 3088 3473 illa
3136 3419 3282 3490 inter
3304 3433 3394 3490 vc-

2589 3490 2606 3560 (
2631 3491 2683 3544 in
2707 3504 2812 3558 quo
2839 3487 3112 3561 depositus
3148 3489 3235 3542 ille
3260 3487 3394 3561 fuit)

1825 3557 2113 3626 Spectanda
2131 3557 2266 3626 apud
2285 3557 2323 3608 A
2335 3557 2796 3626 ringhiutn'ltomm
2811 3557 3174 3615 subterrancze
3193 3557 3334 3612 tonio
3348 3557 3390 3616 l,

1825 3640 1944 3693 pag.
1973 3625 2098 3683 459.
2132 3625 2182 3678 ἰιι
2208 3641 2312 3693 qua
2341 3629 2578 3693 pontifex
2620 3630 2812 3684 sedens
2840 3631 2980 3684 inter
3001 3631 3275 3683 adstantes
3301 3629 3393 3681 mi-

1824 3695 2025 3766 nistros
2054 3696 2186 3748 duos
2217 3699 2234 3762 (
2263 3697 2544 3749 diaconum
2582 3706 2710 3766 puto
2752 3707 2808 3753 et
2832 3699 3238 3756 subdiaconum,
3277 3699 3392 3751 sive

1822 3765 1956 3818 duos
1985 3765 2273 3828 diaconos,
2335 3775 2391 3819 ut
2437 3765 2728 3822 hodiernus
2782 3770 2945 3822 etiam
2999 3783 3117 3821 mos
3169 3768 3310 3834 viget
3359 3783 3390 3820 a

1823 3835 1992 3918 prima
2023 3835 2278 3918 Eoclcsinze.
2307 3845 2467 3916 actate
2494 3836 2804 3918 derivatos)
2837 3838 2903 3892 de
2933 3853 3094 3918 genu.
3116 3837 3288 3918 ipsum
3315 3836 3394 3889 al-

1823 3905 2162 3976 loquentibus
2194 3904 2311 3958 aliis
2335 3906 2483 3969 viris,
2519 3915 2572 3959 et
2617 3904 2854 3976 pluteum
2902 3904 3260 3961 voluminibus
3301 3921 3392 3960 re-

1822 3975 1844 4026 f
1860 3973 2396 4046 -rtumnolferentibus
2424 3994 2436 4029 :
2469 3984 2528 4029 ut
2554 3973 2711 4046 plane
2738 3977 3020 4032 videantur
3068 3977 3260 4030 notarii
3298 3991 3394 4046 per

1819 4060 1912 4116 cos
1937 4045 2186 4109 iudicari,
2215 4045 2410 4115 quibus
2441 4045 2600 4099 manu
2636 4048 2776 4102 inter
2803 4047 3177 4116 alloquendum
3203 4045 3390 4101 exerta

1823 4115 2056 4187 inunere.
2072 4127 2126 4170 et
2158 4116 2463 4185 significare
2491 4117 2822 4187 intelligitur,
2847 4115 2938 4172 ubi
2960 4117 3391 4186 sintreponenda

1820 4185 2112 4257 volumina
2139 4202 2238 4255 pro
2269 4187 2492 4256 pedibus
2541 4185 2735 4242 suis—in
2775 4189 2954 4256 pluteo
2983 4185 3244 4257 deposita.
3277 4187 3390 4241 Ico-

1821 4271 1940 4308 nem
1971 4255 2329 4310 exhibendam
2357 4257 2565 4318 curavi,
2596 4268 2650 4312 et
2670 4255 2977 4314 sociandam
3003 4255 3126 4312 cum
3158 4257 3259 4311 alia
3295 4272 3389 4311 vc—

1811 4334 1961 4380 tusta
1985 4325 2215 4396 imagine
2238 4341 2268 4380 e
2292 4328 2463 4382 sacris
2487 4330 2813 4384 cmmeteriis
2847 4337 3087 4383 extracta
3131 4327 3184 4381 in
3215 4328 3391 4380 vitreo

1817 4394 2057 4467 orbiculo
2098 4394 2251 4451 'vasis
2284 4396 2582 4467 fragmento
2609 4439 2624 4463 ,
2659 4415 2779 4455 cum
2809 4398 3020 4453 cteteris
3068 4397 3391 4453 Christianis

1819 4465 1964 4519 edito
1991 4481 2088 4536 per
2115 4482 2255 4536 saepe
2285 4465 2559 4536 laudatum
2580 4486 2701 4524 ean.
2736 4469 2942 4524 Boldet.
2976 4479 3086 4522 tum
3131 4469 3182 4522 in
3205 4469 3396 4522 obser-

1819 4545 1923 4589 vat.
1952 4535 2287 4620 ﬂad_g_r;niet.
2333 4535 2434 4620 SS.
2463 4539 2758 4620 Martyrum
2799 4555 2921 4620 pag.
2964 4540 3101 4620 βω,
3127 4555 3188 4620 ιι.
3215 4538 3304 4618 l7,
3337 4538 3388 4620 in

1815 4620 1922 4674 quo
1949 4605 2148 4679 Callisti
2166 4622 2358 4663 nomen
2381 4618 2436 4662 et
2463 4610 2580 4663 icon
2604 4605 2655 4664 in
2683 4605 2977 4679 Apostolici
3007 4611 3172 4664 moris
3192 4609 3390 4679 amictu

1817 4675 2123 4756 pontificem
2151 4681 2398 4756 eumdem
2427 4679 2638 4756 videtur
2669 4675 2918 4744 reddere,
2943 4697 2973 4733 a
3003 4694 3116 4756 quo
3134 4678 3274 4756 sacri
3298 4679 3392 4730 int-

1813 4749 1904 4830 jus
1931 4749 2227 4828 cmmelerii
2275 4749 2642 4830 denominatio
2683 4760 2894 4830 sumpta
2945 4749 3299 4830 eshAnteri,
3336 4757 3392 4800 et

133 4819 410 4889 sulatuum
441 4818 636 4872 iudicio
667 4819 717 4873 id
749 4815 1505 4889 suggerente,refundendum
1528 4819 1712 4888 judico
1747 4815 1791 4872 D
1821 4816 2174 4889 plurimorum
2205 4829 2406 4889 sanctte
2437 4819 2691 4874 Romana:
2713 4815 2857 4873 sedis
2888 4818 3200 4889 pontificum
3229 4817 3390 4886 depo-

137 4888 193 4940 in
226 4889 629 4942 amanuensium
669 4887 1036 4958 supinitatem,
1068 4887 1178 4942 sive
1209 4888 1261 4942 in
1293 4887 1710 4950 imbecillitatem

133 4957 418 5013 oculorum
451 4959 502 5011 in
533 4957 900 5013 describendis
931 4958 1170 5012 numeris
1197 4973 1228 5013 e
1263 4959 1490 5028 picturis
1518 4960 1706 5016 Basili-

135 5042 352 5098 carum.
384 5030 517 5094 Qute
558 5029 684 5084 solre
721 5037 1006 5098 supersunt
1047 5028 1239 5082 littera:
1286 5030 1338 5082 in
1391 5031 1608 5086 basilica
1648 5031 1707 5086 S.

132 5096 293 5153 Pauli
336 5099 468 5153 satis
512 5096 802 5154 ostendere
846 5114 950 5153 non
997 5107 1217 5168 possunt
1266 5099 1591 5155 evidentiam
1620 5117 1712 5155 su-

135 5169 312 5236 specti
339 5169 558 5223 erroris.
590 5169 714 5224 Ηωο
737 5169 880 5223 enim
901 5168 1164 5222 elementa
1199 5169 1434 5224 nominis
1479 5179 1716 5225 tantum-

137 5238 304 5293 modo
325 5247 613 5308 supersunt
627 5253 744 5308 qua:
765 5237 961 5309 litteris
974 5238 1250 5309 quadratis
1265 5251 1358 5294 seu
1383 5238 1715 5309 majusculis,

818 5319 910 5362 ant
937 5305 1117 5362 ΕΒνὸ

850 5376 1014 5432 SED

877 5446 985 5502 AN

881 5517 982 5573 Nl

846 5604 920 5641 tn.
962 5591 1011 5643 l.

835 5668 890 5711 et
927 5659 1011 5713 10.

142 5727 349 5781 Cmtcra
378 5727 692 5799 minusculis
727 5728 1126 5783 character-ibus
1158 5731 1243 5784 hic
1271 5746 1522 5799 expressa
1553 5741 1706 5783 vetu-

145 5807 263 5852 stas
293 5798 505 5854 delevit.
552 5799 894 5870 Significasse
919 5799 1166 5856 videntur
1212 5798 1474 5858 Amorum
1501 5802 1704 5858 sedisse

137 5314 204 5363 ut
231 5318 422 5364 vocant
449 5309 676 5364 exhibeo

1827 4887 2024 4940 sitione
2051 4886 2396 4943 venerabilis.

1886 4956 2050 5029 Linea
2087 4956 2141 5010 4.
2164 4987 2235 4997 ——
2256 4955 2479 5027 Propter
2504 4959 2642 5028 quod
2671 4977 2703 5012 a
2732 4958 2968 5013 Maximo
2990 4958 3234 5029 praefecto
3255 4971 3391 5029 mar-

1815 5027 1949 5099 tyrio
1999 5037 2405 5099 co_rouatus_est.
2455 5027 2726 5099 sulpicius
2759 5027 2998 5099 Severus
3036 5029 3167 5083 satis
3207 5027 3392 5097 jejuno

1817 5095 2096 5149 adnotavit
2141 5096 2223 5165 (ut
2274 5097 2469 5167 Pagius
2515 5095 2567 5153 in
2599 5100 2738 5154 notis
2775 5099 2861 5152 hic
2890 5097 3175 5154 afferendis
3198 5095 3388 5152 obser-

1820 5167 1929 5238 vat)
1981 5167 2408 5238 persecutionem
2456 5169 2765 5231 Maximini,
2815 5183 2938 5238 qum
2987 5167 3264 5236 interiecta
3307 5177 3391 5222 est

1818 5235 1970 5307 inter:
1991 5235 2234 5307 quintam
2269 5238 2370 5290 sub
2417 5239 2641 5304 Severo,
2689 5249 2744 5293 et
2786 5235 3070 5307 septimam
3102 5235 3388 5291 immanem

1825 5305 1923 5378 sub
1950 5304 2128 5378 Deoio,
2167 5306 2290 5360 dum
2320 5310 2478 5364 anuis
2501 5321 2624 5364 octo
2667 5319 2719 5364 et
2753 5304 2970 5378 triginta
2997 5318 3279 5378 utramque
3300 5307 3391 5378 di-

1827 5375 2142 5456 rimentibus
2180 5391 2363 5456 pacem
2394 5379 2646 5456 Ecclesiae
2672 5374 2941 5456 turbatam
2967 5377 3179 5456 quidem
3194 5374 3412 5456 scribit.

1827 5463 1855 5500 a
1903 5444 2210 5510 Maximino,
2261 5447 2352 5500 sed
2405 5451 2455 5504 in
2487 5449 2755 5504 nonnullis
2803 5444 3008 5506 tantum
3036 5446 3308 5508 Ecclesiis,
3339 5445 3389 5498 in

1828 5515 2021 5586 quibus
2064 5518 2288 5572 clericos
2323 5520 2552 5573 vexavit.
2600 5519 2855 5574 Eamdem
2903 5518 3178 5572 Maximini
3211 5531 3394 5585 perseo

1829 5586 2094 5658 cntionem
2123 5588 2429 5658 expressius
2457 5589 2791 5643 tdumbravit
2820 5589 3100 5652 Eusebius,
3131 5589 3182 5641 in
3209 5601 3392 5640 sacros

1819 5656 2031 5734 quidem
2062 5656 2358 5734 .uiinistros
2395 5674 2503 5728 pra:
2543 5661 2752 5712 cteleris
2783 5657 3253 5734 szevientetn,_sed
3285 5670 3389 5734 non

1817 5729 1885 5781 ita
1927 5726 2074 5780 brevi
2119 5726 2745 5805 Eeolesiarum_nnt_nero
2777 5731 2873 5805 _vel
2919 5728 3175 5805 temporis
3218 5726 3389 5805 spatio

1816 5806 2120 5853 contentam
2148 5838 2160 5864 ,
2193 5798 2315 5852 licet
2342 5813 2443 5852 non
2492 5799 2650 5854 fuerit
2701 5799 3016 5854 universalis
3031 5793 3053 5848 ’;
3085 5806 3140 5850 ut
3168 5793 3390 5865 proinde
