3954 6318
142 309 287 365 ’15ίῦ

913 307 1229 365 HISTORIA
1272 309 1357 363 DE
1396 309 1572 364 VlTlS
1614 309 1776 366 ΗΘΜ.
1821 309 2020 366 ΡΘΝΤ.
2053 343 2122 351 -
2149 311 2207 368 S.
2244 313 2610 371 FABIANUS.

3253 319 3393 378 tate
3438 288 3442 292 ’

138 431 173 484 5
201 426 598 503 σιιιηιιειιῆἱ-Ξᾷίξ,
632 441 820 503 nempe
841 427 1133 503 Maximini
1174 437 1227 482 et
1260 427 1711 503 Africani_,_nota_-
1745 437 1786 494 Α
1818 430 1869 484 ἰιι
1899 431 2144 485 eumdem
2189 430 2456 501 sallragiis
2490 429 2805 503 sacerdotali
2831 431 3124 503 cathedra:
3153 431 3367 503 impone

133 508 232 552 tur
253 498 416 552 etiam
449 499 666 553 Fabiani
688 497 966 554 exordium
992 509 1098 552 tam
1123 499 1175 552 in
1207 497 1462 567 catalogis
1491 498 1709 562 Libet-ii,

136 579 189 622 et
221 569 423 650 Felicis
453 568 856 650 Quarﬂhquam
891 568 947 621 in
1000 568 1274 649 codicibus
1309 568 1575 650 Anastasii
1616 584 1628 650 ξ
1660 577 1716 623 et

131 639 348 692 sedisse
375 639 572 693 dicitur
604 637 873 692 Fabianus
895 638 1050 692 annis
1092 653 1204 703 xlv,
1239 652 1422 692 mense
1457 639 1502 698 l,
1527 639 1714 692 diebus

133 725 168 761 ι
209 708 263 762 in
299 707 586 762 Liberiano
630 717 684 762 et
713 706 1036 778 Colbertinis
1061 717 1290 778 quatuor
1325 707 1400 778 (ul,
1441 707 1509 764 5.
1560 709 1627 772 5,
1659 709 1714 778 6)

134 778 298 831 annis
324 793 450 832 vero
479 792 601 840 xm,
631 791 816 832 mense
863 793 900 839 I,
932 777 1122 830 diebus
1163 793 1194 830 x
1244 777 1296 830 in
1341 776 1711 845 Bcrgomcnsi,

135 849 192 900 in
219 847 530 901 Colbertino
555 845 778 912 Quarto,
809 847 938 915 etin
975 847 1198 915 picturis
1243 846 1533 900 Leonianis
1568 847 1714 901 basi-

132 918 259 971 lica:
289 921 348 970 S.
378 917 550 971 Pauli.
598 916 839 984 Catalogi
875 914 1160 980 Cavensis,
1191 915 1495 980 Farfensis,
1521 926 1575 971 et
1608 915 1715 970 Lu-

127 987 340 1051 censis,
377 1001 589 1041 necnon
611 985 966 1041 Colbertinus
1012 986 1302 1050 secundus,
1333 1000 1398 1039 ac
1431 987 1715 1054 septimus,

127 1064 460 1110 enumerant
484 1071 651 1111 annos
677 1071 788 1120 xiv,
814 1069 1026 1110 menses
1053 1071 1129 1120 xi,
1173 1055 1288 1112 dies
1333 1070 1406 1109 ιιι.
1458 1055 1718 1112 Lucensis

129 1129 256 1182 dies
294 1127 564 1181 contrahit
585 1127 653 1180 ad
686 1141 780 1181 vn.

209 1213 506 1284 Consulumﬁ
537 1213 756 1268 nomina
792 1228 822 1268 a
858 1212 1150 1284 Maximino
1178 1221 1232 1268 et
1261 1213 1519 1268 Africano
1533 1213 1716 1284 (Chri-

129 1284 207 1338 sti
246 1285 374 1350 236)
399 1283 463 1337 ad
488 1283 708 1338 Decium
746 1300 802 1346 ιι,
835 1292 889 1338 et
919 1283 1143 1338 Gratum
1189 1283 1408 1354 (Christi
1440 1283 1567 1352 250)
1597 1299 1716 1352 qua:

121 1355 192 1408 in
224 1355 479 1422 catalogis
499 1363 551 1406 et.
576 1355 850 1407 codicibus
879 1354 1164 1408 recensitis
1184 1355 1478 1408 metiuntur
1507 1355 1719 1423 pontiﬁ-

128 1434 321 1478 catum
344 1423 598 1494 Fabiani,
653 1424 863 1477 etiamsi
916 1424 1200 1476 videantur
1248 1438 1417 1494 armos
1460 1433 1720 1494 quatuor-

131 1495 313 1547 dccim
332 1493 631 1564 requirere,
651 1509 758 1546 non
785 1494 964 1564 plures
981 1501 1156 1547 tamen
1181 1493 1576 1563 exiguntquam
1597 1509 1714 1564 xm,

125 1579 158 1615 τι
203 1564 438 1618 Picturis
466 1563 750 1618 Leonianis
785 1563 1079 1627 indicatos;
1114 1564 1156 1618 si
1182 1564 1451 1617 ordinatio
1493 1563 1717 1618 Fabiani

128 1633 200 1686 ad
235 1633 624 1702 icpiscopatum
659 1633 958 1688 llomanum
1013 1642 1282 1686 statuatur
1322 1634 1408 1688 die
1440 1634 1714 1688 Dominica

129 1704 192 1756 11
231 1701 541 1757 Decembris
561 1718 704 1757 anno
729 1703 856 1768 256,
884 1703 1174 1756 Maximino
1201 1711 1256 1756 et
1285 1704 1542 1758 Africano
1587 1720 1718 1758 con-

121 1773 378 1837 sulibus;
408 1789 527 1844 eum
561 1774 876 1844 martyrium
913 1787 993 1827 cor

124 1843 200 1897 rii
255 1859 394 1897 anno
418 1843 552 1905 250,
592 1843 757 1898 Decio
809 1859 844 1898 ιι
900 1851 954 1896 et
1005 1843 1172 1897 Grato
1217 1857 1358 1897 coss.
1400 1844 1523 1897 Ihec
1567 1844 1709 1896 enim

123 1923 376 1967 extrema
408 1914 686 1967 continent
729 1928 899 1967 annos
941 1911 1139 1967 solidos
1165 1928 1282 1978 xm,
1321 1929 1560 1968 mensem
1593 1929 1607 1967 ι
1658 1921 1712 1966 et

121 1982 254 2037 dies
289 1999 342 2048 x,
376 1984 428 2036 in
453 1984 674 2054 picturis
695 1983 752 2037 S.
786 1983 933 2037 Pauli
977 1991 1118 2037 recte
1138 1983 1396 2052 signatos.

206 2075 603 2145 Depositionem
651 2084 828 2130 autem
857 2074 1077 2130 Fabiani
1109 2083 1380 2144 peractam
1424 2073 1588 2129 fuisse
1622 2090 1713 2128 ea-

126 2149 260 2200 dem
285 2147 369 2200 die
396 2145 465 2200 20
497 2145 755 2210 Januarii,
781 2161 884 2214 qua
917 2147 1029 2215 ipse
1073 2145 1385 2215 martyrium
1414 2145 1713 2215 compleve-

127 2226 249 2283 rat,
297 2216 545 2270 universa
573 2216 891 2270 documenta
916 2214 1210 2269 vetustiora
1241 2214 1496 2269 Romana:
1536 2214 1716 2269 Eccle-

128 2288 232 2341 sia:
290 2294 574 2340 testantur.
625 2285 950 2341 Onusculnm
1019 2285 1235 2338 tertium
1289 2285 1461 2339 artatis
1513 2283 1712 2338 Liherii

130 2372 313 2426 papm,
367 2357 566 2426 editum
605 2372 634 2410 a
673 2355 956 2414 Buchcrio.
979 2356 1126 2426 unde
1165 2371 1411 2426 recusum
1466 2370 1563 2423 per
1617 2371 1713 2409 nos

138 2424 248 2480 fuit
327 2427 377 2480 in
420 2425 838 2495 'Prolegomcnis
911 2425 1009 2480 sub
1067 2425 1313 2488 initium,
1356 2424 1713 2494 Depositiones

135 2507 432 2566 martyrum
481 2497 744 2555 exhibens
784 2496 937 2566 juxta
979 2495 1173 2566 seriem
1225 2495 1509 2566 mensium,
1555 2511 1709 2566 exor-

130 2565 294 2620 dium
324 2567 465 2636 capit
490 2582 661 2620 mense
708 2565 986 2636 Januario
1009 2565 1075 2636 ab
1107 2565 1218 2633 ipsa
1248 2565 1579 2636 dcporitione
1609 2565 1714 2636 Fa-

129 2636 307 2700 biani,
355 2633 724 2691 (iccimotertio
767 2634 894 2688 Kal.
940 2633 1220 2688 Februarii
1255 2633 1480 2688 Fabiani
1528 2636 1578 2688 in
1615 2635 1714 2689 Ca-

132 2707 272 2770 listi,
309 2715 362 2759 ct
400 2707 702 2760 Sebastiani
731 2707 784 2760 in
816 2705 1173 2760 Catacumbis.
1201 2703 1486 2773 Catalogus
1516 2704 1712 2760 Libct‘ii

127 2785 363 2831 exactus
397 2776 462 2830 ad
512 2791 613 2830 ms.
658 2775 934 2844 exemplar
976 2777 1277 2844 Caesareum
1306 2775 1358 2828 in
1381 2776 1510 2829 edit.
1541 2773 1710 2829 Sche-

130 2847 368 2902 lestratii
406 2846 567 2901 habet.
610 2865 622 2900 :
675 2847 716 2897 Α
763 2842 1037 2898 consulatu
1075 2842 1354 2898 Maximini
1385 2855 1430 2898 et
1477 2844 1714 2914 Africani

131 2933 304 2986 usque
341 2915 497 2970 Decio
538 2932 573 2970 ιι
615 2926 660 2970 et
702 2914 884 2986 Grato.
944 2914 1137 2986 Passus
1187 2916 1271 2968 die
1327 2930 1420 2986 xm
1455 2914 1575 2968 Kal.
1612 2913 1715 2968 Fe-

131 2984 352 3049 bruan,
399 2987 522 3040 licet
561 2987 727 3041 codex
773 2984 1045 3045 Buchcrii,
1091 2985 1284 3053 detrita
1334 2984 1560 3039 fortasse
1596 2999 1710 3053 pos

133 3059 577 3120 trema‘unitate,
618 3058 869 3111 redderet
907 3071 980 3108 xtt
1009 3053 1130 3112 Kal.
1150 3052 1307 3125 Febr.
1340 3052 1710 3125 Martyrologia

1073 1773 1259 1852 lcverit
1289 1773 1374 1827 die
1401 1773 1490 1852 __20
1514 1773 1714 1852 Janua-
1749 1796 1787 1852 η

1821 511 1996 573 retur;
2025 515 2093 573 Aea
2123 511 2316 573 tamen
2345 497 2448 555 non
2480 500 2770 573 excludunt
2810 497 3154 573 nobilitatem,
3180 497 3394 573 generis

1816 570 2071 634 Fabiani;
2111 586 2270 640 quam
2305 571 2356 624 in
2408 585 2470 640 ea
2501 571 2761 625 electione
2803 570 3095 640 prolieuam
3138 570 3396 630 Ecclesia:

1817 640 2054 694 futuram
2092 639 2392 695 cetnmunis
2441 639 2665 694 fratrum
2714 639 2980 694 sententia
3021 642 3394 708 constituerat,

1816 710 2437 781 etcmlestisiassensus
2493 711 2594 764 hoc
2647 711 2786 764 facto
2838 711 3236 781 comprobavit;
3266 714 3393 768 dum

1817 779 1992 850 virum
2029 780 2258 835 nobilem
2310 779 2440 833 nihil
2486 780 2587 832 tale
2625 781 2948 847 cogitantem
2963 779 3240 850 disposuit
3271 798 3394 838 cum

1815 849 2113 920 domestico
2166 859 2263 920 suo
2300 849 2555 920 comitatu
2604 850 2654 920 in
2707 850 2903 904 Urbem
2945 849 3179 920 regredi,
3209 861 3264 905 et
3307 869 3401 908 co—

1817 919 2012 974 lumba:
2040 919 2343 974 advolantis
2388 919 2584 973 indicio
2614 919 2879 992 designari
2921 919 3226 989 pontiﬁcem
3258 924 3397 992 opti-

1819 1004 1998 1062 mum,
2032 1000 2087 1062 et
2136 998 2277 1062 post
2313 1005 2483 1044 annos
2528 1005 2630 1062 _xtt_t
2671 988 3026 1062 fortissimum
3079 988 3395 1062 martyrem.

1819 1058 2154 1130 Sanctis-imi
2194 1058 2348 1127 hujus
2390 1060 2612 1128 auspicii
2661 1059 2882 1115 eteleste
2932 1059 3143 1130 signum
3185 1058 3397 1116 summa

1817 1127 2093 1200 alacritate
2122 1138 2176 1183 et
2214 1127 2632 1200 consensu’tum
2665 1131 2919 1200 temporis
2968 1127 3299 1199 perceptum,
3339 1140 3400 1186 ut

1815 1197 2080 1270 Eusebius
2128 1209 2413 1270 memorat,
2439 1199 2668 1270 posteris
2695 1197 2909 1268 quoque
2949 1197 3020 1254 ita
3052 1197 3287 1270 placuit,
3339 1210 3400 1256 ut

1816 1267 2002 1338 eodem
2045 1268 2286 1338 symbolo
2337 1268 2596 1322 columba:
2641 1267 3067 1324 in’catbedrani
3110 1271 3400 1326 involantis

1820 1337 2085 1392 Romana!
2103 1339 2242 1393 sedis
2275 1339 2542 1393 antistites
2569 1338 2832 1407 hodieque
2855 1349 3093 1393 utantur.
3142 1339 3196 1394 In
3228 1341 3397 1396 reteri

1817 1422 2028 1477 quoque
2080 1422 2352 1462 marmore
2415 1417 2628 1476 reperto
2681 1409 2818 1463 intra
2873 1409 3396 1466 cmmetcrium-SS.

1817 1479 1962 1532 Petri
1990 1488 2043 1531 et
2076 1478 2364 1532 Marcellini
2397 1480 2482 1532 via
2516 1477 2806 1540 Lavicana,
2848 1480 2918 1533 ita
2947 1494 3261 1546 expressam
3309 1497 3392 1536 re-

1816 1548 1956 1631 perit
1983 1547 2173 1631 Bosius
2198 1548 2516 1631 cathedram
2540 1549 2926 1631 pontiﬁcalmu,
2955 1549 3085 1603 velis
3113 1550 3236 1631 hinc
3271 1551 3396 1605 inde

1819 1617 2157 1680 instructam,
2187 1627 2242 1672 et
2272 1617 2554 1672 insidentis
2585 1617 2845 1682 columba:
2885 1620 3051 1682 ﬁgura
3098 1620 3279 1676 nimbo
3306 1636 3395 1675 or—

1818 1698 1940 1742 nata
1969 1728 1984 1751 ,
2034 1702 2260 1759 eamque
2297 1688 2541 1743 exhibuit
2591 1687 2900 1759 Aringhius,
2932 1687 3132 1759 nonne
3158 1689 3392 1744 subterr.

1818 1759 1909 1830 lib.
1944 1774 2018 1822 IV,
2048 1773 2166 1830 cap.
2197 1758 2284 1830 id,
2311 1758 2475 1830 etlib.
2510 1775 2582 1823 ιι,
2609 1758 2846 1830 εςιρζάὸ,
2867 1758 3083 1830 Fabiani
3114 1758 3312 1813 factum
3342 1761 3395 1814 in

1819 1828 1906 1882 illa
1935 1828 2196 1952 "aggeris.
2226 1828 2483 1886 Eumdem
2515 1829 2768 1884 consulas
2810 1839 2863 1882 et
2891 1828 3175 1884 Baronium
3211 1833 3276 1884 ad
3300 1845 3398 1884 an-

1819 1913 1942 1952 num
2005 1919 2040 1952 o
2080 1937 2093 1950 .

1817 1913 1942 1952 num
1968 1913 2093 1952 ’Ζῡδο

1885 2004 2048 2058 Linea
2090 2004 2143 2058 4.
2187 2036 2257 2045 —-
2299 2003 2395 2058 llic
2449 2022 2681 2075 regiones
2728 2006 2900 2060 divisit
2943 2006 3248 2062 diaconibus
3274 2048 3288 2070 .
3345 2019 3392 2062 et

1817 2075 1934 2144 fecit
1959 2086 2148 2144 septeni
2179 2076 2544 2139 subdiaconus,
2573 2077 2661 2145 qui
2691 2087 2881 2144 septem
2908 2079 3128 2131 notariis
3157 2079 3396 2132 immine-

1817 2156 1950 2209 rent,
1979 2155 2033 2197 ιιι
2064 2155 2205 2215 gesta
2246 2155 2534 2214 martyrum
2572 2148 2623 2198 in
2659 2147 2858 2216 integro
2895 2147 3210 2216 colligerent.
3259 2149 3392 2202 Acta

1817 2223 2156 2285 martyrum,
2209 2231 2327 2285 (pta:
2373 2218 2608 2268 Anterus
2671 2217 2910 2270 studiose
2971 2217 3391 2285 conquisiverat,

1814 2284 1986 2353 eoque
2010 2286 2223 2339 nomine
2247 2284 2436 2352 iisdem
2471 2285 2796 2354 martyribus
2820 2285 3074 2339 associari
3095 2284 3390 2351 meruerat,

1815 2355 2009 2408 acriori
2037 2370 2164 2427 cura
2199 2355 2391 2427 institit
2429 2353 2806 2427 lt‘abianus,_ut
2835 2355 3088 2427 Ecclesiae
3115 2371 3394 2427 compara-

1817 2437 2026 2479 rentur.
2064 2425 2228 2495 Igitur
2268 2423 2558 2479 Clementis
2587 2425 2743 2495 primi
2793 2425 3042 2495 exempla
3066 2423 3299 2481 sectatus
3328 2428 3396 2482 ah

1816 2492 2178 2567 assignatione
2204 2492 2600 2567 x1v_regiouum_
2632 2492 2790 2549 Urbis
2818 2492 3000 2567 coepit.
3026 2494 3147 2567 Sua:
3171 2496 3391 2567 integri-

1818 2566 1910 2618 tati
1928 2563 1950 2634 ί
1967 2567 2240 2618 restitutas
2291 2563 2450 2618 Urbis
2498 2565 2742 2633 regiones
2781 2563 2916 2634 post,
2949 2563 3393 2620 deformationem

1817 2633 2044 2704 duplicis
2079 2635 2311 2689 incendii
2363 2635 2650 2688 Neroniani
2704 2646 2760 2688 et
2786 2633 3081 2699 Vitelliani,
3136 2636 3395 2692 diviserat

1815 2703 2060 2760 Clemens
2089 2714 2293 2774 septem
2320 2706 2577 2771 notariis;
2619 2721 2738 2774 qum
2761 2705 2952 2759 divisio
2978 2705 3078 2774 sub
3107 2706 3394 2762 Antoninis

1816 2776 2080 2845 custodita
2112 2773 2246 2829 neva
2297 2775 2583 2844 partitione
2612 2773 2715 2828 non
2745 2774 2994 2844 indiguit.
3020 2773 3217 2845 Verum
3271 2785 3395 2845 post

1816 2844 1958 2914 aliud
1983 2844 2282 2900 incendium
2315 2845 2413 2914 sub
2441 2845 2732 2914 Commodo
2751 2885 2765 2906 ,
2817 2861 2917 2914 quo
2946 2844 3191 2913 templum
3239 2844 3394 2899 Pacis

1815 2924 1861 2968 et
1904 2913 2130 2996 plurima
2163 2913 2597 2996 acpulclierrinta
2631 2913 2800 2996 Urbis
2824 2912 3055 2996 redi/icio
3099 2916 3393 2996 conﬂagra-

1818 2994 1957 3046 runt,
1987 2993 2045 3037 ιιι
2073 2993 2257 3037 narrat
2285 2983 2638 3047 Herodianus,
2682 2991 2923 3038 conteste
2953 2984 3114 3038 etiam
3148 2983 3312 3040 Dione
3339 2985 3392 3040 in

1817 3051 1922 3107 ﬁne
1955 3053 2075 3124 libri
2124 3070 2315 3118 LXXlll,
2347 3054 2612 3122 reparatis
2647 3055 2861 3117 iterum,
2897 3053 3224 3124 regionibus,
3259 3064 3394 3109 tota-

133 3127 438 3204 vetustiora
465 3143 494 3180 a
524 3127 755 3204 Duronio
794 3127 1099 3204 recensita,
1143 3134 1197 3179 et
1225 3122 1562 3204 _illudnquod
1591 3122 1712 3204 Flo-
1742 3144 1785 3204 C
1817 3137 1920 3204 que
1982 3122 2147 3204 Urbis
2191 3124 2573 3204 ichnographia
2639 3141 2744 3204 non
2795 3122 2980 3204 modo
3014 3132 3240 3204 curata,
3302 3125 3395 3180 sed

133 3198 403 3252 I'cntinius
432 3207 588 3252 vocat
634 3195 960 3266 Hieronymi,
991 3196 1178 3266 eadem
1206 3195 1575 3266 diereferunt.
1606 3197 1716 3266 An-

134 3268 291 3337 tiqua
323 3266 779 3337 Sacramentaria,
815 3264 1153 3337 Passionales
1197 3264 1428 3337 libri,_et
1475 3264 1718 3319 Missales

131 3333 363 3406 perinde
413 3336 775 3391 consentiunt.
830 3337 1008 3402 Quare
1064 3335 1181 3406 Em.
1230 3333 1474 3389 Norisitts
1525 3337 1718 3406 merito

135 3405 333 3461 scribit
383 3407 434 3459 in
486 3407 703 3462 dissert.
736 3421 793 3462 ιιι
850 3408 917 3460 de
964 3405 1186 3474 cpochis
1221 3405 1714 3474 Syromacedonum

133 3477 288 3530 circa
332 3476 491 3530 linem
519 3494 538 3530 :
577 3495 596 3528 ι
643 3477 838 3531 Decius
881 3473 1024 3530 anno
1059 3473 1272 3530 Christi
1292 3473 1396 3528 “249
1433 3474 1715 3543 imperium

137 3547 360 3610 invasit,
397 3557 458 3600 ut
495 3563 557 3601 ex
586 3544 826 3614 ejusdem
858 3545 1122 3614 rescripto
1157 3545 1450 3598 monstravi
1498 3545 1634 3614 (leg,
1654 3560 1714 3614 ιι,

138 3617 236 3671 lib.
274 3633 345 3679 tv,
381 3617 513 3672 Cod.
567 3612 649 3670 tit.
701 3616 768 3671 16
808 3617 876 3671 de
917 3612 1158 3670 haeredit.
1206 3614 1442 3677 actione,
1473 3612 1559 3667 xv:
1598 3612 1714 3666 Kal.

138 3687 278 3740 Nov.
305 3686 618 3750 Aimiliano,
661 3695 715 3740 et
741 3686 993 3754 Aquilino
1039 3685 1229 3754 coss.).
1269 3684 1425 3737 Anno
1470 3684 1717 3754 proximo

135 3759 172 3812 2
213 3757 250 3810 0
282 3767 401 3811 erat
431 3757 616 3812 Romae
642 3797 656 3817 ,
689 3755 776 3810 ubi
813 3752 883 3809 ‘S.
940 3752 1236 3810 Fabianum
1296 3768 1484 3823 papam
1522 3753 1610 3823 die
1645 3752 1716 3806 ‘20

133 3827 383 3881 Januarii
414 3828 674 3898 martyrio
709 3824 908 3889 affecit,
939 3826 1167 3898 ipsemet
1195 3821 1423 3898 Dee’iout
1464 3821 1719 3898 ct_G_rat_o

139 3913 316 3960 2058.,
354 3905 413 3950 ut
442 3898 496 3951 in
534 3893 762 3952 vetustis
786 3893 1146 3951 monumentis
1187 3893 1571 3949 ecclesiasticis
1595 3893 1721 3963 legi-

142 3978 270 4031 tur;
313 3967 399 4020 ubi
421 3968 586 4021 etiam
612 3965 920 4021 Celerinum
951 3980 1050 4034 pro
1077 3964 1278 4020 Christi
1307 3964 1412 4034 lide
1450 3964 1501 4017 iu
1530 3978 1719 4034 carec-

146 4053 263 4090 rem
296 4036 564 4105 conjecit,
613 4037 677 4091 de
701 4051 810 4106 quo
851 4034 909 4090 S.
942 4033 1243 4106 Cyprianus
1296 4033 1508 4104 epistol.
1552 4033 1622 4088 34
1650 4034 1718 4088 ad

139 4107 350 4170 clerum
381 4106 910 4178 Carthaginensema

675 4231 833 4272 NOTIE
871 4231 1189 4274 HISTORICB.

221 4328 390 4382 lanea
415 4328 469 4382 1.
505 4357 579 4368 -
617 4324 913 4394 Fabianus,
952 4329 1162 4381 natione
1184 4325 1471 4390 Romanus,
1490 4339 1555 4379 ea:
1576 4333 1722 4394 patre

143 4399 340 4452 Fabio.
373 4396 551 4453 Fabiae
579 4398 753 4468 gentis
803 4398 1074 4468 stemmati
1113 4411 1195 4468 (ιιι⁸
1232 4396 1510 4468 natalibus
1552 4395 1724 4449 ascri-

140 4469 381 4552 bondum
409 4465 700 4552 Fabianmn
730 4507 744 4531 ,
769 4475 825 4522 et
857 4468 919 4552 in
965 4467 1124 4552 aliam
1145 4551 1149 4552 γ
1173 4465 1718 4552 familiatuillustr'em
1751 4487 1802 4547 υ
1823 4508 1872 4552 te

142 4538 432 4607 adoptione
454 4547 749 4608 receptum,
781 4546 1198 4608 praeter-nomen
1229 4536 1580 4608 derivativum
1622 4533 1719 4608 Faf

142 4605 342 4663 bianus
365 4625 398 4660 a
422 4619 568 4676 patre
580 4605 851 4672 'lv‘abiario,
877 4607 1152 4662 declarant
1181 4605 1340 4676 etiam
1371 4605 1560 4676 littera:
1588 4605 1717 4661 cieri

147 4679 380 4734 ltonmni
423 4674 489 4732 ad
526 4678 868 4748 Cyprianum
901 4678 1038 4731 datae
1084 4686 1203 4746 post
1246 4674 1360 4748 ejus
1405 4675 1632 4748 obitum,
1665 4677 1716 4730 in

147 4749 348 4817 quibus
394 4744 656 4817 dicitur}
711 4747 1054 4801 nobilissimae
1085 4744 1390 4817 inemorige
1429 4745 1531 4817 vir.
1593 4744 1720 4799 Post

147 4815 432 4872 excessum
462 4816 807 4871 nobilissima;
837 4817 1107 4872 memoria:
1149 4816 1248 4870 viri
1306 4815 1547 4879 Fabiani,
1588 4831 1722 4869 non-

150 4889 279 4942 dum
309 4889 617 4957 episcopum
640 4895 858 4957 propter
885 4896 1183 4956 temporum
1212 4885 1556 4957 dzl'ﬁcultates
1595 4901 1721 4957 con-

149 4955 399 5011 stitutum
455 4955 653 5012 fuisse.’
687 4955 1040 5028 ir’Colligitu’r
1082 4970 1296 5028 quoque
1344 4956 1558 5028 generis
1604 4955 1721 5024 ejus

151 5027 407 5082 nobilitas
435 5043 500 5082 ex
531 5037 646 5081 rata
677 5027 808 5080 cleri
831 5027 1093 5081 sententia
1124 5045 1137 5079 :
1175 5027 1264 5095 qui
1303 5027 1467 5080 certis
1491 5027 1558 5078 de
1591 5040 1722 5079 cau-

152 5098 232 5152 sis
282 5108 639 5168 opportunum
686 5097 1018 5168 judicavcrat
1069 5106 1180 5150 tum
1229 5095 1482 5168 temporis
1527 5095 1724 5168 eligere

153 5164 463 5237 pontiﬁcem
531 5184 563 5221 e
627 5164 851 5220 numero
901 5166 1141 5220 virorum
1195 5164 1452 5220 nobilium
1497 5173 1554 5237 et
1605 5164 1725 5229 illu-

155 5233 388 5303 SIrium,
441 5247 501 5291 ut
559 5237 819 5292 Eusebius
870 5250 1125 5305 expresse
1174 5243 1436 5305 memorat
1497 5233 1589 5288 lib.
1629 5250 1722 5298 γι,

157 5322 280 5376 cap.
309 5308 380 5361 29
411 5307 659 5371 fortasse,
688 5316 746 5360 ut
775 5304 1073 5360 reverentia
1099 5304 1312 5375 generis
1341 5304 1528 5376 minus
1557 5319 1724 5373 expo-

158 5373 323 5431 situm
373 5377 617 5431 redderet
683 5376 976 5429 antistitem
1026 5373 1246 5429 ausibus
1288 5373 1726 5428 administrorum

159 5446 435 5501 Maximini
493 5445 748 5516 praesides
791 5445 1148 5516 Ecclesiarum
1185 5460 1294 5513 pra:
1341 5445 1554 5516 caeteris
1583 5444 1727 5498 insc-

157 5518 377 5573 ctautis.
404 5513 552 5570 Licet
579 5526 756 5570 autem
797 5516 861 5568 de
903 5515 1138 5570 Fabiano
1165 5516 1216 5567 in
1240 5513 1545 5583 pontiﬁcem
1579 5528 1730 5568 assu-

159 5590 359 5643 mendo
394 5604 551 5642 nemo
583 5587 849 5656 cogitaret
886 5585 967 5656 (ut
1011 5585 1274 5656 Eusebius
1316 5584 1496 5654 tradit)
1536 5583 1624 5654 qui
1661 5595 1729 5636 ex

161 5673 293 5726 agro
348 5674 469 5712 cum
524 5658 635 5710 suis
657 5653 982 5710 domesticis
1023 5655 1076 5708 in
1122 5653 1731 5726 Urbcmgrevertebatur

163 5723 298 5781 nihil
335 5729 401 5782 de
436 5729 742 5797 episcopatu
781 5726 1101 5797 meditatus;
1147 5733 1200 5777 et
1239 5723 1446 5797 indicio
1471 5724 1733 5779 columba:

163 5812 324 5868 supra
352 5794 648 5869 ejois'capu't
676 5812 705 5852 e
723 5794 934 5852 sublimi
959 5795 1186 5866 delapsa:
1209 5796 1483 5863 conversis
1512 5802 1730 5864 repente

1817 3194 1980 3264 etiam
2007 3193 2216 3264 publice
2247 3194 2413 3264 incisa
2460 3194 2818 3248 marmoribus
2848 3195 2900 3247 in
2927 3193 3233 3264 pavimento
3265 3204 3396 3249 tem-

1819 3264 1887 3333 pli
1917 3263 2074 3319 Urbis
2102 3263 2340 3333 adriam
2373 3263 2597 3318 Sacram
2641 3265 2820 3329 (hodie
2861 3263 3104 3318 conversi
3139 3264 3190 3316 in
3226 3264 3398 3318 eecle-
3434 3325 3435 3328 η

1818 3332 1951 3388 siam
2004 3334 2103 3390 SS.
2161 3332 2368 3388 Cosmze
2418 3343 2472 3387 et
2528 3333 2796 3399 Damiani,
2854 3333 2944 3388 ubi
3003 3333 3189 3388 eadem
3237 3333 3396 3389 Urbis

1816 3403 2201 3476 ichnographia
2242 3412 2455 3476 reperta
2508 3402 2612 3458 fuit
2658 3404 2856 3459 smeulo
2897 3404 3195 3476 superiori,
3243 3413 3304 3476 ct
3343 3421 3389 3476 7a

1817 3473 1965 3542 card.
1985 3473 2088 3528 'ue
2114 3474 2361 3528 Maximis
2401 3475 2545 3528 edita
2595 3490 2715 3529 cum
2757 3476 2898 3530 notis
2937 3474 3157 3529 Bellonii
3186 3475 3253 3528 ad
3283 3475 3394 3528 tab.

1820 3557 1871 3595 ιν
1923 3543 2261 3597 observantis
2303 3545 2584 3611 vestigium
2629 3544 2757 3598 illud
2811 3546 3038 3599 incisum
3081 3543 3247 3598 fuisse
3297 3544 3398 3599 sub

1819 3612 1985 3682 impp.
2034 3612 2238 3668 Severo
2289 3623 2343 3668 et
2375 3613 2672 3684 caracalla)
2717 3629 2828 3684 non
2867 3614 3075 3668 destitit
3126 3613 3395 3670 Fabianus

1818 3696 2020 3754 septem
2051 3684 2290 3754 notarios
2327 3698 2356 3736 a
2400 3682 2677 3740 Clemente,
2715 3683 2989 3737 institutos
3026 3684 3192 3738 certis
3223 3686 3392 3754 regio-

1818 3768 1944 3805 num
1975 3753 2170 3807 ﬁnibus
2189 3753 2483 3814 destinare,
2517 3761 2575 3806 ut
2607 3762 2904 3819 martyrum
2932 3755 3064 3806 Acta
3094 3753 3395 3807 scriberent

1819 3822 2150 3891 singillatim.
2214 3822 2350 3877 Huic
2404 3823 2618 3892 negotio
2687 3822 2992 3892 diligentius
3057 3823 3398 3892 procurando

1823 3893 2042 3947 totidem
2073 3894 2436 3948 subdiaconos
2463 3892 2756 3962 deputavit,
2804 3892 2894 3962 qui
2943 3892 3172 3947 notariis
3203 3908 3397 3961 prasesc

1820 3972 1941 4017 sent
1976 3971 2071 4018 :et
2107 3964 2175 4016 ad
2204 3964 2518 4017 earumdem
2558 3963 2835 4032 regionum
2884 3962 3190 4016 Christiana
3232 3963 3394 4016 mini-

1821 4033 1987 4087 steria
2037 4033 2381 4102 praestantius
2430 4034 2706 4096 obeunda,
2752 4035 2890 4086 inter
2929 4041 3132 4102 septem
3182 4047 3395 4102 quoque

1820 4101 2076 4159 diaconos
2129 4103 2336 4157 illarum
2377 4117 2641 4157 summam
2689 4103 2888 4156 divisit.
2930 4101 3059 4157 Vide
3093 4117 3211 4170 qua:
3254 4101 3398 4157 dicta

1821 4181 1946 4244 sunt
1978 4174 2032 4227 in
2058 4173 2456 4244 Prolegomenis
2497 4174 2612 4244 sub
2650 4172 2827 4233 linem,
2870 4172 2957 4226 ubi
2980 4172 3071 4244 Ade
3108 4172 3398 4244 partitione

1822 4243 1984 4299 Urbis
2013 4243 2078 4297 14
2103 4241 2351 4312 regiones
2395 4243 2639 4314 Augusti,
2670 4253 2724 4296 et
2773 4241 3086 4314 earumdem,
3112 4243 3178 4296 de
3226 4241 3392 4296 redu-

1820 4315 2000 4370 ctione
2029 4315 2098 4368 ad
2129 4311 2331 4382 septem
2367 4311 2765 4369 ecclesiasticas
2803 4311 2974 4366 fusius
3006 4313 3112 4382 egi.

1895 4426 2058 4481 Linea
2089 4427 2140 4481 6.
2170 4425 2328 4480 —Et
2369 4436 2478 4496 post
2527 4427 2838 4496 passionem,
2865 4424 2998 4493 ejus,
3043 4432 3148 4479 etc.
3186 4421 3398 4496 _Eodent

1876 4514 2048 4566 mpore
2067 4493 2629 4566 supervenit'Novatus
2660 4511 2725 4548 ea:
2765 4495 2964 4564 Africa,
3020 4505 3125 4551 etc.
3182 4493 3257 4548 De
3312 4495 3397 4549 his

1821 4565 2082 4638 agendum
2117 4565 2254 4620 infra
2280 4567 2331 4620 in
2357 4566 2626 4621 Cornelio.

1890 4682 2054 4737 Linea
2083 4683 2168 4736 12.
2198 4713 2268 4721 -
2295 4681 2543 4751 Sepultus
2571 4691 2642 4735 est
2672 4681 2724 4734 in
2751 4680 3040 4734 caemetcrio
3061 4677 3398 4751 Callisti,_ria

1822 4752 2008 4822 Appia.
2051 4751 2182 4807 Vide
2233 4753 2286 4805 in
2318 4747 2716 4822 Prolegomenis
2757 4747 3399 4822 descript._ccen1et_._Ur-

1823 4817 1925 4877 bis.
1976 4823 2032 4877 In
2068 4823 2171 4876 hoc
2217 4835 2373 4875 sacro
2413 4817 2743 4884 ctémeterio,
2799 4817 3134 4888 depositione
3159 4817 3399 4888 Fabiani,

1825 4901 2009 4962 totque
2036 4892 2153 4962 ejus
2199 4892 2558 4962 decessorum_
2591 4905 2656 4962 ac
2706 4887 3074 4962 successorum
3131 4887 3404 4962 consortio

1823 4954 2330 5030 illustrifejusdcm
2379 4954 2656 5030 pontiﬁcis
2697 4967 2760 5030 et
2791 4958 3052 5030 inartyris
3089 4957 3404 5030 memoriam

1824 5027 2231 5102 magniﬁcenter
2259 5027 2494 5102 excoluit
2522 5028 2580 5084 S.
2609 5029 2676 5083 Μ.
2702 5027 3056 5102 Clemenle
3099 5027 3278 5096 amplo
3321 5043 3410 5102 sa-

1812 5097 1961 5156 cello
1989 5118 2018 5155 a
2051 5099 2413 5154 fundamentis
2441 5108 2737 5164 exstructo,
2763 5109 2816 5153 et
2841 5099 3089 5169 pretiosis
3107 5097 3402 5169 marmori-

1825 5170 1924 5225 bus
1948 5211 1962 5234 ,
2010 5169 2242 5224 metallis
2264 5211 2279 5232 ,
2309 5170 2533 5238 picturis
2554 5170 2824 5234 decorato,
2842 5165 2930 5223 'ac
2951 5167 3139 5223 excell.
3193 5165 3409 5220 familia:

1825 5241 2044 5295 Albana:
2072 5240 2371 5294 conditorio
2399 5241 2451 5308 in
2483 5240 2738 5308 hypogaeo
2763 5239 2943 5294 sacelli
2971 5246 3250 5300 excavato,
3304 5251 3402 5305 pro

1827 5311 2022 5365 eximia
2050 5307 2574 5379 pientissimifratris
2597 5307 2799 5363 Horatii
2825 5309 3165 5364 veneratione
3196 5308 3247 5361 in
3270 5321 3406 5379 san-

1827 5389 1942 5460 ctos
1971 5375 2259 5460 martyres,
2285 5388 2338 5432 et
2359 5377 2475 5433 loca
2499 5375 2574 5460 ab
2611 5381 3012 5460 iisleonsecrata
3053 5379 3182 5459 (qua
3204 5377 3410 5432 scilicet

1827 5459 2052 5504 caeteras
2072 5448 2300 5504 virtutes
2329 5463 2454 5503 suas
2505 5449 2571 5503 ad
2611 5449 2906 5504 beatissimi
2935 5448 3185 5503 Germani
3229 5462 3412 5501 exem-

1828 5519 1972 5587 plum
2001 5520 2246 5588 proxime
2273 5519 2592 5588 accedentes
2635 5521 2737 5573 iste
2785 5519 3185 5588 cumulaverat;
3241 5532 3409 5588 quare

1829 5585 1884 5644 et
1925 5585 2144 5654 ibidem,
2182 5599 2238 5642 ut
2276 5585 2575 5657 optaverat,
2626 5591 2840 5643 recondi
2899 5585 3115 5657 meruit)
3155 5595 3208 5640 et
3258 5585 3411 5639 novis

1830 5658 2170 5714 metallorum
2195 5659 2576 5713 additamentis
2605 5670 2852 5713 ornatum
2895 5657 3181 5726 cumplevit
3212 5657 3410 5708 utrius-

1830 5745 1937 5798 que
1990 5728 2205 5798 pietatis
2258 5729 2428 5782 haeres
2469 5729 2635 5782 cmin.
2707 5743 2770 5782 ac
2821 5727 3101 5798 reverend.
3166 5726 3413 5798 prium-ps

1833 5795 2238 5854 Annibal'card.
2271 5799 2508 5867 Albanus
2538 5798 2595 5853 S.
2625 5798 2686 5852 Β.
2717 5798 2776 5852 Ε.
2801 5796 3152 5871 camerarius.
3194 5795 3414 5865 Epigra-
