3954 6318
143 342 286 398 1549

895 338 1212 406 HISTORIA
1255 338 1341 394 DE
1381 338 1558 396 \‘lTlS
1599 337 1765 394 ROM.
1805 337 2007 394 PONT.
2044 367 2110 376 —
2142 337 2200 392 S.
2241 337 2603 395 FABIANUS.

3281 345 3416 402 1550

135 458 196 511 in
236 457 378 511 notis
416 455 771 526 opportunior
808 455 915 511 erit
963 455 1111 526 locus
1131 454 1373 524 ejusdem
1407 454 1612 526 tabellm
1636 469 1719 508 re-
1751 461 1796 518 Α
1827 451 2488 526 regnavit_Cons_tantinus
2517 453 2586 507 Μ.
2617 453 3000 526 imperatorum
3047 452 3412 526 Romanorum

135 528 400 590 ferendze.
433 525 580 582 Illius
615 527 978 581 meminerunt
1034 525 1295 580 Baronins
1325 527 1376 579 in
1423 525 1722 579 Annalibus

132 599 207 650 ad
242 613 370 651 ann.
400 598 454 661 8,
484 597 788 652 Severanus
811 596 877 666 de
906 608 1111 666 septem
1141 596 1301 666 Urbis
1327 596 1571 650 ccclesiis
1595 611 1717 664 pag.

130 669 267 729 (532,
313 665 1061 722 Octavius.Pancirolius’de
1107 665 1352 720 ecclesiis
1400 666 1452 718 in
1505 667 1722 734 regione

131 736 404 792 Montium
437 753 556 809 cap.
589 737 683 804 41,
720 737 922 805 aliique
950 738 1014 790 de
1041 738 1212 792 sacris
1238 735 1508 791 IEdifieiis
1539 737 1720 790 bonne

130 809 463 863 scribentes.

771 897 1086 955 CIACONII.

211 993 376 1048 Linea
410 993 456 1046 Ι.
501 1024 569 1032 —
604 990 891 1056 Fuvianus,
927 993 1137 1045 natione
1172 990 1456 1044 Romanus.
1494 987 1719 1043 Creatus

127 1065 226 1119 die
254 1065 318 1117 l7
347 1062 617 1128 Januarii;
653 1069 775 1118 cum
800 1063 942 1117 enim
974 1076 1162 1117 omnes
1188 1060 1404 1123 fratres,
1429 1074 1590 1114 causa
1620 1059 1716 1112 dc—

128 1133 342 1202 ligendi
375 1133 666 1203 pontificis,
688 1133 741 1187 in
765 1133 1049 1203 ecclesiam
1080 1128 1717 1203 convenissettt,_et_mul-

129 1199 276 1258 tivde
304 1199 481 1257 multis
505 1203 800 1258 illustribus
814 1211 867 1256 et
891 1202 1162 1272 pratclaris
1189 1201 1320 1255 viris
1349 1202 1413 1254 ad
1445 1199 1571 1253 illud
1604 1214 1718 1251 tnu-

127 1292 242 1327 nns
281 1275 585 1328 obeundum
630 1273 840 1342 idoneis
890 1273 1307 1342 cogitarent,tle
1353 1279 1575 1342 repente
1629 1283 1718 1322 co-

121 1345 318 1399 lumba
343 1359 372 1396 e
408 1343 622 1398 sublimi
673 1341 878 1408 volans,
915 1340 1076 1411 capiti
1109 1341 1330 1396 Fabiani
1361 1340 1585 1403 insedit;
1611 1353 1718 1411 quo

124 1415 345 1468 (-mlesti
392 1413 591 1468 indicio
635 1413 810 1467 clerus
861 1410 1180 1475 cominol‘us,
1215 1423 1409 1480 magna
1445 1425 1566 1463 cum
1611 1410 1717 1480 ala-

125 1485 352 1559 critate,
385 1495 439 1539 et
462 1501 578 1559 _uno
613 1483 915 1559 animarum
946 1497 1234 1544 consensu,
1277 1479 1470 1550 dignus
1507 1479 1718 1559 pontifi-

123 1565 262 1608 eatu
289 1555 334 1608 is
361 1553 712 1621 acclamatus,
735 1563 788 1606 ct
816 1555 1018 1620 absque
1042 1567 1190 1605 mora
1220 1551 1568 1621 arreptus,_in
1593 1551 1718 1602 sede

211 1624 420 1679 ntifieia.
438 1619 732 1690 collocatus
759 1632 842 1678 est
872 1627 884 1676 ξ
915 1619 1206 1677 attestante
1234 1620 1467 1675 EuSebio
1497 1619 1590 1672 lib.
1637 1635 1716 1685 ix,

160 1697 280 1749 list.
307 1711 424 1765 cap.
449 1695 540 1748 2‘2.

824 1784 1025 1840 PAClI.

206 1879 374 1932 Linea
403 1877 457 1931 4.
479 1909 550 1918 -
579 1877 682 1944 Qui
712 1886 905 1948 septem
925 1876 1170 1948 notariis.
1191 1874 1323 1930 Cum
1345 1874 1473 1929 olim
1496 1881 1717 1948 sanctus

122 1949 386 2013 Clemens
425 1960 630 2017 septem
679 1945 919 2009 notarios
963 1946 1310 2017 instituisset,
1363 1956 1421 1999 ut
1467 1945 1717 1999 celeriter

123 2021 448 2087 exciperent
470 2015 754 2072 verborum
779 2019 921 2072 notis
943 2025 1092 2087 gesta
1118 2015 1371 2087 dictaque
1396 2026 1714 2086 martyrum,

117 2085 274 2156 janr
304 2089 595 2152 Fabianus,
647 2089 823 2157 inquit
863 2085 1147 2149 Bai-unius,
1189 2085 1546 2140 considerans
1575 2087 1715 2139 hanc

124 2159 408 2214 scribendi
434 2160 694 2213 rationem
718 2173 840 2213 esse
863 2157 1017 2212 valde
1040 2159 1347 2222 obscuram,
1371 2157 1490 2210 ideo
1513 2165 1714 2226 septem

125 2230 361 2283 notariis
386 2229 604 2283 totidem
645 2228 888 2298 praefecit
920 2229 1294 2292 subdiaconos,
1327 2227 1415 2296 qui
1464 2235 1718 2281 curarent

124 2299 335 2354 litteris
363 2300 572 2368 integre
602 2297 887 2368 pet-scribi,
911 2299 1052 2367 quod
1077 2298 1217 2352 notis
1231 2297 1716 2368 compendioseex-

125 2380 352 2438 ceptum
380 2367 539 2423 antea
566 2367 712 2434 erat;
767 2371 979 2424 dicente
1024 2368 1313 2422 Anastasio
1355 2367 1419 2420 ad
1462 2368 1562 2421 hoc
1613 2367 1714 2420 Ρη-

124 2440 355 2494 bianum
381 2439 572 2493 fecisse
601 2449 789 2509 septem
816 2439 1184 2503 sttbttiaconos,
1208 2439 1295 2508 qui
1330 2447 1522 2509 septem
1569 2448 1716 2509 note-

127 2511 228 2563 riis
252 2511 607 2581 imminerent,
630 2507 688 2563 ut
715 2519 1174 2581 gesta_martyrum
1219 2507 1522 2581 in_integro
1571 2507 1718 2573 colli-

125 2589 335 2648 gerem.
360 2579 462 2633 Per
504 2580 669 2633 multa
717 2578 915 2636 siccula
961 2578 1349 2646 perseveravit,
1382 2588 1464 2648 rut
1508 2585 1712 2646 septem

128 2647 348 2704 tantum
395 2651 447 2703 in
502 2649 1028 2705 EcelesiaRomana
1064 2648 1274 2702 diaconi
1322 2647 1712 2714 ministrarent,

125 2721 333 2792 quibus
360 2719 631 2792 Fabianus
653 2721 780 2792 illud
806 2720 1044 2792 muneris
1074 2719 1301 2781 addidit,
1328 2727 1408 2792 Διιι
1456 2726 1716 2792 quatuor-

124 2788 308 2845 decim
376 2790 535 2846 Urbis
594 2791 900 2861 regionibus
932 2796 1244 2861 praeessent,
1297 2788 1519 2856 singulis
1565 2788 1717 2842 binas

123 2861 438 2930 assignans,
489 2869 548 2932 ut
604 2860 895 2932 pauperum
949 2861 1002 2913 in
1049 2861 1129 2913 eis
1182 2860 1486 2932 degentium
1533 2873 1716 2912 curam

123 2928 418 2999 gererent;
448 2931 587 2985 unde
605 2928 928 2991 est'nomen
975 2945 1042 2983 ex
1087 2944 1332 2999 munere
1365 2928 1614 2999 inditum,
1658 2936 1717 2981 ut

123 2997 294 3054 fidem
323 3002 530 3054 diaconi
563 3001 847 3071 regionarii
877 3001 1203 3054 dicerentur.
1246 2997 1515 3052 Fabianus
1568 2998 1720 3071 Chri-

125 3071 368 3124 stianam
389 3069 698 3140 religioném
727 3085 1044 3140 propagare,
1095 3077 1558 3138 propagatamque
1588 3069 1717 3122 tedi-

124 3141 273 3194 liciis
325 3140 600 3195 illustrare
622 3141 846 3205 studuit,
899 3141 1040 3194 unde
1082 3140 1222 3192 idem
1261 3140 1578 3194 Anastasius
1644 3141 1717 3192 ait

123 3227 257 3264 eum
307 3211 471 3264 multa
519 3211 742 3264 mdilicia
805 3213 857 3264 in
913 3207 1240 3265 caemeteriis
1278 3209 1393 3262 fieri
1444 3209 1707 3279 jnssisse:

125 3281 331 3350 quippe
360 3281 410 3334 in
445 3282 649 3352 cryptis
677 3281 940 3335 arenariis
980 3281 1166 3352 subter
1224 3287 1422 3352 terram
1476 3281 1714 3336 latebant

123 3352 375 3422 sepulcra
406 3350 714 3405 Sanetorum
742 3361 1070 3422 martyrum,
1113 3350 1168 3422 in
1197 3350 1392 3419 quibus
1426 3363 1657 3422 synaxes
1685 3367 1714 3405 a

126 3419 382 3477 fidelibus
443 3423 820 3486 habebantur,
879 3419 998 3490 Quae
1042 3419 1295 3490 deinceps
1346 3435 1377 3473 a
1425 3419 1670 3475 fidelibus
1698 3462 1712 3485 ,

123 3493 534 3554 orandi'causa,
577 3489 930 3561 frequentatae
971 3498 1120 3561 sunt.
1180 3489 1455 3543 Privatum
1503 3491 1715 3544 haereti-

126 3577 343 3625 cum,'a
369 3561 597 3619 concilio
625 3559 882 3617 Africano
923 3560 993 3615 90
1039 3559 1413 3630 episcoporum
1461 3561 1715 3630 condem-

127 3641 343 3696 natum,
371 3633 737 3688 ecclesiastica
769 3628 1144 3686 communione
1166 3629 1416 3698 privavit.
1475 3628 1713 3684 Tandem

126 3708 428 3771 imperator
445 3704 657 3766 Decius,
676 3703 766 3756 Dei
789 3701 1159 3771 sacerdotibus
1181 3698 1441 3771 infensus,
1469 3709 1714 3754 sanctum

128 3768 430 3845 Fabianum
456 3783 630 3828 morte
659 3772 944 3845 affecitdie
989 3770 1245 3841 vigesima
1296 3768 1535 3845 Januarii
1589 3772 1713 3845 anni

125 3841 263 3906 250,
313 3854 596 3914 postquam
644 3844 870 3898 sedisset
914 3840 1084 3914 annos
1128 3840 1562 3914 ςιιιξιιιιονάθεί¹ἔ¹ν
1603 3841 1716 3895 dies

125 3909 358 3979 decent;
398 3909 710 3983 ct'qtiinqne
729 3913 1100 3966 ordinationes
1120 3911 1337 3965 fecisset
1376 3909 1718 3983 presbytero-

129 3999 253 4035 rum
280 3983 350 4036 22
389 3994 442 4038 et
476 3979 819 4039 diaconorum
858 3983 912 4046 8,
958 3997 1021 4036 ac
1073 3983 1292 4050 insuper
1339 3979 1615 4050 episcopos
1655 3982 1709 4034 ll

127 4069 230 4121 per
263 4055 472 4110 diversa
523 4055 638 4108 loca
690 4062 960 4119 creasset;
1009 4051 1250 4122 sepultus
1299 4051 1350 4103 in
1407 4054 1718 4109 eoemeterio

125 4123 336 4195 Callisti
368 4126 450 4178 via
482 4126 671 4195 Appia.
806 4160 808 4162 -
1193 4194 1198 4195 ν
1239 4193 1249 4195 ξ
1285 4146 1288 4148 -

206 4194 470 4249 Eusebius
503 4191 817 4250 in'llistoria
839 4193 931 4248 lib.
953 4208 1026 4254 v1,
1046 4208 1164 4264 cap.
1190 4193 1280 4257 54,
1308 4200 1363 4264 et
1380 4191 1717 4264 inChronieo

128 4264 346 4330 scribit,
379 4264 680 4334 Philippum
712 4261 1264 4334 impcratorcm'cum
1308 4261 1553 4334 Philippo
1603 4261 1711 4334 filio

127 4336 501 4389 Christianum
527 4333 806 4402 fuisse;et
847 4343 967 4388 acta
1013 4334 1185 4387 sancti
1234 4333 1410 4388 Pontii
1463 4333 1718 4402 martyris

129 4406 353 4478 docent,
377 4405 670 4478 Fabianum
716 4419 907 4475 papam
959 4406 1146 4478 auritos
1180 4402 1313 4478 illos
1363 4404 1715 4478 imperatores

131 4472 466 4545 baptizasse,
492 4477 687 4544 quibus
716 4472 875 4529 iidem
908 4473 1153 4545 adhibuit
1178 4472 1444 4528 Baronius
1494 4481 1548 4545 et
1593 4487 1713 4539 post

129 4542 260 4598 cuin
293 4545 473 4614 plures
503 4542 742 4600 celebres
772 4546 1093 4615 scriptores,
1142 4544 1284 4615 inter
1327 4558 1476 4615 quos
1519 4542 1712 4615 Petrus

133 4612 322 4686 Daniel
355 4615 580 4670 lluetius
607 4612 903 4686 episcopus
925 4613 1296 4686 Aliricatensis
1325 4613 1419 4686 lib.
1475 4630 1490 4667 ι
1527 4612 1714 4682 Orige-

131 4685 419 4756 nianorum
451 4702 572 4755 cap.
613 4684 668 4749 5—,
709 4703 798 4756 qm
831 4684 1062 4756 Eusebio
1094 4692 1147 4736 et
1177 4684 1410 4756 auctori
1467 4691 1712 4737 actorum

129 4757 309 4809 sancti
333 4753 534 4818 Pontii,
558 4753 758 4810 addunt
781 4755 1002 4810 Paulum
1029 4755 1279 4809 Orosium
1330 4753 1423 4808 lib.
1469 4770 1566 4816 vn,
1593 4768 1712 4824 cap.

131 4825 221 4879 l3.
250 4825 587 4881 Vincentium
637 4826 970 4880 Lirinensem
1015 4825 1106 4879 lib.
1165 4827 1424 4879 adversus
1474 4825 1717 4879 Haereses

129 4910 253 4964 cap.
280 4896 381 4961 25,
446 4907 501 4951 et
549 4906 674 4951 ante
730 4911 822 4952 eos
863 4896 1041 4966 divum
1089 4894 1608 4966 llicronytnumlib.
1650 4896 1717 4949 de

131 4966 338 5035 Script.
362 4966 662 5021 ecclesiast.
688 4983 808 5021 cum
840 4967 906 5020 de
934 4965 1164 5034 Origene
1193 4964 1451 5036 loquitur.
1484 4964 1591 5020 Sed
1619 4980 1715 5019 ve-

133 5037 482 5108 riorlvidetur
511 5038 693 5108 opinio
715 5037 1066 5108 Annotatoris
1112 5037 1327 5108 Baronii
1380 5036 1715 5108 contrarium

132 5107 434 5162 sentientis.
453 5106 676 5162 Constat
695 5108 834 5160 enim
857 5121 922 5159 ex
943 5106 1242 5171 Lactantio,
1265 5107 1496 5161 Eusebio
1516 5120 1714 5172 coaevo,

131 5187 190 5230 et
239 5178 415 5258 Crispi
448 5178 786 5258 Constantini
831 5176 900 5230 Μ.
936 5175 1435 5258 ΙξΙίἰῂρτιιξρυρςονθ,
1488 5178 1564 5256 in.
1591 5191 1718 5246 pro-

134 5246 302 5303 wmio
330 5245 422 5302 lib.
452 5265 468 5304 ι
494 5251 560 5304 de
601 5249 772 5303 lnstit.
806 5263 923 5316 cap.
958 5249 1006 5310 l,
1035 5245 1463 5310 constantinum,
1484 5245 1718 5316 primum

134 5335 204 5374 ex
251 5319 662 5387 imperatoribus
709 5319 925 5374 Christo
970 5332 1162 5371 nomen
1211 5318 1421 5372 dedisse
1467 5332 1480 5370 :
1533 5335 1551 5366 ι
1606 5316 1721 5371 lloc

134 5405 294 5458 opus,
320 5386 510 5458 inquit,
536 5404 677 5444 nunc
701 5388 934 5442 nominis
971 5388 1048 5441 tui
1102 5386 1340 5457 auspicio
1384 5388 1715 5458 inchoamus,

136 5457 488 5515 Constantine
518 5461 812 5529 imperator
837 5459 1096 5522 maxime,
1124 5461 1226 5529 qui
1264 5458 1488 5529 primus,
1521 5457 1718 5511 Roma-

136 5545 331 5585 norum
358 5527 658 5601 principum
699 5529 990 5600 repudiatis
1037 5527 1334 5601 erroribus,
1365 5527 1720 5601 maiestatem

140 5601 236 5656 Dei
265 5597 550 5671 singularis
578 5616 642 5656 ac
673 5597 784 5656 veri
821 5609 877 5654 et
925 5599 1220 5671 cognovisti
1263 5606 1318 5651 et
1364 5597 1659 5671 honorasti.
1685 5616 1714 5671 At

139 5673 284 5725 Idem
314 5666 499 5724 scribit
517 5686 814 5741 anonymus
840 5666 1028 5724 auctor
1051 5667 1393 5741 Vitzesaneti
1441 5666 1718 5741 Pachomii

141 5742 374 5805 abbatis,
409 5741 500 5810 qui
525 5737 718 5811 szectdo
747 5751 941 5808 quarto
969 5741 1130 5795 etiam
1157 5737 1311 5811 vixit,
1341 5738 1392 5791 in
1420 5753 1484 5792 ea
1523 5739 1719 5806 quippe

144 5813 318 5880 capite
343 5813 514 5883 primo
537 5815 609 5866 ait
636 5830 647 5864 :
686 5810 704 5864 ὰ
730 5814 860 5865 Cum
885 5812 1043 5865 finem
1071 5810 1365 5879 accepisset
1395 5811 1713 5876 persecutio,-

1826 521 2033 593 primus
2058 523 2418 593 Christianus,
2461 541 2479 575 ι
2518 533 2624 577 etc.
2652 521 2852 593 Eadem
2887 521 2998 578 fere
3024 523 3186 579 verba
3217 525 3414 584 habent

1823 592 2143 667 gtnbrosius
2179 594 2242 667 in
2263 592 2449 648 funere
2485 592 2773 667 Theodosii
2811 592 3010 667 Magni,
3063 603 3117 667 et
3147 593 3417 667 Sulpicius

1823 664 2094 734 Severus,
2152 663 2246 733 qui
2293 678 2451 734 anno
2484 663 3020 734 quadringentesimo
3061 665 3196 719 duos
3243 663 3420 723 sacrae

1825 733 2076 789 Historia:
2122 735 2289 788 libros
2333 733 2665 803 publicavit;
2725 733 2884 788 sicuti
2939 742 2994 788 et
3049 734 3419 794 Theodoretus

1823 804 1917 859 lib.
1949 819 1998 868 v,
2030 819 2148 874 cap.
2173 805 2262 867 59,
2287 805 2377 858 ubi
2406 805 2688 874 utriusque
2715 803 2948 874 Philippi
2996 805 3407 862 conversionem

1823 875 1909 928 his
1940 873 2116 928 verbis
2143 874 2378 942 explodit
2408 891 2425 945 :_
2451 893 2468 924 ε
2498 873 2636 945 Ante
2660 873 2997 945 Constantini
3026 876 3243 945 maximi
3267 878 3417 945 prin-

1822 945 2058 1014 cipatum
2097 952 2363 1014 quotquot
2412 943 2640 1014 Romani
2687 944 3040 1014 imperatores
3067 943 3284 1001 fuerunt
3322 949 3418 1001 ad-

1823 1013 2012 1069 versus
2060 1013 2281 1084 pietatis
2334 1014 2572 1069 cultores
2620 1013 2805 1068 furere
2856 1029 2962 1069 non
3012 1013 3358 1073 destiterunt.
3389 1038 3409 1070 ι

1822 1086 2089 1157 Praeterea
2119 1085 2779 1157 ethnicorumauctorum
2803 1085 2872 1157 de
2896 1100 3031 1142 nova
3060 1085 3126 1140 ab
3158 1086 3226 1157 iis
3249 1086 3416 1157 impe-

1823 1154 2095 1210 ratoribus
2129 1163 2376 1224 suscepta
2409 1154 2666 1222 religione
2693 1154 2995 1224 silentium,
3027 1163 3081 1208 ct
3121 1154 3412 1212 multorum

1823 1226 2064 1295 insuper,
2121 1235 2232 1279 tum
2260 1223 2693 1279 Christianorum
2746 1235 2940 1294 prmter
2979 1223 3093 1292 jam
3144 1225 3412 1292 laudatos,

1823 1306 1944 1349 tum'
1982 1297 2320 1350 etlmicormn
2350 1310 2668 1357 consensus,
2713 1309 2743 1347 a
2784 1295 2982 1364 quibus
3017 1296 3222 1364 primus
3270 1296 3414 1352 inter

1809 1367 2179 1435 imperatores
2207 1366 2480 1429 Christum
2503 1366 2774 1434 professos
2800 1366 3107 1435 celebratur
3147 1365 3414 1423 Constan-

1826 1434 1988 1506 tinus,
2019 1435 2143 1506 jure
2187 1436 2380 1490 merito
2425 1437 2775 1506 CDllVlllClllll,
2830 1436 3016 1489 ambos
3056 1434 3331 1506 Philippos
3379 1454 3411 1493 a

1821 1504 2142 1561 Christianis
2173 1506 2417 1574 partibus
2445 1504 2609 1560 fuisse
2638 1504 2862 1559 alienos.
2919 1506 3080 1560 Certe
3137 1504 3210 1562 sil
3235 1509 3396 1564 fidem

1820 1575 2051 1644 professi
2095 1575 2341 1638 fuissent,
2394 1575 2684 1630 verisimile
2743 1591 2845 1628 non
2898 1585 2982 1630 est
3037 1577 3297 1632 taciturus
3355 1579 3409 1634 id

1822 1647 1990 1702 fuisse
2016 1647 2262 1700 ethnicos
2286 1645 2598 1714 scriptores.

1891 1736 1970 1790 Ad
2012 1739 2124 1790 haec
2169 1739 2453 1805 respondet
2489 1735 2713 1791 lluetius
2755 1738 3025 1792 initiatum
3064 1737 3266 1794 Christi
3309 1754 3399 1794 sa-
3465 1769 3468 1771 -

1745 1815 1790 1872 Β
1819 1807 2231 1889 crisal’abiano
2248 1806 2575 1889 papa‘fn‘isse
2597 1807 2932 1889 Pliilippttn‘t,_
2947 1809 3039 1889 sed
3063 1811 3293 1875 occulte,
3319 1810 3406 1889 ill-

1821 1894 1926 1948 que
1949 1877 2084 1948 clam
2113 1875 2360 1931 ethnicos
2387 1875 2657 1942 habuisse,
2681 1875 2749 1931 ne
2770 1875 2897 1947 quid
2921 1879 3044 1932 inde
3075 1894 3159 1934 res
3180 1894 3290 1934 sua:
3315 1881 3406 1934 de-

1821 1947 2060 2020 trimenti
2085 1955 2364 2020 caperent,
2403 1949 2822 2020 qpas'pristina:
2866 1949 3142 2020 religionis
3182 1949 3408 2018 ejurata:

1818 2020 1960 2072 fama
1983 2016 2206 2072 forsitan
2239 2016 2635 2088 eontttrbasset.
2668 2018 2773 2073 Sed
2804 2019 2916 2072 hzec
2949 2016 3227 2088 t'éSponsio
3265 2021 3409 2074 dirc-

1815 2101 1902 2143 ‘cte
1926 2089 2246 2158 adversatur
2280 2087 2532 2158 Eusebio,
2563 2089 2654 2158 qui
2706 2089 2758 2142 in
2791 2087 3245 2144 llistoria’scribit
3279 2089 3408 2144 Phi-

1819 2159 2018 2227 lippum
2049 2157 2260 2229 pnblicc
2288 2158 2341 2211 in
2387 2157 2679 2213 Ecclesium
2716 2174 2744 2210 a
2774 2159 2974 2229 Babyla
3014 2160 3266 2229 episcopo
3292 2163 3406 2214 An-

1821 2229 2070 2283 tiocheno
2097 2228 2412 2292 admissum,
2451 2230 2820 2298 precationum
2870 2228 3208 2298 participem
3239 2231 3405 2284 fuisse

1821 2301 2044 2365 facttnn,
2072 2306 2353 2368 postquam
2379 2300 2603 2352 crimina
2631 2300 2910 2353 confessus
2936 2304 2989 2352 in
3021 2301 3402 2368 paenitemium

1818 2371 2060 2424 ordinem
2107 2370 2355 2423 redactus
2390 2379 2490 2423 est.
2526 2369 2636 2423 Nec
2665 2377 2750 2423 est
2788 2370 2932 2436 quod
2992 2371 3134 2423 dicat
3179 2369 3404 2424 lluetius

1818 2440 2106 2510 Eusebium
2135 2439 2184 2492 id
2209 2454 2239 2492 a
2262 2439 2454 2510 Babyla
2482 2439 2680 2492 factum
2703 2454 2768 2492 ex
2789 2441 2990 2510 incerta
3014 2440 3295 2510 auditione
3318 2455 3406 2494 re-

1822 2505 2028 2574 tulisse,
2050 2525 2172 2563 cum
2199 2505 2660 2578 dicatffama'est;
2690 2511 2733 2563 si
2756 2510 2898 2561 enim
2924 2509 2972 2561 id
3003 2509 3146 2562 fama
3173 2511 3402 2575 ferebat,

1819 2597 1885 2634 ex
1909 2595 1974 2634 eo
2006 2580 2308 2649 oppositum
2339 2579 2454 2646 ejus
2484 2581 2763 2633 sententia:
2796 2580 3151 2644 convincitur,
3201 2580 3403 2648 Philip-

1818 2666 1942 2721 pum
1967 2651 2306 2721 scilicetnon
2331 2651 2495 2721 fuisse
2520 2652 2718 2703 occulte
2744 2650 3130 2721 Christianum,
3155 2651 3249 2705 sed
3274 2665 3402 2704 con-

1819 2720 2122 2775 versionem
2151 2720 2269 2791 ejus
2293 2720 2545 2791 omnibus
2569 2721 2882 2774 innotuisse.
2912 2720 3112 2774 Deinde
3128 2736 3247 2791 non
3274 2733 3404 2775 con-

1818 2791 2043 2862 veniunt
2072 2789 2331 2862 Duronius
2362 2799 2416 2844 et
2447 2789 2671 2862 lluetius
2713 2805 2820 2860 quo
2846 2799 3098 2862 tempore
3126 2789 3403 2862 Philippus

1819 2860 2021 2915 Christi
2073 2861 2370 2915 doctrinam
2419 2860 2696 2930 amplexus
2723 2859 2810 2915 sit.
2843 2859 3104 2914 llaronius
3135 2861 3187 2915 id
3230 2859 3402 2915 conti-

1821 2932 1964 3000 gisse
1989 2932 2139 2993 dicit,
2163 2947 2285 2984 cum
2310 2929 2596 3000 sa:c_nlarcs
2626 2929 2802 2985 Ludos
2826 2930 3095 2996 exhibuit,
3125 2945 3266 2984 anno
3297 2930 3404 2986 sci-
3495 2997 3498 3000 .

1823 2998 1947 3054 licet
1975 3000 2100 3064 247,
2137 3000 2356 3071 lluetius
2381 2998 2509 3055 vero
2543 3003 2643 3056 sub
2665 3003 2774 3071 ipsa
2813 3000 3023 3071 imperii
3051 3001 3224 3064 initia,
3257 3000 3405 3071 ideo:

1823 3087 1926 3139 que
1951 3086 2091 3126 anno
2115 3070 2244 3135 244,
2277 3085 2383 3140 quo
2408 3070 2708 3126 Antiochia:
2736 3080 2870 3125 erat.
2903 3070 2983 3124 Ad
3011 3080 3260 3124 neutrum
3297 3070 3400 3125 dici

1822 3151 2030 3210 potest;
2065 3157 2169 3194 non
2199 3142 2414 3210 quidem
2433 3142 2704 3210 primum;
2730 3148 2940 3194 Constat
2983 3141 3149 3206 enim,
3180 3147 3238 3193 ut
3277 3156 3404 3194 mox

1819 3212 2154 3276 ostendetur,
2191 3212 2488 3280 l'hilippum
2526 3227 2674 3266 more
2702 3210 3055 3266 Ethnieorum
3106 3211 3402 3280 imperato-

1817 3299 1934 3336 rum
1986 3281 2165 3336 Ludos
2204 3283 2490 3336 smculares
2516 3282 2854 3336 celebrasse:
2891 3295 2990 3335 nec
3009 3281 3173 3334 etiam
3206 3295 3402 3335 secun-

1817 3355 1967 3417 dum,
1993 3368 2112 3406 cum
2145 3352 2372 3422 ipsemet
2397 3351 2620 3407 lluetius
2647 3369 2711 3405 ex
2761 3353 2860 3405 hoc
2904 3350 3066 3422 fateri
3096 3361 3399 3419 cogeretur,

1816 3439 1939 3478 emn
1968 3421 2373 3491 postea’iternnt
2408 3423 2472 3476 ad
2502 3423 2756 3477 vomitum
2779 3421 3024 3486 rediisse,
3053 3422 3400 3475 ascendendo

1816 3493 2138 3572 Capitolium
2186 3492 2516 3572 etus-ictim‘as
2563 3493 2907 3572 immolando,
2941 3492 3407 3572 quodnutrumque

1819 3563 1945 3616 fecit
1998 3579 2141 3616 anno
2192 3562 2296 3614 247
2349 3563 2400 3614 in
2451 3563 2797 3615 smcularibus
2843 3561 3026 3616 Ludis.
3079 3562 3157 3615 Ex
3207 3563 3406 3630 quibus

1793 3632 2061 3701 sequitur
2083 3631 2406 3700 Philippum,
2441 3648 2539 3685 nec
2570 3633 2778 3699 imperii
2805 3633 2886 3684 sui
2929 3632 3103 3696 initio,
3128 3647 3228 3686 nec
3256 3642 3404 3685 ante-

1818 3718 1979 3772 quam
2011 3701 2189 3755 Ludos
2211 3701 2499 3756 saeculares
2518 3703 2820 3768 exhiberet,
2847 3702 3064 3755 Christo
3093 3715 3289 3754 nomen
3315 3706 3398 3755 de~

1817 3776 1983 3826 disse.

1890 3841 2178 3895 Baronium
2243 3851 2297 3895 et
2362 3841 2612 3896 lluetium
2691 3840 2756 3895 ad
2817 3841 3034 3897 Eusebii
3095 3841 3405 3910 opmionem

1821 3914 2070 3966 tnemlam
2099 3913 2428 3981 pertraxissc
2450 3913 2698 3966 videntur
2721 3921 2840 3965 acta
2867 3913 3038 3966 sancti
3060 3911 3238 3966 Pontii
3264 3928 3408 3964 mar-

1821 3984 1974 4053 tyris,
2005 3997 2032 4034 a
2067 3984 2342 4052 Stephano
2373 3982 2590 4036 Balnzio
2612 3992 2794 4051 postea
2821 3997 2887 4036 ex
2932 3983 3102 4053 tribus
3129 3982 3407 4037 codicibus

1819 4052 1945 4107 lllss.
1996 4053 2330 4107 bibliotheew
2357 4053 2678 4106 (iolbertina:
2719 4053 2808 4105 lib.
2859 4068 2894 4105 n
2937 4052 3404 4107 Miscellaneormn

1819 4122 2107 4192 publicata.
2159 4123 2262 4176 Sed
2300 4132 2586 4177 annotator
2615 4122 2830 4176 Baronii
2878 4137 2940 4176 ea
2991 4123 3146 4192 longe
3181 4133 3301 4191 post
3344 4125 3403 4176 S.

1819 4194 1992 4247 Potitii
2025 4195 2343 4262 martyrimn
2373 4194 2572 4261 scripta
2616 4193 2803 4256 fuisse,
2852 4202 2902 4246 et
2930 4193 3178 4262 scriptori
3210 4205 3406 4247 comta-

1820 4279 1920 4317 neo
1942 4265 2114 4316 atlicta
2142 4265 2363 4332 ptobat;
2395 4269 2532 4315 unde
2565 4262 2826 4316 Batonius
2884 4263 2997 4332 ipse
3029 4267 3227 4316 fatetur
3252 4263 3404 4332 pluta

1821 4334 1872 4386 in
1916 4335 1980 4387 iis
2024 4333 2160 4387 aclis
2206 4343 2458 4387 contenta
2491 4334 2784 4386 desiderari
2830 4336 2972 4403 apud
3017 4332 3402 4396 Mombritium,

1818 4419 1982 4472 seque
2012 4414 2202 4472 putare
2253 4420 2314 4457 ea
2356 4403 2422 4456 ab
2452 4403 2630 4472 aliquo
2659 4403 2822 4457 fuisse
2851 4404 3049 4456 addita.
3083 4404 3153 4456 At
3195 4417 3255 4456 ea
3298 4419 3405 4458 non

1820 4477 1991 4529 solmn
2019 4489 2138 4528 esse
2181 4473 2443 4539 fabulosa,
2488 4474 2579 4528 sed
2617 4477 2777 4528 etiam
2810 4488 2929 4528 esse
2972 4472 3207 4528 auctoris
3250 4483 3403 4528 acto—

1749 4527 1793 4584 D
1821 4527 1959 4607 rum,
1992 4527 2096 4598 non
2149 4558 2277 4598 vero
2326 4527 2551 4611 alicujus
2583 4527 3004 4614 interpolatoris,
3029 4527 3405 4614 demonstrant

1817 4615 2082 4669 editiones
2111 4615 2310 4668 Baluzii
2358 4625 2412 4668 et
2460 4613 2840 4683 Bollandi,’qui
2886 4614 2952 4667 ad
2995 4615 3135 4669 diem
3183 4613 3248 4667 M
3279 4613 3401 4667 Maii

1816 4700 1876 4737 ea
1908 4686 2069 4738 etiam
2104 4685 2411 4753 publicavit,
2447 4687 2512 4738 ad
2560 4688 2717 4738 fidem
2763 4699 2894 4738 mss.
2933 4684 3287 4739 concinnatae.
3325 4685 3399 4737 Ex

1818 4754 1883 4809 iis
1907 4756 2087 4824 itaque
2117 4760 2252 4808 actis
2281 4755 2412 4808 nihil
2454 4757 2592 4809 hanc
2638 4755 2688 4806 in
2721 4769 2830 4806 rem
2866 4755 2982 4808 erui
3021 4755 3215 4824 potest.
3246 4754 3400 4820 Quod

1818 4823 2015 4882 attinet
2047 4827 2113 4879 ad
2138 4826 2448 4890 Eusebium,
2494 4826 2575 4878 vel
2607 4825 2724 4892 ejus
2753 4824 2984 4878 Historia
3015 4827 3082 4879 ab
3109 4823 3288 4893 aliquo
3320 4836 3404 4878 est

1818 4897 2162 4965 interpolata,
2195 4896 2334 4950 sicut
2363 4895 2484 4965 ejus
2514 4896 2816 4949 Chronicon
2861 4897 2927 4947 ab
2951 4895 3291 4965 Hieronymo,
3317 4896 3401 4949 vel

1819 4963 1979 5023 certe
1996 4965 2142 5020 falsis
2172 4963 2477 5019 rumoribus
2501 4967 2754 5034 deceptus
2776 4973 2877 5019 est.
2897 4965 2952 5018 In
2967 4963 3234 5034 Chronico
3255 4966 3398 5034 enim

1819 5038 2070 5106 supponit
2099 5036 2150 5088 in
2183 5035 2547 5106 celebratione
2591 5033 2862 5106 Ludorum
2895 5033 3236 5088 saecularium
3275 5033 3402 5089 Phi-

1817 5104 1948 5178 lippi
1971 5106 2122 5174 plura
2149 5104 2500 5174 gentilitatem
2531 5105 2822 5178 redolentia
2846 5112 3061 5178 peracta
3091 5105 3399 5178 esse,_qttotl

1820 5174 2102 5232 manifeste
2129 5184 2388 5245 repugnat
2416 5175 2709 5245 narrationi
2744 5176 2865 5229 libri
2893 5174 3190 5245 sexti__cjtts
3219 5174 3405 5229 [listo—

1820 5248 1934 5302 τίω.
1977 5247 2160 5314 Quoad
2191 5243 2546 5300 ’Vineentium
2598 5244 2972 5307 Lirinenscm,
3024 5243 3402 5298 Cassiodorum

1819 5329 1873 5373 et
1925 5317 2091 5378 alios,
2148 5317 2238 5386 qui
2288 5315 2592 5386 Philippum
2645 5315 3008 5370 Christianum
3060 5315 3224 5386 fuisse
3280 5330 3403 5384 per-

1820 5403 2035 5443 suasum
2096 5385 2330 5440 habuere
2365 5426 2380 5451 ,
2437 5385 2511 5438 illi
2574 5385 2627 5439 in
2690 5400 2933 5456 errorem
2993 5385 3148 5440 tracti
3195 5395 3322 5456 sunt
3369 5400 3402 5440 a

1820 5456 2240 5580 PaulodOrosio;
2292 5457 2382 5510 aui
2427 5464 2482 5510 et
2521 5456 2633 5526 ipse
2670 5455 2927 5526 deceptus
2973 5465 3072 5520 est,
3118 5455 3401 5516 utstatim

1821 5537 1972 5580 esten
2014 5544 2065 5580 ο.

1821 5537 2065 5584 ostendo.

1892 5598 2019 5667 Ejus
2046 5597 2208 5650 verba
2237 5595 2353 5667 loco
2373 5594 2591 5651 laudato
2615 5596 2730 5651 haec
2754 5605 2879 5652 sunt
2905 5614 2917 5650 :
2959 5615 2977 5648 ι
3010 5596 3173 5651 Ludis
3197 5596 3402 5667 magni-

1823 5666 1942 5721 ficis
1965 5666 2376 5737 augustissimus
2395 5667 2636 5720 omnium
2665 5669 3056 5737 prtetcritorum
3088 5667 3173 5721 hic
3205 5666 3398 5718 natalis

1822 5738 2034 5810 (nempe
2064 5737 2211 5790 urbis
2244 5736 2446 5810 lltllllﬂ‘)
2478 5736 2719 5810 annusa
2748 5738 3056 5810 Christiano
3070 5737 3398 5810 Δἱειιρριῇιιοιῖ)

1823 5806 2123 5863 celebratus
2144 5818 2244 5861 est.
2270 5806 2378 5861 Nec
2407 5807 2625 5862 dubiutn
2652 5818 2733 5862 est
2768 5809 2894 5878 quin
2949 5807 3218 5875 Philippus
3243 5807 3398 5873 hujus
