3954 6318
1474 221 1633 232 ν---

106 321 251 381 Ξνὲὸὸ
917 318 1238 374 HISTORIA
1276 318 1366 375 DE
1405 316 1578 373 VITIS
1616 314 1779 371 R031.
1824 311 2021 368 PONT.
2056 343 2124 352 —
2164 311 2220 371 Ξ.
2263 308 2668 367 CORNELIUS.
3233 309 3370 367 ίῧῦι

94 438 367 504 judicium
398 436 448 490 in
476 433 652 488 Africa
684 430 947 504 prolatum
996 447 1024 484 a
1052 429 1281 504 concilio
1312 428 1686 499 episwpormn
1716 442 1765 499 Α
1792 427 2095 499 accederet,
2118 436 2171 479 et
2201 424 2386 504 Belum
2407 425 2546 504 apud
2569 423 2800 504 tribunal
2836 423 3065 504 S.'snedis
3092 422 3212 504 viva
3240 439 3372 480 voce

102 490 307 576 curatve
334 490 965 576 bmreticupt'i’rivatnm
1004 520 1026 576 ε.
1053 519 1072 551 ι
1107 490 1398 576 Privatum
1448 490 1686 576 veterem
1716 490 1765 499 ’“
1793 514 1851 576 se
1880 498 2137 576 purgaret
2186 496 2252 550 de
2291 490 2515 563 objectis
2534 494 2881 576 criminibus.
2931 490 3287 576 Consequitur
3317 506 3378 576 ut

103 562 427 633 limieticum
472 577 528 629 in
581 562 897 627 Labesitana
946 570 1154 625 colonia
1202 578 1325 623 ante
1356 568 1551 622 mullos
1573 568 1685 622 lere
1760 569 1848 623 id
1875 562 2135 628 evenerit,
2184 581 2306 620 cum
2346 562 2637 620 secundum
2684 566 2785 633 iter
2825 573 3128 633 susceptum
3170 562 3268 618 l‘uit
3308 565 3377 619 ad

102 632 287 702 annus
310 646 377 701 ob
405 644 568 700 multa
592 653 646 697 et
667 642 850 713 gravia
875 640 1068 695 delicta
1095 640 1383 709 nonaginta
1409 639 1687 713 episcopo-
1793 639 1982 713 urbem
2014 635 2349 713 ab_{_)_rigen_e_
2364 651 2459 704 per
2478 632 2939 713 mtatemflotirj,
2961 632 3197 713 scholam
3247 644 3375 688 tunc

103 732 235 774 rm
291 715 557 771 sententia
605 704 1046 775 condemnatum;
1094 704 1496 764 antec'essoruin
1524 704 1685 762 etiam
1794 708 1849 761 in
1875 707 2018 761 Urbe
2054 704 2473 776 philosophicam
2511 705 2764 774 regentis.
2816 722 2833 755 ‹
2876 704 3082 776 Scribit
3111 713 3375 776 prseterea

102 772 446 848 nostrorum,
493 784 633 853 quod
662 790 717 836 et
746 791 978 835 vestram
1009 772 1393 853 conscientiam
1422 795 1527 832 non
1560 778 1690 853 latet
1795 777 2034 853 Fabiano
2056 772 2341 853 episcopo
2390 772 2615 845 aliisque
2682 774 2965 853 permultis
3003 772 3377 853 licelesiarunt

101 856 337 911 Fabiani
364 842 636 911 et'Donati
668 853 863 907 litteris
906 851 1246 905 severissime
1295 868 1313 899 ι
1349 857 1590 902 notatum
1628 846 1687 902 S.
1797 842 2211 916 prmsidibus'de
2255 842 2350 899 sua
2375 842 2544 916 recta'
2570 842 2946 916 etortliodoxa
2984 846 3050 897 de
3087 842 3191 916 [ide
3214 843 3377 916 Chri-

99 927 369 997 Cyprian.
398 926 555 995 epist.
586 923 675 987 59,
706 922 833 997 edit.
864 921 1036 976 Oxon.
1064 919 1286 997 Constat
1312 918 1691 997 etiam_0rige-
1794 911 1969 997 stiana
1999 916 2285 997 sententia.
2322 915 2565 997 illuseb.
2595 915 2738 997 hist;
2760 915 2849 997 lib:
2884 930 2961 997 v1,
2984 927 3101 994 cap.
3130 912 3220 993 2t).
3246 911 3382 997 Vide

99 981 241 1050 nem
272 997 337 1050 ad
371 981 493 1050 etim
528 981 928 1063 perscripsisse,
954 1001 1032 1063 ut
1056 991 1287 1063 prepriae
1326 988 1583 1043 doctrinm
1602 981 1692 1063 iac
1794 986 1992 1063 Daren:
2022 985 2099 1063 ad
2120 983 2464 1063 a_nn_um_248,
2512 1001 2660 1063 pum.
2803 981 3138 1063 Porphyrius
3166 983 3220 1036 in
3254 981 3380 1063 Vita

103 1066 237 1119 ﬁdei
266 1051 544 1135 specimen.
594 1051 832 1135 ejusdem
870 1051 1073 1135 judicio
1100 1051 1388 1129 subjiceret
1418 1076 1430 1111 :
1469 1073 1569 1112 nec
1595 1058 1691 1135 de_-
1794 1055 2013 1135 Plotini.
2060 1055 2381 1135 Valesiusjn
2413 1055 2556 1109 notis
2584 1055 2649 1135 ad
2694 1056 2892 1135 Euseb.
3027 1051 3381 1135 C|.t.r0n..-Ale-

101 1144 243 1189 sunt
286 1122 577 1206 scriptores
610 1122 698 1202 qui
752 1133 854 1186 hoc
870 1122 1045 1206 etiam
1094 1122 1395 1206 memorent
1435 1129 1693 1206 superad-
1798 1126 2071 1206 gandring
2098 1135 2155 1180 et
2268 1124 2921 1206 Clirysostornipuctorit.
2968 1122 3297 1206 Plagii‘e'rit.
3324 1122 3377 1175 in

102 1206 370 1269 deadum,
395 1190 595 1274 'nempe
626 1190 1117 1274 lmncpontilicenr
1131 1215 1235 1274 non
1262 1198 1395 1251 satis
1426 1190 1693 1274 ea'decla-
1794 1196 1996 1274 Annal.
2024 1194 2243 1274 B_aron_i_i_
2282 1195 2349 1250 ad
2381 1190 2607 1274 'anuum
2627 1194 2772 1274 Δ249,
2823 1209 2970 1249 num.
2998 1190 3072 1259 ϐξ
3102 1200 3158 1247 et
3185 1190 3380 1261 Fleury

102 1275 329 1332 ratione
353 1265 662 1331 contentum
709 1265 963 1338 voluisse,
996 1279 1052 1325 ut
1078 1268 1341 1342 Origenes
1384 1266 1454 1323 ad
1503 1268 1693 1323 urbem
1798 1267 1926 1321 hist.
1956 1265 2159 1319 Eccles.
2192 1265 2283 1321 lib.
2306 1281 2380 1329 vr,
2412 1282 2559 1320 num.
2586 1265 2674 1319 16.

1046 1620 1303 1698 XXII.
1361 1614 1820 1696 SANCTUS
1869 1615 2476 1709 CORNELIUS,

1226 1832 1395 1874 nam
1436 1833 1679 1876 cuntsrt
1713 1813 1852 1885 351s,
1898 1830 2068 1873 pecu
2114 1830 2247 1872 me.
2292 1812 2349 1871 2.

1558 2000 1814 2015 *-

355 2118 467 2194 22
549 2123 917 2202 Cornelius,
991 2129 1244 2191 natione
1298 2128 1653 2207 Romanus,
1719 2147 1799 2194 ex
1862 2135 2038 2210 patre
2100 2128 2415 2203 Casttno,
2486 2124 2653 2189 sedit
2711 2138 2915 2187 annos
2979 2129 3149 2197 tres,
3210 2140 3376 2182 men-

276 2238 373 2283 ses
404 2223 583 2299 duos,
625 2224 754 2287 dies
790 2226 988 2288 decem
1045 2243 1072 2271 ⁸
1138 2227 1458 2309 Martyrio
1516 2236 1880 2291 coronatur.
1932 2237 1961 2277 δ
2022 2226 2154 2290 Sub
2209 2226 2393 2306 cujus
2458 2224 2831 2309 episCOpatu
2898 2222 3181 2283 Novatus
3243 2221 3379 2281 No-

287 2324 613 2388 vatianum
670 2333 849 2391 extra
914 2325 1264 2390 Ecclesiam
1316 2302 1663 2391 vordinavit
1696 2372 1714 2404 ,
1804 2333 1868 2391 et
1922 2326 1991 2391 in
2046 2302 2761 2389 Africa'Nicostrtitum.
2813 2323 2949 2384 Hoc
3000 2320 3164 2384 facto
3228 2336 3379 2381 con-

278 2422 559 2487 fessores
628 2426 743 2506 qui
814 2445 884 2489 se
947 2435 1409 2509 separaverunt
1490 2445 1525 2491 a
1608 2426 1907 2491 Cornelio
1981 2442 2131 2488 cum
2207 2424 2489 2487 Maximo
2562 2420 2964 2500 presbytero,
3035 2418 3147 2499 qui
3227 2436 3376 2479 cum

193 2523 237 2581 5
283 2523 502 2602 Moyse
574 2523 722 2601 fuit,
784 2527 864 2590 ad
930 2527 1279 2591 Ecclesiam
1338 2531 1489 2589 sunt
1542 2525 1785 2588 reversi
1839 2530 1901 2588 et
1945 2523 2093 2587 facti
2166 2528 2322 2585 sunt
2382 2520 2786 2584 confessores
2843 2518 3088 2582 ﬁdeles.
3149 2537 3173 2565 c
3232 2519 3381 2579 Post

284 2621 405 2685 hoc
432 2624 775 2687 Cornelius
806 2626 1149 2707 apiscepus
1191 2626 1654 2690 Centumcellis
1709 2625 1740 2667 ἀ
1796 2625 2023 2705 pulsus
2080 2631 2205 2697 est,
2264 2629 2327 2686 et
2387 2622 2480 2685 ibi
2542 2622 2841 2701 scriptam
2904 2620 3240 2700 epistolam
3300 2620 3380 2683 de

282 2742 399 2789 sua
458 2727 971 2804 conﬁrmatione,
1034 2729 1299 2791 missam
1352 2748 1386 2792 a
1445 2728 1794 2810 Cypriane,
1864 2744 2056 2806 quam
2119 2724 2482 2804 Cyprianus
2536 2722 2603 2785 in
2655 2738 2907 2785 carcere
2961 2721 3264 2801 scripsit,
3320 2730 3384 2785 et

282 2824 362 2886 de
414 2826 713 2888 Celerino
768 2826 1007 2891 lectore
1070 2829 1356 2907 suscepit
1420 2846 1471 2892 ε.
1528 2830 1654 2891 Hic
1712 2826 2099 2906 temporibus
2150 2827 2282 2886 suis
2340 2831 2602 2903 rogatus
2667 2844 2705 2883 a
2766 2821 3035 2904 quadam
3088 2830 3380 2884 matrona

283 2921 524 2984 Lucina
570 2965 588 2995 ,
687 2941 960 3003 corpora
1028 2926 1463 3005 apostolorum
1532 2926 1709 2987 Petri
1787 2934 1843 2987 et
1902 2925 2145 2997 Pauli,
2236 2925 2308 2985 de
2395 2924 2790 2986 Catacumbis
2866 2923 3093 2985 levavit
3156 2933 3372 2986 noctu.

161 3020 242 3080 10
282 3016 562 3080 Primum
592 3020 838 3100 quidem
872 3041 1103 3103 corpus
1152 3024 1317 3085 beati
1366 3023 1555 3085 Pauli
1617 3026 1798 3087 beata
1851 3024 2092 3087 Lucina
2131 3024 2350 3102 posuit
2407 3025 2474 3085 in
2518 3024 2760 3103 prwdio
2823 3043 2939 3084 suo
2990 3025 3094 3084 via
3141 3023 3385 3084 Ostien-

283 3116 340 3177 si
394 3116 473 3178 ad
533 3116 745 3190 latus,
812 3119 923 3181 ubi
988 3118 1331 3182 decollatus
1404 3131 1515 3186 est.
1600 3124 1849 3184 Beatus'
1906 3139 2058 3184 vero
2136 3122 2467 3184 Cornelius
2527 3124 2857 3203 episcopus
2934 3125 3178 3203 accepit
3243 3142 3384 3187 cor-

296 3235 417 3298 pus
472 3219 642 3285 beati
708 3222 876 3283 Petri
920 3223 1224 3301 apostoli,
1274 3231 1329 3284 et
1383 3224 1601 3303 posuit
1645 3225 1844 3304 juxta
1895 3220 2103 3284 locum
2152 3223 2262 3284 ubi
2309 3224 2656 3303 cruciﬁxus
2690 3232 2775 3283 est
2815 3269 2833 3299 ,
2892 3225 3055 3285 inter
3113 3243 3387 3303 corpora

284 3328 643 3380 sanctorum
684 3320 1155 3400 episcoporum
1220 3322 1287 3382 in
1351 3322 1575 3401 templo
1659 3322 1978 3401 Apollinis
2058 3324 2126 3383 in
2206 3323 2481 3383 Montem
2576 3324 2849 3385 Aureum
2934 3324 3001 3385 in
3083 3324 3381 3386 Vaticano

288 3415 527 3478 Palatii
581 3415 935 3479 Neroniani
988 3438 1049 3480 vr
1111 3418 1383 3481 Kalend.
1446 3420 1625 3482 Julii.
1680 3421 1702 3460 ί
1778 3420 1931 3482 Post
1985 3421 2100 3483 hoc
2160 3422 2386 3485 eodem
2467 3430 2755 3502 tempore
2811 3423 3085 3487 audiens
3145 3426 3383 3487 Decius

175 3524 256 3586 15
296 3522 472 3604 quod
558 3523 895 3603 epistolam
974 3525 1326 3605 accepisset
1408 3544 1444 3589 a
1531 3526 1719 3589 beato
1791 3527 2116 3606 Cypriane
2187 3528 2674 3607 Carthaginensi
2765 3530 3116 3609 episc0po,
3209 3530 3386 3593 misit

288 3628 750 3692 Centumcellis
790 3632 840 3703 ε,
897 3634 960 3691 et
1023 3628 1289 3692 adduxit
1344 3630 1605 3692 beatum
1642 3630 2042 3704 Cornelium,
2092 3648 2287 3709 quem
2337 3639 2547 3694 tamen
2606 3632 2805 3711 jussit
2862 3633 2988 3693 sibi
3048 3639 3388 3711 praesenta-

295 3732 350 3793 ri
380 3748 524 3794 cum
562 3730 857 3811 praefecto
892 3730 1080 3792 Urbis
1140 3731 1210 3792 in
1256 3730 1579 3793 iuterludo
1609 3732 1636 3771 ιι
1697 3738 1891 3794 noctu
1954 3738 2103 3793 ante
2147 3731 2457 3810 templum
2508 3732 2804 3794 Palladis.
2852 3732 2972 3793 Cui
3026 3732 3113 3794 ita
3167 3734 3329 3793 dixit
3369 3755 3385 3793 :

306 3836 409 3900 Sic
466 3836 774 3910 deﬁnisti,
838 3842 909 3899 ut
966 3853 1086 3899 nec
1147 3835 1354 3912 deos,
1413 3853 1533 3899 nec
1594 3842 1899 3916 prmcepta
1945 3836 2334 3916 principum,
2397 3854 2514 3900 nec
2567 3844 2816 3899 nostras
2871 3835 3076 3897 minas
3141 3835 3387 3905 timeas,

291 3944 362 4000 ut
415 3944 636 4001 contra
688 3935 1173 4016 Rempublicam
1234 3936 1480 3998 litteras
1536 3935 1811 4016 accipias
1866 3942 1930 3998 et
1995 3935 2279 4015 dirigas?
2327 3935 2672 3999 Cornelius
2729 3935 3073 4016 episcOpus
3128 3952 3392 4015 re5p0n-

161 4040 250 4101 Ξ)
292 4037 389 4099 dit
422 4036 642 4099 dicens
682 4057 699 4096 :
760 4036 891 4114 Ego
918 4036 997 4097 de
1029 4052 1266 4098 corona
1321 4042 1336 4081 ί
1377 4035 1637 4096 Domini
1693 4035 1937 4097 litteras
1995 4036 2231 4115 accepi,
2294 4052 2422 4098 non
2462 4043 2683 4098 contra
2717 4036 3226 4115 Rempublicam,
3277 4039 3391 4101 sed

292 4141 493 4220 magis
524 4140 797 4220 speciale
853 4140 1251 4204 tconsilium
1288 4140 1368 4203 ad
1398 4141 1655 4203 animas
1714 4140 2142 4203 redimendas.
2197 4142 2378 4204 Tunc
2436 4141 2694 4215 Decius,
2757 4142 3085 4205 iracundia
3138 4142 3391 4221 plenus,

288 4246 586 4307 iussitos
640 4246 811 4308 beati
856 4244 1141 4309 Cornelii
1177 4264 1324 4309 cum
1390 4246 1742 4325 plumbatis
1798 4247 1981 4320 caedi,
2014 4253 2077 4309 et
2133 4246 2431 4327 praecepit
2468 4246 2613 4309 duci
2677 4263 2825 4309 eum
2883 4253 3029 4309 ante
3088 4246 3394 4325 templum

293 4349 516 4411 Martis
570 4355 641 4411 ut
689 4348 1022 4424 adoraret;
1080 4350 1256 4430 quod
1311 4350 1370 4413 si
1426 4368 1557 4412 non
1616 4350 1896 4425 fecisset,
1930 4353 1956 4393 ι
1989 4396 2006 4426 ,
2043 4351 2559 4431 dicenszCapite
2606 4359 2961 4415 truncetur.
3014 4355 3211 4415 lPost
3249 4352 3390 4423 hoc,

297 4453 361 4516 id
404 4461 502 4516 est
563 4473 634 4515 tu
668 4455 880 4517 Nonas
944 4455 1178 4528 Martii,
1212 4459 1343 4534 jam
1403 4463 1553 4519 ante
1609 4456 1979 4535 passionem
2033 4474 2217 4520 suam
2265 4453 2483 4520 omnia
2547 4458 2713 4519 bona
2778 4457 3078 4521 Ecclesiae
3137 4458 3395 4522 tradidit

168 4563 256 4623 25
298 4561 618 4641 Stephano
672 4560 1122 4623 archidiacouo
1196 4578 1340 4623 suo.
1404 4561 1524 4624 Hic
1607 4560 1761 4624 fecit
1815 4562 2261 4625 ordinationes
2338 4561 2500 4623 duas
2575 4581 2688 4642 per
2771 4581 3059 4626 mensem
3133 4567 3398 4627 Decem-

297 4666 430 4729 bris
490 4687 506 4727 :
561 4666 969 4746 presbyteros
1030 4673 1358 4746 quatuor,
1415 4668 1721 4729 diaconos
1784 4673 2111 4747 quatuor,
2192 4668 2532 4749 episcopos
2600 4684 2714 4748 per
2777 4668 3031 4731 diversa
3093 4670 3230 4732 loca
3280 4688 3403 4730 nu-

302 4788 478 4835 mero
517 4776 785 4852 septem.
821 4770 947 4848 Qui
1007 4772 1189 4833 etiam
1244 4770 1590 4834 decollatus
1648 4779 1737 4833 est
1774 4772 1837 4833 in
1891 4772 2034 4835 loco
2094 4771 2489 4852 supradicto,
2560 4778 2623 4833 et
2671 4778 2911 4851 martyr
2967 4774 3234 4836 effectus
3284 4764 3401 4836 est.-

302 4876 500 4955 Cujus
546 4893 777 4957 corpus
808 4886 1001 4939 noctu
1048 4877 1298 4957 collegit
1357 4877 1537 4938 beata
1593 4878 1832 4938 Lucina
1862 4895 2008 4939 cum
2068 4876 2342 4948 clericis,
2397 4884 2451 4935 et
2499 4874 2782 4953 sepelivit
2818 4877 2883 4935 in
2942 4884 3189 4955 crypta,
3238 4878 3405 4955 jur-

304 4987 369 5040 ta
421 4984 826 5043 coemeterium
884 4982 1151 5057 Calixti,
1214 4983 1319 5043 via
1379 4983 1615 5063 Appia,
1673 4983 1739 5044 in
1788 4983 2034 5062 prcedio
2083 5000 2223 5056 suo,
2282 4999 2395 5042 vm
2454 4980 2721 5043 Kalend.
2775 4981 3168 5060 Septembris
3208 4991 3269 5040 ·.
3327 4985 3401 5043 Et

177 5086 263 5148 30
305 5087 577 5148 cessavit
606 5086 1014 5165 episcopatus
1033 5085 1174 5149 dies
1204 5086 1465 5165 triginta
1499 5088 1815 5168 quinque.

1296 5209 1779 5275 CATALOGUS
1827 5213 1971 5274 SUB
2016 5212 2363 5274 LIBERIO.

224 5311 568 5377 Cornelius
594 5328 797 5376 annos
820 5312 1010 5388 duos,
1042 5328 1302 5376 menses
1328 5317 1479 5385 tres,
1509 5311 1651 5375 dies
1695 5309 1942 5385 decem,
1965 5328 2002 5376 a
2024 5311 2403 5375 consulibus
2424 5312 2620 5375 Decio
2653 5330 2716 5375 tv
2747 5317 2808 5375 et
2857 5312 3051 5374 Dcmo
3111 5332 3154 5373 ιι
3199 5332 3409 5395 usque

1236 5449 1501 5495 NOTULE
1544 5449 1785 5494 MARGIN
1797 5448 1943 5492 ALES
1987 5448 2326 5492 FABROTTI.

218 5550 251 5609 Var
276 5534 489 5609 ll,n_tin.
519 5535 920 5609 bienniotemp.
951 5533 1143 5609 ρεξςῆζ
1148 5533 1310 5597 Galli,
1342 5541 1395 5588 et
1415 5532 1699 5609 Volusiani
1724 5549 1752 5595 a
1780 5548 1919 5588 coss.
1951 5531 2101 5609 Decii
2146 5530 2507 5609 Illnet
2538 5527 2582 5609 ll
2623 5532 2688 5609 ad
2722 5514 2928 5609 Collum
2967 5532 3325 5609 eI_Volusian._
3348 5535 3410 5589 ll.

141 5613 172 5652 ι)
213 5600 341 5663 Vide
372 5607 497 5661 Bar.
529 5604 653 5661 aim.
682 5605 807 5659 254.
869 5600 906 5644 ⁷ο
951 5603 1078 5657 Vide
1102 5604 1228 5657 Bar.
1262 5620 1386 5656 ann.
1411 5603 1535 5658 256.
1608 5604 1634 5643 ἀ
1658 5603 2064 5659 Centumcellas.
2143 5614 2167 5641 ο
2204 5600 2267 5666 C,
2295 5603 2438 5656 dedit
2463 5601 2710 5658 Celerino
2739 5602 2944 5655 lectori.
3027 5602 3046 5639 ί
3084 5602 3277 5656 Baro".
3309 5604 3409 5659 loc.

142 5684 241 5736 tit.
273 5678 454 5748 probat
484 5679 590 5748 sub_
619 5674 901 5748 Volusiano
930 5676 1053 5748 imp.
1082 5676 1191 5748 hafc
1211 5673 1483 5748 accidisse.
1566 5673 2168 5748 1ft},Centumcellas.“
2209 5674 2247 5748 lt
2278 5671 2389 5748 CB,
2428 5672 2667 5748 Tellttde.
2773 5674 2786 5711 ί
2818 5671 2880 5736 Β,
2923 5688 3140 5737 corona,
3181 5675 3234 5725 id
3270 5687 3341 5726 est
3379 5692 3412 5726 a

144 5741 410 5823 ﬁdelibus.
489 5747 501 5797 i
552 5746 612 5809 C,
645 5760 741 5814 per
768 5746 1089 5814 spirituale-
1143 5746 1164 5782 ι(
1200 5741 1261 5809 C,
1288 5743 1492 5799 fecerit.
1576 5742 1591 5781 ι
1627 5744 1755 5798 Vide
1786 5744 1908 5797 Ilar.
1949 5762 2029 5791 nn.
2066 5744 2171 5796 955
2202 5745 2255 5795 in
2287 5744 2377 5796 ﬁn.
2456 5752 2489 5772 ’³
2522 5742 2669 5804 18,6.

598 5842 868 5901 ΡΑΤιιυι.
904 5837 1196 5899 CXXVII

2935 5838 3012 5894 43
