3908 5280
72 288 225 347 1569

873 290 1187 347 HISTORIA
1226 288 1312 343 DE
1356 287 1526 344 mus
1558 270 1728 341 non.
1772 288 1969 346 rosr.
2010 322 2078 332 —
2115 291 2177 347 s.
2212 292 2614 353 censemus.

3210 298 3347 352 l570

71 416 294 468 autem,
337 403 535 459 diserte
561 402 791 475 allii-mat
818 404 918 457 sub
944 403 1095 462 Gallo
1122 412 1184 475 et?
1208 401 1495 475 Volusiano
1525 417 1666 456 mar-
1695 404 1741 462 Α
1771 403 1975 475 militia:
2002 420 2163 473 quam
2213 406 2546 460 mercimonii
2574 420 2759 469 causa,
2791 411 2845 459 et
2888 407 3159 475 corporati
3196 410 3345 462 ordi-

73 477 231 545 tyrio
280 482 595 529 coronatum
623 473 809 545 Afnisse
834 494 860 545 ξ
892 488 1009 545 qum
1041 475 1141 527 sibi
1175 474 1403 545 invicem
1433 473 1661 545 adversa

74 541 287 610 c'runt,
327 545 429 598 nisi
471 543 634 613 priori
678 543 794 597 loco
833 542 976 596 Decii
1032 544 1461 613 persecutionem
1504 541 1664 596 intel-

75 615 261 685 ligas,
300 628 419 683 qua:
470 614 569 668 sub
608 612 758 685 Gallo
795 622 850 666 et
889 612 1179 667 VoluSiano
1230 615 1556 685 continuata
1580 621 1666 666 est

80 682 153 737 et
188 682 415 755 proinde
451 699 558 737 una
604 684 899 752 eademque
936 699 1058 739 cum
1100 684 1246 738 Decii
1292 682 1668 754 persecutione

79 762 369 808 (ξειὶδεῑιιι.
406 773 425 804 ι

95 856 139 883 .
165 825 237 878 At
267 833 448 877 nostra
494 822 790 885 sententia,
836 823 1105 877 inhterens
1144 821 1454 885 Hieronymi
1500 823 1667 879 vesti-

79 895 215 962 {,iis,
256 891 436 963 jungit
474 908 611 963 eumn
645 893 805 963 Decio
848 892 1189 947 Valerianum
1223 894 1277 946 in
1319 891 1667 949 damnatione

80 960 330 1019 Cornelii
364 960 534 1034 '(quod
589 960 1005 1034 sehelestratius
1052 963 1311 1034 omiserat
1346 963 1663 1034 conciliare)

82 1034 316 1113 seylique
352 1032 589 1113 ejusdem
618 1031 849 1113 Cornelii
895 1032 1527 1113 principatum'attribuit
1567 1031 1670 1113 De—

84 1104 202 1165 cii,
230 1101 301 1157 'et
335 1101 542 1169 partem
589 1101 919 1169 principatus
959 1101 1095 1156 Galli
1139 1110 1195 1155 et
1230 1101 1532 1158 Volusiaui.
1572 1102 1669 1157 Vi—

86 1173 276 1243 tlimus
302 1172 469 1237 enim,
493 1186 634 1243 anno
669 1170 909 1243 259,7die
929 1171 1005 1243 2E}
1025 1171 1293 1243 Octobris,
1318 1174 1478 1229 Decio
1517 1181 1670 1243 patre

87 1242 296 1295 iterum
336 1240 553 1295 consule
594 1256 715 1295 cum
754 1241 862 1296 ﬁlio
898 1240 1122 1297 suffecto
1164 1242 1432 1297 abdicanti
1481 1240 1664 1309 Grato,

87 1310 627 1366 senatusconsultum
666 1309 850 1365 Romae
891 1312 1094 1366 editum
1136 1312 1203 1366 de
1247 1328 1475 1367 censura
1508 1314 1669 1367 Vale-

84 1382 255 1435 riano
293 1382 627 1435 decernenda
683 1380 947 1449 perlatum
1000 1380 1166 1437 fuisse
1220 1383 1287 1437 ad
1338 1382 1556 1437 Decium
1614 1385 1667 1439 in

80 1451 438 1530 expeditione
473 1450 724 1530 Scythica
761 1460 888 1530 tunc
927 1463 1172 1530 agentem
1205 1453 1257 1506 in
1296 1453 1537 1530 hibernis
1572 1468 1666 1525 ca-

82 1523 231 1575 stris
273 1539 285 1574 :
332 1529 386 1575 et
438 1522 668 1575 accitum
727 1522 794 1573 ab
840 1536 904 1575 eo
949 1522 1293 1575 Valerianum
1339 1522 1671 1578 confirmata:

84 1590 375 1659 dignitatis
428 1590 639 1664 laudem
674 1591 982 1664 Aretulisse,
1028 1600 1101 1664 et_
1134 1591 1517 1664 amplissimam
1569 1609 1669 1664 po-

84 1670 381 1732 t_estatem,
419 1677 539 1731 qua:
587 1660 712 1732 ipsi
737 1662 1045 1732 tradebatur
1089 1661 1142 1716 in
1184 1660 1465 1728 concione,
1505 1660 1665 1732 quam

84 1730 399 1785 Trebellius
440 1731 659 1800 exponit
703 1730 774 1784 ita
819 1731 1141 1800 declaratam
1187 1747 1216 1785 a
1246 1732 1449 1786 Decio:
1499 1730 1666 1789 (Tibi

86 1800 279 1859 legum
301 1796 702 1855 scribendarum
717 1802 1007 1855 auctoritas
1026 1796 1255 1855 dabitur.
1284 1803 1401 1855 Tibi
1428 1804 1493 1859 de
1520 1804 1672 1857 ordi-

84 1870 260 1941 nibus
286 1871 509 1924 multum
527 1870 876 1941 judicandum
899 1881 1001 1925 est.
1021 1871 1097 1925 Tu
1122 1888 1272 1925 arma
1298 1873 1575 1941 respicies.
1592 1874 1673 1928 Tu

85 1940 161 1994 de
186 1950 374 2023 nestro
385 1939 604 2023 palatio,
621 1942 762 2023 tu‘de
774 1939 1063 2023 judicibus,
1089 1951 1141 1994 tu
1245 1939 1671 2023 przefectis‘emi-

87 2009 435 2082 nentissjmis
492 2009 779 2079 iudicabis.
839 2010 1077 2082 Excepto
1139 2009 1371 2081 denique
1421 2015 1674 2082 praefecto

84 2080 251 2133 urbis
293 2080 493 2145 Romae,
525 2082 763 2149 exceptis
795 2081 1101 2134 consulibus
1143 2080 1449 2145 ordinariis,
1495 2093 1549 2137 et
1581 2100 1671 2139 sa-

89 2165 322 2219 crorum
338 2166 483 2219 rege,
514 2165 577 2204 ac
593 2151 823 2203 maxima
848 2151 1051 2219 virgine
1080 2150 1392 2215 Vestalium,
1421 2154 1465 2208 si
1494 2164 1670 2208 tamen

86 2218 417 2289 incorrupta
428 2219 781 2289 permanebit,
798 2220 862 2273 de
887 2218 1135 2275 omnibus
1156 2224 1450 2289 sententias
1474 2222 1632 2279 feres.
1647 2243 1665 2275 ι

171 2283 352 2343 Potuit
384 2283 563 2359 itaque
606 2289 923 2344 Valerianus
974 2305 1168 2346 censor
1190 2293 1243 2345 tn
1284 2283 1477 2346 Urbem
1503 2295 1673 2348 redux

92 2359 207 2412 sub
237 2360 447 2413 initium
475 2360 598 2430 anni
626 2360 750 2421 251,
802 2360 869 2412 ad
904 2362 1259 2414 exercendam
1290 2363 1671 2430 amplissimam

91 2437 425 2497 potestatem
456 2429 671 2491 missus,
702 2438 757 2481 ut
786 2444 883 2497 par
904 2440 981 2484 est
1020 2432 1259 2496 credere,
1293 2429 1414 2487 cum
1446 2434 1669 2489 manda-

94 2500 175 2574 tis
212 2499 277 2574 de
304 2499 549 2555 Cornelio
565 2500 1216 2574 nominatimpuniendo,
1244 2517 1308 2557 ac
1330 2504 1395 2556 de
1409 2504 1509 2574 illo
1545 2520 1675 2574 Sttp-

140 2568 327 2622 licium
356 2570 633 2631 sumendo,
693 2584 797 2622 non
849 2570 1044 2632 minus,
1115 2585 1235 2624 uam
1283 2574 1347 2627 de
1398 2572 1536 2627 .lulio
1566 2568 1668 2629 va-

92 2584 269 2691 rente.
296 2639 382 2691 qui
408 2648 525 2691 post
552 2637 935 2691 profectionem
964 2656 1030 2691 ex
1063 2586 1204 2691 Ulrbe
1253 2642 1522 2691 invaserat
1574 2645 1668 2691 im.

119 2647 269 2701 ente,
296 2639 382 2707 qui
408 2648 525 2707 post
552 2637 935 2708 profectionem
964 2656 1030 2693 ex
1063 2637 1204 2695 Urbe
1253 2642 1522 2698 invaserat
1573 2645 1670 2698 im-

96 2708 352 2781 perium;
398 2724 525 2781 curn
566 2709 725 2781 beato
761 2709 1028 2778 Cypriano
1062 2719 1200 2765 teste
1247 2711 1298 2765 in
1350 2713 1571 2781 epistola
1604 2715 1668 2768 ad

96 2778 465 2849 Antonianum
496 2778 690 2833 Decius
715 2797 733 2829 ί
761 2782 930 2834 multo
951 2781 1240 2849 patientius
1267 2792 1320 2835 et
1342 2778 1671 2839 tolerabilius

101 2847 361 2921 audiret,
391 2848 554 2921 levari
584 2849 842 2903 adversus
870 2864 928 2903 se
953 2847 1207 2921 aemulum
1237 2852 1529 2921 principem
1560 2854 1668 2921 (Ju-

98 2918 239 2970 lium
270 2915 567 2989 Valentem)
609 2933 768 2988 quam
801 2919 1053 2974 constitui
1083 2915 1264 2975 Romae
1298 2921 1388 2976 Dei
1414 2915 1669 2979 sacerdo-

101 2996 249 3051 tem;
296 3006 314 3039 ι
348 2988 545 3055 potuit,
586 2989 824 3058 inquam,
862 2990 1173 3044 Valerianus
1207 3006 1400 3046 censor
1436 3009 1499 3046 ea
1542 3009 1663 3047 cum

100 3065 374 3127 potestate
398 3058 585 3127 bisque
614 3075 734 3112 cum
768 3059 1033 3113 mandatis
1056 3061 1250 3115 missus
1270 3077 1299 3114 a
1330 3061 1512 3127 Decio,
1534 3063 1664 3117 Cor-

99 3126 329 3197 nelium,
379 3126 521 3183 anno
572 3130 832 3197 superiori
878 3127 985 3182 250
1037 3130 1301 3193 delatura,
1342 3132 1394 3185 in
1416 3132 1661 3185 exsilium

98 3196 307 3269 pellere
323 3196 739 3269 Centumcellas,
784 3215 924 3252 anno
960 3198 1058 3253 251
1090 3209 1143 3255 et
1166 3200 1509 3269 subsequenti
1536 3201 1663 3265 252,

98 3268 176 3321 ab
204 3267 391 3321 exsilio
422 3268 473 3321 in
501 3267 697 3323 Urbem
722 3270 917 3333 accire,
941 3278 996 3323 et
1018 3269 1161 3324 Decii
1193 3267 1406 3326 nomine
1434 3273 1666 3327 interro-

99 3350 238 3409 gare
268 3337 332 3391 de
353 3336 549 3409 litteris
567 3354 597 3391 a
623 3337 890 3409 Cypriane
933 3339 982 3392 ei
1030 3340 1272 3402 redditis,
1297 3351 1352 3394 et
1378 3342 1667 3409 plumbatis

98 3407 415 3479 caedere,_et
438 3408 611 3479 capite
634 3407 903 3473 truncare,
942 3409 1081 3478 quod
1112 3407 1553 3479 renuisset‘impia
1584 3429 1668 3466 sa-

98 3476 316 3547 crificia
344 3476 706 3547 Martilitare,
737 3486 796 3531 ut
822 3476 972 3532 Acta'
1012 3479 1315 3547 perhibent,
1364 3489 1418 3533 et
1458 3476 1666 3535 vetusta

98 3545 488 3615 Martyrologia
522 3548 861 3610 confirmant,
879 3556 933 3601 et
959 3545 1093 3602 liber
1112 3547 1665 3603 Pontilicalis.Verum

99 3618 177 3669 de
217 3618 354 3686 serie
378 3632 441 3671 ac
475 3616 591 3670 loco
617 3618 859 3686 martyrii
891 3616 996 3671 erit
1021 3618 1292 3685 quaerendi
1318 3618 1464 3673 locus
1487 3619 1537 3672 iu
1560 3619 1668 3673 No—

100 3686 183 3761 tis
220 3684 507 3761 histericis:
533 3687 665 3761 _llic,
694 3684 781 3761 nni
814 3684 1327 3761 temporisratioues
1354 3688 1668 3761 indagamus

96 3758 175 3810 de
207 3756 406 3827 epocha
431 3756 545 3811 initi
578 3757 938 3826 pontificatus.
970 3767 1022 3811 et
1044 3757 1274 3826 gloriose
1294 3756 1541 3826 completi
1573 3774 1668 3827 per

94 3826 425 3895 martygium
451 3828 523 3880 ita
556 3827 857 3880 statuimus.
892 3827 1048 3880 Sedis
1078 3829 1405 3881 vacationem
1455 3844 1484 3881 a
1534 3826 1669 3882 mar-

96 3892 501 3968 tyrio'Fahiani
523 3897 704 3968 dicit)
735 3895 972 3968 Januarii
1000 3897 1123 3949 anui
1150 3898 1253 3950 250
1285 3903 1362 3968 (ut
1393 3898 1443 3951 in
1476 3913 1670 3966 praece-

138 3963 255 4035 enti
279 3979 504 4035 numero
517 3965 793 4033 probatum
810 3965 928 4035 fuit)
946 3968 1177 4035 perduco
1200 3969 1265 4020 ad
1290 3963 1427 4020 diem
1445 3963 1665 4023 electio-

94 4034 194 4107 nis
217 4031 413 4107 dlunii
442 4051 456 4088 :
482 4031 583 4107 qua
614 4035 788 4107 clerus
830 4031 1101 4107 Romanus
1123 4036 1374 4107 diuturno
1404 4038 1672 4107 interpon-

98 4101 280 4178 tjticid
331 4101 514 4178 linem~
535 4105 786 4178 imposuit
833 4106 1086 4178 concordi
1146 4106 1233 4161 illa
1264 4101 1671 4178 electione,'per

93 4172 434 4243 Cyprianum
476 4174 547 4227 ita
572 4172 853 4243 descripta.
889 4196 906 4226 ι
940 4175 1132 4231 Factus
1162 4187 1243 4231 est
1269 4185 1447 4229 autem
1470 4172 1669 4232 Corne-

93 4242 211 4315 lius
237 4243 520 4313 episcopus
544 4244 611 4298 de
648 4242 821 4299 Deiot
857 4244 1055 4306 Christi
1088 4247 1202 4315 ejus
1224 4246 1445 4314 judicio.
1470 4247 1534 4300 de
1562 4248 1668 4302 cle-

92 4312 353 4385 ricorunl
396 4312 528 4382 pene
560 4315 801 4385 onlnium
850 4312 1179 4379 testimonio,
1227 4312 1294 4369 de
1334 4316 1520 4384 plebis,
1551 4332 1669 4385 qua:

96 4396 264 4464 nunc
276 4379 447 4462 affuit,
480 4383 752 4464 suffragio.
786 4404 804 4435 ι
841 4384 1002 4464 Multo
1030 4384 1253 4464 [οη-εις)ιί
1307 4379 1479 4464 spatio
1508 4379 1667 4464 sedis

95 4451 444 4522 vacationem
472 4451 713 4522 plerique
749 4455 1064 4520 extendunt,
1093 4451 1399 4508 differentes
1432 4455 1664 4510 Cornelii

94 4519 424 4577 electionem
465 4519 531 4575 ad
576 4519 792 4577 Junium
844 4519 1078 4577 mensem
1116 4525 1240 4578 anni
1267 4523 1393 4589 251,
1419 4524 1543 4579 licet
1566 4526 1667 4579 Fa-

90 4590 257 4645 biani
285 4593 594 4663 martyrium
623 4594 883 4647 retineant
902 4594 973 4647 2ο
998 4591 1232 4647 Januarii
1267 4593 1391 4647 anni
1437 4593 1562 4657 250,
1587 4596 1667 4648 ul-

98 4669 196 4714 tra
222 4662 692 4727 annum’solidum,
724 4664 829 4716 imo
855 4670 910 4720 et
939 4663 1066 4717 totis
1096 4664 1367 4719 mensibus
1414 4680 1522 4717 xvu
1573 4665 1667 4719 im-

91 4728 346 4803 peditam
373 4732 697 4803 electionem?
726 4743 1047 4788 asserentes.
1076 4734 1415 4788 Coutenduut
1446 4733 1495 4787 id
1528 4749 1665 4803 prte-

93 4801 425 4872 snmendum
450 4818 514 4855 ex
539 4802 732 4872 litteris
754 4813 986 4872 quatuor
1004 4819 1123 4857 cum
1149 4806 1416 4872 responsis
1446 4801 1663 4857 totidem

96 4867 251 4923 ultro
272 4870 514 4942 citroque
542 4870 722 4926 missis
744 4867 808 4942 ac
839 4884 1053 4942 recepto
1086 4873 1223 4926 inter
1238 4867 1446 4942 clerum
1470 4872 1668 4926 Roma-

96 4953 237 4991 num
283 4950 337 4995 et
388 4941 736 5011 Cyprianum.
760 4940 979 5001 Verum'
1002 4942 1220 4996 Catonis
1275 4941 1416 4996 facto
1467 4943 1664 4995 reviuci

94 5019 369 5081 possunt,
436 5013 858 5081 demonstrantis
924 5012 1228 5081 expeditum
1259 5013 1664 5066 .commcrcium

104 5077 268 5152 Urbis
293 5095 412 5134 cum
443 5079 690 5152 proxima
729 5077 1074 5152 Carthagine,
1105 5081 1326 5148 prolatis
1357 5084 1407 5135 in
1435 5082 1665 5152 medium

100 5162 139 5200 e
170 5147 281 5201 sinu
308 5147 516 5219 togae—in
542 5159 830 5219 conspectu
861 5147 1078 5205 senatus
1105 5147 1409 5204 recentibus
1438 5150 1663 5215 ticubus,

101 5232 242 5280 quos
266 5216 385 5272 inde
416 5216 601 5272 afferri
625 5216 921 5273 curaverat.
946 5219 1193 5280 Quotidie
1207 5222 1516 5280 experimur
1536 5234 1665 5280 pau-

1767 488 1869 545 nes
1893 474 2305 542 Scaplmriorum
2324 516 2339 539 ,
2370 486 2418 529 et
2446 476 2925 532 lenam-alariarum
2952 477 3199 545 trajectus
3231 476 3342 531 Ln-

1765 543 1910 606 culli,
1944 556 1991 595 et
2025 546 2232 599 navium
2254 546 2579 598 marinarum
2602 555 2871 599 curatores
2896 560 2925 597 a
2965 543 3119 600 nobis
3140 546 3261 600 lecti
3291 550 3345 601 in

1767 614 2004 684 antiquis
2052 615 2490 684 inscriptionibus
2520 615 2755 671 Ostiensi
2790 616 2843 669 in
2871 615 3085 669 colonia
3112 616 3341 678 effossis.

1767 682 1819 737 in
1838 684 2007 755 horas
2034 687 2200 740 ferme
2220 682 2483 755 ﬁsingulas
2505 686 2670 753 (quod
2702 700 2845 739 nunc
2872 685 2929 737 in
2956 685 3232 755 llollandia
3264 687 3343 755 fit)
3400 726 3403 729 γ

1766 753 2007 824 solvendi
2054 756 2261 824 copiam
2306 753 2725 809 ministrarent?
2766 755 2948 809 Potuit
2996 754 3234 809 Novatus
3276 753 3342 809 ex

1766 822 1945 896 Africa
1999 822 2346 896 supervenire
2399 834 2528 896 post
2587 825 2793 896 obitum
2859 824 3122 896 Fabiani,
3175 826 3349 896 potuit

1769 892 2030 964 interesse
2068 892 2320 964 pacifica:
2377 892 2625 949 electioui
2690 894 2944 959 Cornelii,
2995 892 3229 949 nonduin
3265 895 3350 948 di-

1766 963 1898 1017 visis
1945 962 2099 1020 faado'
2125 964 2417 1019 schismate
2446 964 2643 1020 Christi
2685 964 3085 1020 confessoribus
3132 980 3163 1017 a
3215 964 3345 1019 reli-

1768 1047 1874 1105 quo
1900 1033 2047 1105 clero
2092 1052 2105 1088 :
2152 1044 2218 1105 ut
2268 1034 2564 1105 necessitas
2599 1034 2742 1090 nulla
2796 1034 3032 1105 impellat
3078 1034 3349 1104 Papebro-

1766 1102 1947 1157 chium
1973 1103 2041 1157 ad
2068 1102 2419 1158 recedendum
2447 1120 2477 1158 a
2499 1106 2763 1159 sententia
2809 1102 3171 1167 llénscheuii,
3218 1105 3348 1159 deli-

1719 1198 1728 1208 -
1768 1172 1965 1245 uiculis
2024 1175 2357 1245 vacationem
2404 1175 2547 1229 sedis
2592 1186 2712 1243 post
2758 1175 3072 1245 martyrium
3123 1173 3347 1245 Fabiani

1768 1243 1835 1312 ad
1868 1244 2113 1311 quintum
2168 1245 2236 1299 ab
2287 1243 2371 1298 illa
2425 1260 2664 1299 mensem
2712 1243 2946 1299 nondum
2994 1243 3342 1312 completmn.

1768 1310 1899 1366 Mihi
1932 1322 2076 1385 certe
2120 1314 2262 1368 nulla
2320 1316 2625 1385 necessitas
2661 1323 2884 1385 apparet
2935 1310 3161 1385 negandi
3214 1327 3344 1385 eum

1768 1384 2157 1437 recentioribus
2187 1384 2516 1447 auctoribus,
2547 1400 2576 1437 a
2607 1383 2995 1440 Sclielestratio
3020 1383 3089 1437 ibi
3135 1384 3343 1437 indica-

1770 1451 1859 1516 tis,
1890 1463 2013 1509 ante
2041 1467 2275 1507 mensem
2304 1455 2599 1521 Augustum
2625 1456 2748 1508 anni
2775 1454 2901 1517 250,
2932 1454 3160 1522 scriptas
3182 1452 3347 1509 fuisse

1768 1522 1975 1594 litteras
2006 1523 2135 1577 cieri
2167 1519 2490 1587 Romaniad
2532 1522 2856 1594 Cyprianum
2896 1524 2913 1593 (
2946 1519 3015 1577 30
3044 1519 3201 1577 inter
3243 1522 3344 1577 Pa-

1769 1592 2049 1663 melianas)
2080 1594 2273 1661 quibus
2322 1592 2631 1663 testatum]
2664 1603 2782 1663 post
2808 1592 3088 1648 excessum
3128 1593 3348 1647 nobilis-

1768 1662 1919 1717 sima:
1973 1664 2244 1719 memoria:
2291 1663 2389 1716 viri
2424 1662 2685 1727 Fabiani,
2738 1663 2973 1719 nondum
3034 1662 3345 1732 episcopum

1700 1742 2320 1809 BIpropter_temporum
2350 1732 3059 1809 dillleultates_constitutum
3103 1732 3286 1809 fuisse.
3324 1750 3345 1783 ι

1831 1818 1953 1856 nam
1992 1802 2218 1857 fortasse
2246 1803 2290 1857 si
2310 1812 2657 1873 moveantex
2689 1803 2941 1857 inchoato
2990 1818 3171 1873 mense
3219 1801 3351 1855 duo-

1778 1872 1987 1928 decimo
2038 1874 2272 1928 carceris
2312 1871 2541 1942 Moysi,
2592 1873 2925 1940 aliorumque
2978 1871 3347 1926 confessorqu

1778 1951 1902 1997 ante
1931 1944 2257 1997 creationem
2283 1942 2535 2005 Cornelii,
2563 1958 2722 2009 quem
2749 1942 2978 1995 allirmat
3008 1943 3060 1995 iu
3092 1942 3347 2009 periocha

1778 1958 1902 1997 ante
1931 1958 2257 1997 creationem
2283 1958 2535 2005 coruetu,
2604 1958 2722 1997 uem
2749 1958 2978 1995 amrmat
3008 1958 3060 1995 ιιι
3092 1958 3347 2009 periocha

1776 2012 1997 2067 Fabiani
2027 2013 2420 2083 vetustissimus
2448 1958 2732 2083 Caldiogus
2766 2011 3082 2083 Liberianus
3118 2011 3193 2080 (in
3221 2010 3350 2083 Pro-

1777 2083 2029 2154 legom.);
2086 2082 2210 2137 huic
2270 2081 2422 2154 facile
2478 2080 2938 2154 respondemus,
2972 2080 3016 2154 si
3079 2082 3345 2154 mensium

1777 2150 2032 2208 numerus
2056 2162 2385 2221 supponatur
2412 2152 2462 2206 in
2493 2150 2747 2221 Catalogo
2771 2168 2873 2205 nou
2894 2151 3130 2216 vitiatus,
3152 2150 3348 2221 Moysis

1774 2238 2047 2278 carcerem
2104 2220 2352 2275 iteratum
2399 2222 2617 2292 intelligi
2678 2220 2928 2292 oportere
2983 2220 3352 2292 per__aliquot

1776 2308 1987 2347 menses
2016 2292 2402 2361 persecutionis
2429 2290 2727 2347 Decii'ante
2759 2300 2981 2345 mortem
3007 2290 3231 2361 Fabiani
3258 2290 3350 2361 qui

1777 2359 2039 2431 potiorem
2072 2362 2277 2416 numeri
2302 2370 2507 2431 partem
2544 2362 2911 2423 constituant,
2961 2369 3014 2415 et
3059 2360 3216 2414 unius
3266 2359 3350 2412 vel

1775 2433 1997 2488 alterius
2026 2442 2163 2501 post,
2200 2432 2289 2501 qui
2319 2431 2619 2499 compleant
2672 2447 2933 2485 summam
2977 2432 3239 2501 mensium
3292 2444 3348 2483 ιιι

1773 2513 1825 2557 et
1856 2499 2061 2558 dierum
2094 2499 2331 2557 totidem.
2359 2502 2581 2556 Constat
2609 2502 2749 2555 enim
2774 2517 2838 2556 ex
2866 2499 3077 2554 Caecilio
3108 2500 3173 2553 de
3201 2514 3347 2551 mor-

1775 2572 1915 2627 tibus
1944 2580 2369 2643 persecutorum,
2398 2572 2542 2643 Decii
2594 2571 3017 2643 persecutionem
3050 2569 3347 2643 inchoasse

1772 2660 1803 2697 a
1830 2637 2077 2714 suscepto
2102 2637 2733 2714 perneumdemimperio.
2772 2659 2789 2692 ι
2818 2639 3063 2714 _Et__quasi
3093 2637 3250 2714 hujus
3272 2637 3351 2714 rei

1811 2713 1944 2782 ratia
1988 2707 2221 2782 '(inq'uit)
2266 2707 2713 2780 provectus-esse
2763 2711 2858 2782 ad_
2882 2707 3009 2763 illud
3054 2707 3349 2782 principale
3420 2712 3427 2723 ’

1795 2779 2066 2853 ’astigium,
2098 2779 2278 2836 furere
2312 2782 2569 2853 protinus
2595 2789 2782 2836 contra
2837 2780 3005 2853 Deum
3056 2779 3250 2853 ccepi},
3292 2786 3352 2830 ut

1771 2847 2017 2922 protinus
2038 2854 2277 2922 caderet.
2312 2847 2333 2902 3
2372 2850 2505 2922 Cum
2558 2851 2737 2922 itaque
2774 2849 2929 2922 paulo
2954 2856 3090 2922 post
3136 2847 3351 2922 initium

1769 2916 1895 2976 anui
1924 2937 2044 2975 tera:
2070 2920 2384 2975 Christiana:
2406 2920 2529 2982 249,
2561 2916 2850 2977 viderimus
2880 2916 3161 2988 imperium
3190 2916 3353 2988 Decio

1769 2992 1935 3046 fuisse
1960 2992 2213 3053 delatum,
2244 2998 2299 3044 et
2324 2990 2438 3059 ipse
2473 2992 2707 3060 protinus
2744 2989 2916 3060 furere
2959 2986 3149 3060 contra
3180 2986 3349 3039 Deum
3390 3026 3393 3029 λ

1769 3062 1995 3131 coeperit,
2023 3076 2180 3115 veros
2203 3061 2319 3131 ejus
2348 3058 2588 3115 cultores
2616 3059 2960 3131 insectando;
3006 3058 3179 3131 potuit
3217 3071 3353 3123 quo-

1769 3128 1874 3205 que
1905 3131 2131 3200 Moyses,
2159 3128 2281 3184 cuin
2307 3131 2469 3184 sociis
2494 3129 2719 3205 carceri
2750 3128 3067 3205 illancipari_
3093 3142 3189 3195 per
3227 3134 3352 3205 octo

1766 3196 1851 3256 Vel
1882 3196 2070 3255 novem
2100 3214 2312 3254 menses
2340 3208 2464 3253 ante
2500 3200 2815 3269 martyrinm
2846 3196 3070 3269 Fabiani
3097 3211 3265 3269 ;_cnm
3298 3196 3353 3247 in

1765 3271 1949 3325 Africa
1979 3270 2169 3325 eodem
2197 3278 2435 3338 tempore
2459 3266 2701 3323 saevitum
2731 3268 2893 3322 fuisse
2920 3268 2973 3321 in
3011 3266 3353 3320 Christianos

1766 3349 1976 3397 constet
2005 3355 2069 3395 ex
2098 3339 2290 3394 litteris
2318 3339 2570 3409 Cypriani
2596 3356 2611 3403 ;
2642 3340 2749 3393 imo
2776 3348 2831 3391 et
2866 3338 2982 3406 ipse
3020 3338 3209 3409 beatas
3252 3348 3349 3387 an-

1770 3412 1922 3466 tistes
1945 3410 2203 3477 quasitus
2225 3410 2290 3463 ad
2322 3406 2529 3464 leonem
2577 3410 2630 3463 in
2668 3409 2814 3463 circo
2861 3421 3002 3477 sepe
3041 3406 3206 3477 fuerit
3251 3418 3351 3457 an-

1769 3476 1985 3553 tequam
2019 3476 2933 3553 mors_inferretur_Fa_biano_snb
2980 3476 3193 3530 initium
3248 3488 3349 3553 an-

1768 3550 1821 3604 ni
1845 3545 1973 3603 250.
2018 3548 2122 3602 Per
2162 3547 2461 3601 absentiam
2512 3548 2656 3602 Decii
2701 3548 2769 3600 ab
2805 3545 2947 3600 Urbe
2975 3585 2991 3609 ,
3038 3545 3346 3598 maturrime

1766 3634 1923 3689 quam
1983 3618 2147 3686 potuit
2222 3626 2480 3689 suscepta
2530 3616 3047 3689 expeditione__(_ex_
3090 3610 3350 3689 Victore)

1768 3682 1949 3742 adulto
1983 3682 2161 3750 'vere,
2217 3682 2645 3755 persecutionem
2717 3682 2959 3755 nonnihil
3018 3682 3353 3738 deferbuisse

1768 3759 2028 3812 adnotaut
2054 3754 2253 3825 passim
2283 3754 2564 3810 historici:
2605 3756 2677 3809 ita
2710 3763 2768 3808 ut
2813 3754 3113 3824 Cyprianus
3159 3760 3352 3821 potue-

1770 3828 1841 3881 rit
1872 3842 2055 3882 mense
2084 3826 2220 3881 Maio
2266 3825 2487 3880 concilia
2521 3826 2818 3889 celebrare,
2850 3826 2941 3893 qui
2988 3832 3146 3877 antea
3180 3834 3343 3893 coge-

1769 3899 1928 3952 batur
1974 3897 2194 3951 latebris
2227 3896 2467 3965 qumsitis
2513 3895 2766 3950 Ecclesiae
2817 3892 2949 3965 sum,
2997 3909 3059 3947 ac
3088 3892 3191 3946 sibi
3223 3906 3351 3965 eon-

1770 3968 1965 4023 sulere.
2000 3968 2134 4021 'l‘um
2180 3961 2308 4020 vero
2356 3966 2527 4020 visum
2576 3974 2661 4019 est
2711 3966 2872 4018 etiam
2922 3964 3165 4017 Romano
3206 3961 3350 4016 clero

1770 4037 1905 4092 satis
1963 4046 2076 4092 tuto
2115 4040 2293 4107 [posse
2336 4036 2402 4089 ad
2448 4035 2767 4107 electionem
2828 4034 3081 4107 procedi;
3134 4047 3257 4107 cunt
3296 4038 3350 4081 et

1772 4107 1982 4177 Moyses
2027 4101 2306 4181 completis
2355 4122 2408 4181 xi
2464 4104 2734 4159 mensiluts
2777 4101 2840 4181 et
2891 4104 3079 4181 diebus
3128 4101 3349 4181 totidem

1771 4168 1987 4231 suorum
2025 4168 2357 4247 vinculorum
2396 4177 2447 4247 i_n
2478 4188 2707 4247 carcere
2757 4173 3095 4247 decessisset,
3148 4180 3202 4247 et
3250 4168 3353 4221 No-

1770 4257 1927 4301 vatus
1968 4246 2256 4318 eanfrica
2291 4245 2342 4318 in
2397 4243 3104 4318 Urb-eninja_m_advcuisset.
3154 4240 3348 4318 Verum

1770 4325 1986 4387 peracta
2012 4316 2275 4387 electione
2304 4314 2537 4387 Cornelii
2570 4315 2654 4387 die
2680 4313 2709 4367 4
2740 4313 2991 4387 .lunii,_u_t
3019 4328 3116 4365 uos
3146 4313 3351 4387 _opiua-

1772 4379 1937 4449 inur,
1991 4386 2398 4453 magistratuum
2447 4384 2785 4437 ethnicorum
2854 4384 3029 4437 rabies
3093 4379 3349 4453 adversus

1696 4443 1952 4513 Dlideles
1998 4443 2190 4509 iterum
2228 4453 2445 4508 incitata
2487 4454 2629 4507 Decii
2678 4453 2895 4507 victoris
2932 4451 3145 4520 ingenio
3191 4448 3351 4520 obse-

1772 4524 2047 4582 cundavit,
2086 4543 2103 4574 ι
2138 4523 2304 4577 multo
2338 4524 2626 4594 patientius
2655 4539 2731 4594 ac
2757 4517 3084 4594 tolerabilius
3128 4517 3351 4571 audien-

1774 4596 1843 4649 tis
1880 4594 2042 4648 levari
2093 4590 2354 4648 adversus
2404 4608 2461 4647 se
2515 4592 2763 4646 annulum
2814 4590 3352 4658 priucipem,_quam

1772 4664 2025 4720 constitui
2058 4663 2243 4718 Roma:
2273 4664 2365 4719 Dei
2396 4662 2751 4716 sacerdotem.
2789 4656 2938 4715 lluuc
2966 4656 3128 4728 igitur
3158 4656 3357 4728 Corne-

1772 4734 1901 4789 lium
1933 4735 2155 4787 audiens
2204 4734 2394 4789 sedere
2425 4730 2749 4798 intrepidum
2792 4724 3057 4785 llomm'iu
3106 4724 3358 4779 sacerdoo

1775 4807 1865 4860 tali
1896 4804 2149 4858 cathedra
2180 4815 2246 4854 eo
2270 4813 2507 4871 tempore
2533 4814 2655 4871 cunt
2686 4811 2944 4871 tyrannus
2983 4798 3210 4871 infestus
3259 4807 3352 4847 sa-

1760 4874 2081 4930 'cerdotibus
2107 4871 2200 4923 Dei
2231 4867 2395 4928 fanda
2428 4878 2586 4936 atque
2618 4867 2836 4923 infanda
2866 4867 3305 4936 comminaretur,
3333 4879 3351 4910 ι

1774 4944 2022 5001 exsulare
2042 4940 2208 5011 jussit
2251 4934 2647 5011 Centumcellas
2671 4956 2683 4990 :
2714 4941 2803 5011 ubi
2825 4956 2853 4992 a
2875 4934 3362 5011 Cy‘priauolittcras

1775 5007 2080 5084 complures
2101 5016 2318 5084 accepit
2344 5010 2557 5084 labente
2582 5021 2728 5063 anno
2752 5010 2876 5084 22:50,
2920 5007 3129 5084 signate
3167 5014 3364 5084 cousin—

1774 5066 1923 5139 libusr
1943 5066 2434 5139 ordinariis-Dedo
2464 5077 2657 5149 iterum
2689 5089 2747 5149 et
2779 5066 3083 5149 Gratofctﬁ
3106 5070 3228 5149 hdie
3245 5066 3368 5149 “Sili-

1773 5136 1917 5209 lecto
1946 5136 2341 5219 examensibﬁs—
2360 5142 2559 5219 aestivis
2588 5145 2657 5219 ad
2692 5146 2851 5203 linem
2895 5136 3019 5200 anni
3053 5140 3210 5219 Decio
3243 5136 3369 5219 filio.

1772 5218 2069 5277 Postremis
2115 5224 2251 5277 anni
2276 5208 2564 5280 ‘inensibus
2602 5212 2793 5272 Romae
2834 5218 3046 5270 decreta
3088 5208 3375 5280 Valeriano
