3954 6318
146 337 289 403 £377

894 333 1215 396 HISTORIA
1253 338 1341 397 DE
1379 333 1556 392 VITIS
1594 331 1792 389 ΡΟΝΤ.
1831 331 1996 390 ROM.
2036 363 2105 374 -—
2144 335 2202 391 S.
2240 340 2630 399 CORNELIUS

3267 348 3405 408 1578

140 460 436 525 sequentes
457 447 738 525 des_q_.avit.
760 441 937 525 Quare
954 448 1282 525 [Iostilianus
1303 459 1578 525 superstes
1593 466 1722 507 esse
1750 458 1797 519 Α
1827 451 2082 525 Ecclesia:
2109 455 2404 510 transferre
2424 454 2704 510 Constituit
2731 453 3013 511 Cornellus
3036 457 3105 512 ad
3130 466 3405 517 eatacum-

135 518 313 597 potuit
351 536 492 597 anno
532 519 918 597 ‘2?§2,__qt_|ando
946 518 1226 597 Cornelius
1266 518 1419 576 exsul
1464 522 1721 597 Centum:-

138 588 294 652 cellis
335 593 542 648 accitus
588 592 640 645 in
676 588 870 645 Urbem
896 605 926 643 a
960 588 1222 656 Maximo,
1257 601 1311 646 et
1339 601 1464 646 ante
1486 592 1722 646 tribunal

133 667 468 738 productus,
494 660 962 738 interrogantibus
987 659 1290 738 Decioo(h_oc
1317 671 1399 738 est
1432 663 1577 738 Decii
1611 662 1722 738 lilio

135 729 464 796 Hostiliaiio,
494 731 813 803 quemActa
841 729 1054 803 Decium
1084 729 1375 803 appellant)
1405 741 1460 786 et
1489 732 1722 787 Maximo

133 806 398 876 praefecto
421 801 702 876 respondit
715 817 776 854 ea
800 815 924 876 quae
939 801 989 853 in
1012 802 1176 876 gestis
1199 801 1341 876 illius
1359 801 1604 876 martyrii
1625 818 1720 876 «re-

133 870 327 931 censet
354 870 773 928 Schelestratius
804 870 984 942 Antiq.
1014 871 1155 942 Eccl.
1181 871 1394 927 dissert.
1419 873 1454 926 2
1475 912 1489 935 ,
1508 870 1636 942 cap.
1665 875 1718 937 6,

133 958 194 999 ct
226 961 325 1000 nos
357 944 493 998 infra
516 940 972 1013 cxpendcmusjn
1022 941 1162 1013 notis
1195 944 1260 994 ad
1287 943 1378 995 Iin‘.
1419 943 1484 997 Ili
1505 983 1519 1006 ,
1552 940 1720 997 donec

134 1016 226 1070 via
270 1008 823 1085 x’tppiausecundoab
866 1008 1293 1085 Urbemilliario
1319 1013 1611 1081 perductus
1651 1013 1720 1085 ad

134 1081 400 1155 templum
447 1081 666 1155 Martis,
695 1081 849 1150 eique
885 1081 1204 1155 sacrificare
1247 1099 1504 1155 recusans
1545 1083 1720 1155 capite

127 1150 332 1225 .pleius
352 1170 473 1209 cum
496 1154 656 1225 sociis
673 1150 993 1225 martyrium
1021 1153 1309 1224 complevit
1327 1153 1412 1209 die
1435 1169 1566 1207 xvm
1595 1152 1716 1207 Kal.

123 1223 393 1283 Octobris
427 1241 566 1278 anno
593 1223 720 1278 255.
1031 1261 1034 1264 .

142 1317 170 1337 ο
213 1298 380 1352 Linea
419 1293 824 1367 8.—_liogatu_s
871 1313 917 1367 ar
946 1297 1178 1367 quadarn
1225 1305 1467 1367 matrona
1516 1292 1718 1367 Lucina

125 1384 360 1438 corpora
389 1363 739 1438 apostoloru_m
775 1364 927 1438 Petri
951 1363 996 1420 et
1026 1363 1178 1438 Pauli
1206 1365 1269 1418 de
1302 1364 1620 1418 catacumbis
1646 1363 1718 1417 Ie-

127 1434 272 1492 varit
298 1434 448 1490 noctu
473 1476 490 1498 ,
516 1444 620 1505 etc.
660 1434 971 1491 Translatio
1000 1437 1174 1505 prima
1217 1450 1492 1488 sacrorum
1530 1450 1720 1504 corpoo

129 1525 258 1562 rum
303 1507 446 1560 Petri
494 1516 547 1559 et
586 1504 743 1559 Pauli
775 1521 841 1560 ex
884 1504 1010 1560 loco
1033 1509 1266 1576 ipsorum
1313 1505 1559 1576 martyrii
1604 1505 1717 1575 (ubi

127 1580 357 1656 fuerant
387 1577 617 1656 primum
645 1576 906 1656 deposita,
936 1587 990 1632 et
1014 1577 1102 1656 ubi
1128 1585 1326 1656 tropaja
1349 1575 1716 1656 apoStolorum

131 1649 412 1702 indicabat
437 1647 599 1700 Caius
623 1646 853 1714 scriptor
877 1647 1097 1701 secundi
1123 1646 1322 1714 saeculi)
1349 1646 1416 1697 ad
1443 1654 1720 1700 catacum-

121 1719 236 1771 has
283 1730 445 1786 prope
490 1717 862 1769 cienteterium
911 1715 1138 1777 Callisti,
1177 1716 1484 1786 prtecedere
1533 1715 1718 1770 debuit

125 1785 628 1848 hanciseeundam,
672 1801 792 1854 quze
839 1801 902 1840 ex
952 1785 1286 1842 catacumbis
1315 1785 1498 1838 retulit
1537 1786 1713 1840 Tusco

123 1869 188 1911 et
219 1857 382 1911 Basso
409 1856 717 1910 consulibus
751 1857 947 1926 eadem
991 1873 1147 1911 sacra
1179 1856 1400 1926 pignora
1432 1856 1498 1909 ad
1528 1856 1709 1924 pristi-

125 1945 163 1981 ιι
175 1944 265 1982 um
297 1927 470 1980 locum
497 1942 609 1980 suae
634 1924 1008 1981 confessionis.
1033 1926 1108 1981 De
1134 1924 1304 1994 prima
1325 1940 1455 1980 vero
1481 1926 1708 1981 transla-

119 2001 281 2052 tione
305 2012 427 2062 cum
460 1997 529 2051 sit
556 1998 722 2050 altum
753 1997 1051 2061 silentium,
1072 1997 1182 2050 lucc
1199 1996 1434 2050 secunda
1463 1996 1712 2050 attribui-

122 2078 224 2137 tur
243 2066 492 2137 Cornelio
511 2107 524 2130 ,
549 2068 638 2136 qui
665 2073 810 2120 Certe
833 2067 1006 2127 solido
1033 2066 1401 2137 quinquennio
1423 2078 1549 2137 ante
1579 2066 1709 2121 'I‘us-

124 2136 262 2193 cum
285 2146 339 2192 et
363 2136 588 2208 Bassum
628 2137 882 2192 consules
925 2136 1135 2208 martyr
1158 2136 1428 2208 occubuit.
1455 2136 1585 2208 iure
1617 2137 1713 2206 igi-

121 2219 226 2263 tur
255 2208 496 2262 narratio
525 2207 678 2262 istius
724 2207 1091 2262 translationis
1139 2217 1246 2262 tam
1276 2207 1507 2261 Baronio
1549 2222 1712 2276 quam

124 2279 384 2349 pluribus
408 2277 656 2349 Historia:
685 2278 1066 2349 ecclesiastica:
1093 2278 1450 2349 scriptoribus
1481 2277 1591 2332 visa
1631 2288 1714 2331 est

120 2346 364 2405 obnoxia
387 2347 811 2402 difﬁcultatibus.
827 2348 1081 2404 Profecto
1101 2346 1242 2403 hunc
1259 2346 1442 2415 judico
1462 2363 1624 2403 unum
1647 2363 1712 2402 ex

127 2419 600 2482 anachronismis,
632 2433 793 2489 quos
819 2418 978 2489 paulo
1019 2428 1144 2489 ante
1180 2417 1549 2473 memorabam
1580 2419 1717 2489 irre-

122 2489 305 2559 psisse
330 2490 383 2542 in
411 2489 743 2559 breviatores
772 2488 1029 2543 Actorum
1059 2488 1330 2559 Cornelii,
1365 2499 1419 2542 et
1443 2489 1602 2543 hasce
1626 2488 1716 2542 Vi-

63 2580 76 2583 -
125 2558 219 2614 tas
248 2559 369 2614 inde
391 2558 680 2624 collectas,
708 2559 822 2613 sive
848 2574 914 2613 ex
940 2559 1147 2613 laciniis
1167 2558 1534 2628 eatalogorum
1557 2598 1573 2622 ,
1603 2559 1716 2613 sive

123 2629 564 2700 expiconfusione
610 2638 884 2700 gestorum
935 2629 989 2684 in
1024 2629 1400 2700 persecutione
1453 2629 1600 2700 Decii
1650 2637 1717 2700 et

123 2699 308 2764 Galli,
349 2698 635 2753 Valeriano
663 2714 917 2762 censore,
959 2698 1035 2754 ett
1067 2699 1213 2753 Decii
1263 2698 1356 2753 lilii
1397 2714 1519 2754 cum
1566 2698 1716 2754 Gallo

123 2778 261 2851 post
283 2778 504 2824 mortem
543 2770 714 2851 patris
756 2771 999 2851 Augusta
1029 2769 1604 2851 appellationepotiti,
1653 2785 1718 2825 ac

126 2838 186 2895 in
221 2840 464 2895 Ctesarea
495 2838 797 2894 conﬁrmati
829 2838 924 2908 per
961 2838 1203 2904 Gallum,
1248 2856 1370 2894 eum
1397 2838 1714 2905 Volusiano,

127 2913 188 2965 in
227 2925 469 2965 censurre
499 2924 722 2964 munere
739 2920 1102 2978 permanente
1146 2909 1463 2974 Valeriano,
1501 2919 1554 2964 et
1586 2909 1718 2964 alio-

125 2997 253 3035 rum
282 2989 552 3051 gestorum
583 2980 686 3051 sub
712 2977 996 3051 Valeriano
1015 2979 1126 3046 jam
1151 2980 1527 3051 ‘principe,ad
1557 2995 1716 3048 quem

125 3049 367 3120 pertinet
390 3049 547 3105 Tusci
578 3059 631 3104 et
658 3049 809 3120 Bassi
835 3051 1177 3120 consulatus,
1212 3049 1525 3105 referendus
1552 3052 1716 3105 etiam

124 3117 198 3173 ad
238 3120 624 3178 Pontificatum.
656 3119 791 3173 Sixti
839 3119 1080 3174 secundi.
1121 3117 1252 3174 Vide
1294 3121 1347 3174 in
1394 3136 1511 3174 eum
1560 3132 1710 3174 notas

1825 523 1923 578 bas
1953 541 1965 576 :
1994 524 2081 596 ubi
2104 525 2215 594 jam
2260 525 2512 580 Callistus
2553 525 2684 580 satis
2717 526 2950 596 amplum
2993 543 3057 582 ac
3091 536 3259 584 tutum
3295 546 3407 586 ea:-

1823 590 2120 648 meterimn'
2133 603 2187 648 et
2208 605 2529 650 conventum
2551 590 2823 664 episcopis
2838 608 2891 651 et
2919 597 3056 666 plebi
3082 598 3407 656 Christiana:

1821 673 2106 736 aperuerat
2144 683 2155 736 ς
2191 675 2548 736 pneterquam
2585 669 2728 734 quod
2775 667 3057 722 Cornelius
3086 669 3260 736 gentis
3290 685 3405 725 sua:

1820 733 2078 806 praedium
2106 733 2565 806 viaAppia'circa
2599 733 2826 790 alterum
2877 739 2944 803 ab
2981 733 3110 792 urbe
3141 737 3403 806 lapidem,

1823 756 2078 802 pneumm
2107 756 2189 788 vna
2217 756 2388 806 Appla
2421 756 2565 791 eirea
2599 756 2826 790 alterum
2877 756 2944 803 an
2981 756 3110 792 urbe
3141 756 3188 790 ta
3209 756 3403 803 uuezu,

1823 804 1911 858 ubi
1941 803 2309 876 Corneliorum
2341 815 2582 860 veterum
2608 806 2854 876 sepulcra
2883 808 2985 861 sita
3016 808 3179 860 fuisse
3194 756 3406 864 tI'ullius

1821 884 2113 958 luem-orat,
2145 875 2372 958 fortasse
2409 875 2679 958 possedit,
2708 887 2761 958 et
2793 878 2917 932 huic
2955 877 3072 932 usui
3107 878 3405 958 liberaliter

1819 944 2013 1016 obtulit
2047 963 2059 997 :
2092 961 2153 1000 ac
2183 944 2588 1016 translationem
2621 949 2788 1000 tutius
2833 963 3088 1016 peragere
3123 949 3296 1016 potuit
3322 959 3407 1001 ut-

1820 1020 1944 1082 po‘le
1986 1014 2036 1067 in
2071 1017 2346 1087 proprium
2381 1015 2632 1087 fundum.
2667 1014 2890 1086 perinde
2932 1014 2993 1071 ac
3036 1017 3080 1070 si
3123 1014 3348 1084 alicujus
3376 1034 3407 1073 e

1820 1094 1980 1153 gente
2003 1101 2098 1139 sua
2125 1085 2285 1141 funus
2306 1096 2542 1140 curaret.
2571 1085 2756 1140 Sixius
2780 1103 2905 1140 vero
2932 1087 3201 1142 secundus
3225 1087 3404 1142 TusCo

1818 1164 1873 1207 et
1898 1153 2066 1226 Basso
2112 1157 2424 1211 consulibus
2472 1158 2721 1211 retulisse
2766 1157 2980 1210 videtur
3031 1157 3082 1210 in
3114 1158 3404 1226 pristinam

1820 1225 2000 1298 sedem
2034 1241 2064 1298 ρ
2093 1227 2454 1298 catacumbis,
2481 1227 2686 1282 scilicet
2708 1228 2759 1280 in
2783 1225 3127 1298 Vaticanum
3147 1229 3403 1298 reliquias

1818 1293 1996 1359 Petri,
2027 1294 2180 1367 Pauli
2213 1312 2343 1351 vero
2391 1297 2443 1352 in
2489 1299 2744 1367 praedium
2780 1297 2993 1353 Lucina:
3024 1299 3104 1350 via
3133 1293 3402 1366 Ostiensi;

1819 1379 1940 1418 cum
1964 1381 1992 1418 a
2017 1365 2275 1438 Stephani
2299 1381 2446 1436 papae
2472 1365 2727 1429 martyrio
2747 1368 2801 1422 in
2825 1369 3161 1422 cataeumbis
3185 1365 3407 1438 perinde

1820 1443 1944 1508 nota
1973 1436 2128 1490 sedes
2164 1447 2458 1508 conventus
2506 1438 2935 1508 Christianorum
2988 1436 3199 1493 haberi'
3226 1449 3408 1508 posset

1819 1506 2282 1579 adecwmeterium
2309 1506 2552 1571 Callisti,
2581 1524 2645 1579 ac
2674 1519 2798 1562 nota
2827 1509 3035 1563 censeri
3059 1506 3402 1579 antea'pote-

1821 1586 1903 1630 rat
1931 1575 2090 1630 statio
2118 1576 2184 1630 ad
2218 1576 2554 1631 Vaticanum.
2597 1577 2888 1646 Utriusque
2929 1590 3110 1632 autern
3163 1575 3400 1633 transla-

1821 1646 1982 1718 tionjs
2010 1647 2315 1701 commistio
2344 1649 2396 1700 in
2425 1658 2628 1718 textum
2657 1649 2907 1718 irrepsit,
2939 1651 3053 1703 sive
3083 1664 3145 1702 ex
3178 1649 3368 1702 laruna
3387 1691 3403 1714 ,

1819 1715 2006 1788 quales
2051 1719 2104 1771 in
2153 1718 2398 1788 catalogo
2444 1717 2730 1772 Liberiano
2769 1715 2946 1788 supra
2997 1719 3406 1775 observavimus

1817 1787 2206 1858 conjungentes
2237 1787 2525 1858 suppresso
2564 1790 2712 1843 hiatu
2745 1787 2893 1844 initia
2926 1791 3086 1843 unius
3131 1789 3402 1856 pontificis

1815 1873 1938 1912 cum
1959 1861 2072 1911 line
2105 1857 2360 1928 alterius;
2401 1860 2525 1928 sive
2553 1859 2960 1928 ex‘perturhata
2992 1860 3178 1912 notitia
3215 1875 3402 1928 perse-

1812 1928 2045 1984 cutionis
2068 1929 2215 1984 Decii
2262 1927 2474 1993 Patris,
2500 1927 2672 1992 Galli,
2711 1939 2764 1984 et
2808 1929 2899 1983 lilii
2940 1929 3083 1984 Decii
3119 1927 3402 1984 llostiliani

1811 2013 1908 2068 per
1936 1999 2278 2052 Valerianum
2306 2014 2586 2068 censorem
2611 2000 2709 2054 sub
2734 1999 2922 2054 iisdem
2949 1999 3252 2054 Ciesarihus
3278 2016 3403 2054 eum

1813 2067 1983 2141 altera
2017 2070 2182 2140 ipsius
2217 2067 2484 2141 Valeriani
2507 2067 2618 2138 jam
2643 2070 2904 2141 principis
2925 2111 2938 2136 ,
2970 2081 3029 2124 ut
3053 2085 3193 2138 stepc
3214 2070 3400 2126 obser-

1813 2139 2046 2192 vandum
2079 2139 2407 2195 monuimus.
2825 2139 2835 2141 ⁷
3283 2193 3293 2200 .

1884 2209 2046 2263 Linea
2085 2209 2172 2264 Ili.
2195 2241 2267 2280 -έ-
2289 2209 2475 2264 Decius
2498 2211 2652 2280 jussit
2683 2210 2991 2280 prarseutari
3015 2209 3401 2280 cumprmferto

1815 2277 1970 2334 Urbis
1996 2282 2050 2333 in
2080 2279 2374 2334 lnterludio
2418 2277 2572 2334 noctu
2597 2277 2716 2334 ante
2743 2279 2989 2348 templum
3031 2277 3291 2332 Palladis.
3326 2281 3402 2334 Ex

1814 2350 1980 2420 gestis
2023 2350 2262 2421 martyrii
2309 2352 2422 2405 bzec
2469 2351 2721 2420 periocha
2759 2351 3037 2421 desumpta
3069 2358 3186 2421 est,
3220 2349 3343 2404 licet
3372 2366 3402 2403 a

1815 2419 1935 2474 rudi
1964 2419 2284 2484 breviat‘ore,
2315 2430 2409 2475 aut
2431 2419 2761 2490 descriptore
2787 2419 3030 2474 nonnihil
3057 2419 3356 2490 deformata
3383 2438 3400 2474 :

1815 2505 1976 2559 quam
2022 2506 2085 2544 es
2133 2491 2359 2560 vestigio
2388 2489 2816 2546 veterisRomae
2863 2489 3097 2560 restituit
3125 2505 3396 2560 germanae

1816 2560 2030 2631 lectioni
2063 2559 2540 2631 przeslatitissimus
2567 2561 2964 2629 Antiquitatum
3007 2559 3272 2628 interpres
3312 2560 3398 2616 lo.

1815 2630 2008 2685 Petrus
2039 2630 2332 2696 Bellorius,
2372 2630 2665 2686 Nardinum
2715 2639 2964 2692 secutus,
3003 2636 3059 2682 ut
3105 2631 3299 2684 asserit
3348 2631 3402 2684 in

1816 2702 1960 2756 notis
1991 2703 2058 2755 ad
2085 2702 2344 2756 Tabulam
2373 2717 2470 2756 xm
2505 2701 2714 2772 vestigii
2745 2702 2948 2772 veteris
2974 2698 3401 2772 Ilotme._0bser-

1818 2782 1913 2826 vat
1959 2773 2010 2826 in
2060 2787 2363 2836 marmore,
2391 2769 2862 2842 .Ichnographiam
2909 2769 3068 2842 Urbis
3111 2770 3402 2842 exhibente

1815 2844 1916 2897 sub
1944 2842 2108 2912 impp.
2139 2842 2339 2897 Severo
2359 2851 2414 2897 et
2435 2839 3183 2912 Caracalla,ip_rope_Telluris
3205 2839 3400 2912 aedem,

1818 2910 2109 2982 indicatam
2157 2929 2254 2982 per
2301 2912 2511 2967 litteras
2556 2912 2618 2966 ΙΝ
2651 2910 2826 2982 TEL_L
2871 2910 3135 2982 delineata
3161 2911 3402 2982 cotispici

1821 2981 2016 3052 templa
2066 2973 2204 3045 duo,
2254 2983 2490 3052 ascripta
2537 2982 2735 3036 indicio
2772 2973 3162 3052 AEDES‘......._
3196 2973 3401 3034 I-lorum

1817 3049 1980 3122 unum
2025 3053 2270 3107 attribuit
2300 3049 2550 3106 Minervae
2576 3068 2740 3122 prope
2770 3052 2943 3122 forum
2984 3049 3280 3122 Palladium
3304 3066 3402 3105 seu

1817 3121 1992 3194 forum
2012 3122 2213 3194 Nervae,
2230 3132 2283 3194 et
2299 3120 2613 3194 comprobat
2628 3120 2698 3194 es
2725 3122 2872 3176 Actis
2904 3120 2959 3174 S.
2975 3121 3226 3194 Gordiani
3241 3123 3401 3194 hunc

126 3189 290 3271 Pagii
315 3190 453 3258 infra
477 3205 620 3271 nam.
645 3189 733 3274 εει.
763 3187 882 3272 μου
915 3189 1076 3260 igitur
1104 3191 1381 3270 assentiar.
1417 3189 1710 3245 Pearsonio
1742 3191 1785 3251 C
1819 3193 1994 3274 ipsum
2015 3191 2323 3274 lor-umeju‘s
2339 3187 2885 3274 martyriodelectum
2917 3189 3224 3274 apriefecto
3241 3189 3402 3270 Urbis

125 3260 506 3330 interpretanti
534 3259 951 3314 translationem
965 3275 1251 3329 corporunt
1281 3259 1557 3328 utriusque
1579 3275 1710 3330 apo-

125 3330 257 3384 stoli
289 3331 362 3400 de,
401 3331 517 3386 loco
549 3331 784 3398 ipsorum
821 3330 1063 3400 martyrii
1112 3330 1181 3384 ad
1211 3332 1558 3385 catacumbas
1583 3347 1707 3400 per-

126 3409 310 3456 actam
342 3399 505 3455 fuisse
533 3400 707 3454 Tusco
731 3409 784 3454 et
814 3399 979 3470 Basso
1008 3415 1168 3461 coss.,
1196 3415 1261 3454 eo
1284 3401 1425 3470 quod
1449 3401 1500 3454 in
1545 3399 1712 3470 Depo-

123 3471 320 3524 sitione
364 3470 658 3541 Martyrum
705 3469 847 3524 tertii
893 3469 1136 3537 opusculi
1185 3469 1504 3541 Bttcheriani
1541 3469 1712 3541 (inter

124 3539 524 3621 Prolcgoniepa'
564 3541 778 3621 nostra)
821 3541 1148 3621 assigpetur.
1179 3539 1400 3621 diei‘m
1457 3539 1574 3621 Ital.
1615 3539 1711 3621 ,ιιιέ

124 3612 187 3665 lii
238 3609 495 3664 memoria
545 3609 893 3679 depositionis
944 3609 1092 3664 Petri
1137 3609 1188 3662 in
1239 3610 1599 3679 catacumbis,
1658 3620 1712 3665 et

122 3680 280 3736 Pauli
310 3683 392 3734 via
424 3678 656 3736 Ostiensi
681 3681 883 3735 eisdem
906 3679 1216 3734 consulibus
1243 3679 1420 3733 Tusco
1440 3687 1494 3732 et
1522 3678 1708 3746 Basso,

123 3751 524 3822 pertinentibus
551 3752 616 3822 ad
648 3766 848 3822 annum
873 3749 1308 3822 258,7Asexeunio
1347 3756 1464 3819 post
1510 3761 1712 3822 martyg

120 3819 266 3877 rium
293 3819 547 3876 Cornelii.
579 3819 872 3874 Admittam
909 3819 1070 3890 facile
1105 3836 1177 3890 ex
1204 3820 1322 3873 loco
1368 3819 1610 3890 martyrii
1642 3819 1710 3874 ad

118 3892 472 3946 cataemnbas
521 3891 722 3945 ideirco
755 3889 1011 3944 translata
1044 3889 1208 3945 fuisse
1255 3890 1444 3943 eadem
1495 3889 1707 3944 sacrata

118 3976 386 4032 corpora,
419 3961 687 4032 prmeipue
719 3971 898 4032 autem
925 3959 1066 4015 Petri
1093 4001 1108 4024 ,
1142 3960 1431 4032 inchoante
1457 3975 1709 4029 persecu-

118 4033 272 4086 tione
305 4029 446 4085 Decii
485 4029 606 4086 cuui
633 4029 750 4098 ejus
788 4030 1016 4101 imperio
1037 4071 1050 4094 ,
1081 4046 1178 4099 per
1221 4030 1530 4101 Cornelium
1563 4046 1707 4086 anno

116 4101 264 4165 251,
313 4117 376 4170 ex
424 4101 514 4154 illa
561 4115 723 4156 eausa
769 4100 932 4170 quam
979 4102 1051 4155 ibi
1091 4100 1414 4155 Cestriensis
1461 4111 1708 4156 recenset

119 4171 270 4240 apud
323 4169 584 4242 Pagium,
621 4169 812 4242 nempe
861 4180 916 4242 ut
961 4171 1034 4242 ibi
1081 4173 1244 4242 tutius
1278 4171 1458 4224 haberi
1501 4181 1706 4240 possent

119 4241 421 4296 stationes.’
445 4241 599 4296 Addo
647 4241 729 4303 id,
769 4241 911 4308 quod
954 4241 1275 4296 Cestriensis
1301 4256 1406 4295 non
1438 4242 1705 4308 attendit,

119 4327 321 4380 nempe
347 4311 690 4366 eonsuevisse
717 4310 901 4366 haberi
923 4312 1292 4366 ordinationes
1310 4311 1376 4364 ad
1407 4310 1552 4366 Petri
1577 4326 1706 4367 con-

119 4381 414 4436 fessionem
431 4382 481 4435 in
500 4381 775 4445 Vaticano,
793 4390 847 4434 ut
867 4381 1110 4451 pluribus
1126 4381 1488 4436 demonstravi
1507 4381 1560 4434 in
1577 4397 1708 4450 prae-

117 4451 328 4506 fatione
344 4452 468 4506 tomi
486 4451 677 4517 I,num.
695 4451 764 4505 50
780 4469 792 4504 :
812 4452 1266 4520 quemadmodum
1281 4462 1333 4504 et
1347 4451 1704 4517 Alexandrize,

119 4531 264 4578 teste
288 4521 537 4576 Liberato
567 4522 619 4576 in
659 4519 939 4577 Breviculo
974 4537 1093 4590 cap.
1122 4523 1214 4575 20.
1242 4519 1551 4576 Patriarcha
1583 4538 1704 4578 suc-

116 4607 312 4646 cessor
356 4607 518 4660 super
563 4591 862 4647 decessoris
911 4591 1146 4660 defuncti
1195 4606 1390 4660 corpus
1445 4593 1706 4648 excubias

115 4659 678 4734 agebat,tnanumque
703 4664 974 4734 dexteram
991 4659 1214 4734 ejussuo
1226 4659 1391 4734 capiti
1405 4661 1700 4734 imponens,

115 4730 183 4786 a'
206 4732 414 4800 sepulto
464 4733 711 4786 manibus
763 4733 876 4787 suis
925 4731 1222 4800 accipiebat
1271 4730 1493 4801 palliuni
1558 4733 1702 4787 beati

116 4802 320 4865 Marci,
353 4801 596 4871 colloque
623 4804 961 4871 apponebat,
998 4812 1052 4856 et
1091 4811 1214 4857 tunc
1249 4801 1488 4870 legitime
1515 4803 1703 4859 sedere

115 4872 462 4929 censebatur.
499 4873 682 4927 Itonia:
727 4871 934 4928 seclusa
983 4872 1084 4927 hac
1120 4872 1355 4927 defuncti
1401 4881 1702 4928 contrecta-

118 4947 304 5008 tione,
351 4958 514 5013 prope
560 4943 732 5014 locum
777 4942 926 5014 I‘etri
959 4941 1318 5014 confessionis
1362 4959 1425 4998 ac
1471 4941 1700 5014 depositi

114 5011 366 5082 corporis
398 5011 681 5068 stationes-
707 5013 1042 5067 habebantur
1087 5011 1138 5066 in
1185 5013 1354 5069 sacris
1405 5011 1702 5069 ordinatio-

116 5085 313 5147 nibus,
338 5091 394 5155 ut
422 5093 635 5155 constat
661 5099 726 5139 ex
762 5083 1100 5138 sermonibus
1151 5082 1347 5155 Leonis
1375 5084 1574 5155 magni.
1607 5085 1702 5150 Di-

117 5155 332 5223 rigente
360 5154 521 5224 igitur
564 5153 727 5209 Decio
756 5153 1303 5224 sutepersecutionis
1337 5153 1486 5209 ictus
1508 5155 1700 5224 praeci-

116 5239 258 5292 puos
284 5225 334 5277 in
361 5223 701 5289 sacerdotes,
731 5234 788 5278 ut
810 5223 1050 5292 epistola:
1077 5223 1309 5294 Cornelii
1339 5233 1393 5278 et
1420 5223 1698 5294 Cypriani,

116 5305 286 5363 atque
329 5295 589 5349 Eusebius
630 5303 911 5355 testantur,
961 5309 1182 5349 necesse
1225 5293 1326 5348 fuit
1371 5293 1700 5350 ordinandas

117 5365 419 5420 subducere
463 5380 494 5419 a
524 5374 782 5419 consueto
827 5363 1076 5434 stationis
1119 5363 1271 5429 loco,
1319 5364 1550 5420 ethnicis
1584 5364 1696 5434 jam

118 5434 259 5488 satis
285 5444 409 5488 noto
437 5435 536 5506 sub
559 5434 785 5505 imperio
813 5428 1126 5506 Alexandri.
1149 5428 1283 5490 Cum
1303 5443 1490 5506 tamen
1519 5428 1698 5506 place-

119 5514 208 5560 ret
251 5505 454 5576 scrvari
500 5503 735 5576 veterem
784 5505 1226 5576 consuetudinem
1263 5503 1536 5576 vigilandi'
1558 5506 1698 5574 apud

120 5589 322 5643 corpus
355 5574 613 5645 principis
639 5575 1033 5644 apostolorum,
1066 5574 1156 5644 qui
1207 5574 1259 5628 in
1306 5574 1540 5646 secunda
1580 5577 1694 5646 epi-

121 5647 259 5699 stola
308 5661 403 5699 sua
469 5644 712 5699 edixerat
767 5647 1014 5700 daturum
1033 5661 1101 5702 se
1128 5660 1350 5714 operam
1389 5644 1696 5714 diligenter,

123 5725 186 5768 ut
214 5714 520 5785 frequentes
547 5715 772 5770 haberet
797 5723 918 5784 post
944 5715 1150 5785 obitum
1193 5730 1348 5770 suum
1380 5714 1564 5772 fideles
1595 5718 1698 5771 sibi

121 5784 493 5854 eonereditos;
522 5786 622 5841 hoc
660 5787 832 5859 ipsum
878 5801 1073 5860 corpus
1105 5784 1402 5842 fundatoris
1444 5787 1697 5844 ltomana:
1731 5792 1754 5804 ⁴

1816 3259 2497 3318 CrescentianofBellorii'
2513 3265 2674 3318 verba
2718 3262 3095 3317 transm'ibam.
3133 3280 3150 3313 ι
3184 3259 3401 3314 Fannia-

1814 3349 1915 3404 nus
1933 3333 2212 3404 Nat-diuus
2235 3335 2452 3404 regione
2482 3350 2557 3398 tv,
2584 3333 2838 3402 templum
2864 3331 3401 3404 Tellurisiuquircns

1814 3403 1866 3456 in
1921 3403 2039 3457 foro
2073 3399 2568 3466 Nervzefadvertit
2613 3399 2783 3457 Servii
2837 3402 2998 3455 verba
3039 3401 3105 3454 ad
3156 3399 3249 3452 lib.
3301 3415 3396 3454 vut

1811 3471 2058 3528 Aineidis
2090 3492 2104 3527 :
2134 3471 2345 3528 Carina:
2379 3485 2498 3528 sunt
2545 3474 2770 3542 (edi/icio
2808 3472 3035 3542 factaiit
3075 3468 3393 3542 Cariuarum

1810 3545 2057 3613 modum,
2096 3560 2213 3613 qua:
2255 3553 2401 3597 erant
2449 3545 2586 3596 intra
2629 3539 2874 3612 templum
2920 3540 3163 3613 Telluris.
3198 3539 3400 3613 Probat

1812 3611 2128 3682 illudintra
2160 3627 2264 3666 non
2303 3614 2595 3681 importare
2638 3611 2757 3682 quae
2796 3613 2846 3665 in
2893 3612 3089 3682 templo
3113 3619 3275 3682 sunt,
3303 3611 3397 3665 sed

1812 3681 2010 3750 templo
2041 3682 2354 3752 adjacentia
2400 3683 2660 3746 aedilicia,
2701 3682 2860 3752 quasi
2911 3681 3048 3734 infra
3082 3681 3396 3752 templum,

1811 3749 2016 3806 nonin
2070 3749 2287 3820 templo.
2331 3750 2671 3805 Assentimur
2701 3749 2966 3820 Nardinro,
3001 3751 3093 3806 sed
3141 3749 3390 3820 ampliori

1812 3815 2288 3892 interpretatio-ne;
2322 3822 2462 3876 intra
2497 3821 2750 3892 templum
2799 3819 3142 3892 TellurisLet
3184 3815 3393 3874 in'Ti-l-

1809 3892 1926 3946 lure
1952 3890 2088 3946 idem
2115 3906 2235 3947 esse
2253 3932 2266 3955 ,
2294 3892 2542 3961 idemque
2570 3890 2860 3961 significari
2893 3891 3164 3945 credimus
3191 3903 3260 3961 cx_
3291 3904 3393 3942 uo-

1809 3963 1907 4032 stri
1959 3962 2168 4032 vestigii
2227 3961 2416 4027 titulo,
2456 3958 2761 4032 referrique
2807 3961 3196 4032 adiexteriora
3242 3958 3386 4032 loca.

1811 4031 1954 4087 Satis
1989 4027 2220 4102 probant
2263 4033 2397 4087 Acta
2439 4033 2608 4087 sancti
2653 4027 2956 4102 Gordiani:
3005 4027 3391 4102 Clemgttianus

1807 4097 2047 4173 prtrcepit
2071 4112 2223 4172 caput
2253 4104 2298 4156 ei
2326 4103 2590 4173 amputari
2615 4113 2740 4173 ante
2765 4099 3009 4173 templum
3056 4101 3108 4173 in
3153 4097 3390 4173 Tellure,

1808 4168 2095 4243 corpusaue
2115 4168 2228 4242 ejus
2249 4168 2434 4243 projiei
2457 4182 2577 4226 ante
2606 4171 2841 4243 Palladis
2867 4168 3053 4243 redeat.
3073 4168 3391 4243 Anastasius

1808 4243 1874 4297 de
1907 4240 2040 4298 Divo
2070 4240 2320 4311 Cornelio
2340 4240 2358 4295 ἐ
2384 4241 2549 4307 Quem
2573 4253 2746 4294 tamen
2765 4241 2926 4311 jussit
2958 4241 3055 4311 sibi
3081 4240 3389 4311 prgeseutari

1807 4329 1934 4384 cuiu
1960 4313 2204 4384 prwfecto
2238 4310 2392 4384 Urlgis
2419 4313 2483 4384 ia,
2505 4308 2802 4384 lnterlude.
2825 4310 3087 4384 Eme_nd_at
3118 4308 3390 4384 Nartlinus

1808 4383 1862 4436 ia
1894 4379 2118 4437 Tellure.
2153 4383 2295 4438 Idem
2323 4380 2594 4436 Nardinus
2643 4380 2914 4450 templum
2940 4379 3173 4433 Telluris
3201 4379 3390 4450 statuit

1809 4453 1877 4507 ad
1905 4453 2080 4508 forum
2111 4452 2329 4517 Nerva},
2368 4467 2460 4507 seu
2504 4448 2838 4516 Palladium,
2872 4449 2958 4505 ubi
2997 4465 3138 4504 nunc
3163 4448 3385 4504 aedicula

1809 4533 2010 4595 sancta:
2039 4523 2218 4578 Maria:
2244 4522 2572 4595 Angelorum
2615 4523 2666 4595 in
2703 4521 2788 4575 via
2824 4520 3198 4595 Alexandrina
3221 4560 3236 4584 ,
3268 4534 3388 4595 qua:

1812 4594 2108 4664 antiquitus
2135 4589 2386 4649 tendebat
2410 4593 2484 4664 ad
2513 4593 2776 4664 Carinas,
2805 4592 3182 4664 dividehatqne
3215 4589 3387 4657 regio-

1811 4680 1908 4720 nes
1945 4661 2062 4719 'via:
2102 4678 2273 4720 sacrae
2310 4673 2366 4718 et
2401 4662 2504 4719 fori
2541 4663 2772 4718 Iloruani
2801 4680 2813 4716 :
2848 4677 2968 4732 qua:
2997 4661 3081 4714 via
3111 4661 3164 4714 in
3205 4669 3387 4713 nostro

1810 4734 2036 4805 vestigio
2061 4741 2364 4805 apparet.)

1882 4800 2110 4860 Na'rdini'
2128 4800 2192 4859 ac
2227 4803 2442 4859 Bellorii
2470 4801 2836 4858 emendationi
2867 4811 2929 4857 ac
2959 4800 3242 4856 sententiae
3285 4813 3378 4854 ne-

1809 4875 2012 4930 minem
2065 4884 2192 4944 puto
2236 4873 2652 4942 refragaturmn.
2699 4873 2912 4944 Addere
2966 4880 3148 4944 tamen
3194 4868 3382 4944 juvat,

1808 4945 1950 5015 quod
1987 4940 2146 5015 paulo
2177 4953 2302 5000 ante
2330 4940 2629 4998 iudicabam
2655 4983 2669 5007 ,
2703 4943 2756 4997 in
2786 4942 2933 5015 Actis
2965 4940 3386 5015 I_)_e(_:i_um__e_xb_i-

1807 5009 1921 5071 beri
1943 5009 2343 5086 jubententtut
2385 5021 2650 5083 praesente
2689 5011 2952 5086 praefecto
2975 5009 3136 5086 Urbis
3166 5010 3380 5086 sibi_si-_

1804 5079 2039 5142 steretur
2067 5085 2347 5141 Cornelius
2379 5079 2402 5138 Ξ
2421 5099 2579 5153 quem
2619 5079 2844 5137 subinde
2888 5082 2954 5136 ad
2981 5080 3166 5153 Martis
3193 5079 3381 5153 deduci

1805 5157 2066 5226 imperat.
2111 5150 2487 5226 et__nolentein
2536 5154 2866 5226 sacriliearc‘
2893 5151 3068 5226 capite
3117 5150 3380 5226 truncari.

1806 5219 1950 5281 Decii
1997 5225 2139 5281 tilius
2187 5223 2517 5280 Hostilianus
2537 5264 2551 5289 ,
2581 5224 2797 5278 nomine
2830 5219 2972 5291 Decii
3002 5219 3384 5291 intelligendus

1805 5296 1894 5352 hic
1918 5305 2000 5350 est
2051 5313 2065 5350 :
2119 5310 2276 5365 quem
2331 5304 2613 5365 propterea
2658 5293 2876 5365 Decium
2933 5290 3194 5346 Cwsarent
3247 5291 3383 5343 Acta

1803 5381 2016 5436 semper
2045 5362 2313 5437 appellant
2333 5362 2358 5420 ἐ
2375 5362 2500 5437 erat
2528 5364 2669 5420 enim
2700 5362 2936 5437 Cirsara
2977 5371 3128 5437 patre
3166 5368 3384 5437 creatus

1805 5430 2095 5507 antéquani
2117 5430 2130 5437 ’
2160 5437 2299 5492 Urbe
2349 5436 2655 5507 discederet
2702 5430 3008 5507 ad_bc_llu_m
3048 5430 3378 5507 Scythicum

1803 5501 2162 5583 eumjnajore
2185 5516 2310 5561 nattt
2336 5506 2445 5583 lilio
2467 5506 2530 5572 ρ.
2564 5504 2830 5583 I_Iercunio
2854 5503 2965 5583 (qui
2990 5502 3158 5583 etiam
3186 5501 3380 5583 Decius

1803 5569 2112 5632 nominatur
2145 5579 2198 5632 in
2229 5569 2546 5631 nummiset
2577 5569 3033 5644 inscriptionibus)
3053 5580 3117 5644 et
3147 5573 3198 5644 iu
3231 5569 3377 5624 Urbe

1806 5647 2024 5702 relictus
2057 5666 2070 5701 :
2113 5646 2200 5702 ubi
2227 5654 2346 5716 post
2375 5647 2583 5716 obitum
2624 5643 2792 5714 patris
2821 5652 2876 5699 et
2911 5643 3094 5716 fratris
3130 5643 3376 5710 Augusto

1805 5717 2031 5788 imperio
2075 5712 2290 5771 auctum
2326 5731 2446 5788 eum
2492 5712 2676 5788 Callo,
2704 5730 2752 5788 _a
2799 5729 2906 5784 quo
2934 5712 3220 5788 adoptatus
3256 5720 3338 5764 est
3361 5748 3377 5771 ,

1805 5781 2066 5843 rixenturut
2093 5788 2291 5844 Victor.
2329 5783 2481 5842 lIunc
2516 5781 2949 5856 igiturjuvc'nem
2978 5781 3179 5852 judicia
3224 5795 3381 5835 exer-
