3954 6318
114 320 138 372 1
148 316 251 375 339

839 312 1156 376 HISTORIA
1199 320 1285 375 DE
1326 318 1501 375 VITIS
1538 318 1702 375 ROM.
1745 319 1944 378 ΡΟΝΤ.
1970 351 2044 362 -
2073 321 2132 376 S.
2171 314 2602 378 STEPIIANUS.

3242 320 3382 380 i390

112 432 223 488 ﬁne
255 447 375 503 cap.
411 430 462 504 β.
492 432 709 488 dissert.
736 432 772 487 2
803 435 1054 502 antiquit.
1095 434 1237 489 Eccl.
1275 433 1539 488 deliniunt
1578 444 1693 486 orto
1724 441 1768 496 Λ
1796 434 1933 497 255;
1967 441 2037 504 et
2074 432 2571 504 Luciimartyrium
2604 436 2777 501 pariat
2814 445 2936 504 cum
2972 431 3057 504 die
3099 447 3156 487 ιιι
3200 432 3382 489 Nonas

110 496 376 557 mensibus
410 496 561 561 Lucii
602 496 1000 573 pontificatum,
1064 505 1293 559 fortasse
1335 520 1438 557 non
1466 518 1690 571 compn-

112 583 295 645 tantes
342 584 553 642 tempus
597 574 837 641 ejusdem
890 575 1271 645 relegationis;
1315 590 1437 628 cum
1478 582 1536 645 et
1582 576 1697 640 ipse

113 642 450 714 Stephanum
485 660 551 700 ex
582 646 961 700 archidiacono
982 642 1289 714 episcopum
1325 644 1582 698 vicarium
1608 659 1696 696 or.

111 712 387 769 dinaverit
439 723 498 768 ut
519 715 820 770 videbimus
846 731 1072 771 numero
1102 712 1372 785 sentienti.

656 843 810 883 κοτε
848 844 1168 883 HISTORICE.

186 908 351 969 Linea
370 912 763 979 l,2.-—Annos
792 932 872 979 ιιι,
896 934 1093 970 menses
1115 930 1230 977 vm,
1254 915 1363 968 dies
1387 931 1468 969 ιιι.
1492 914 1608 969 υἱιιί
1643 916 1695 969 in

112 986 259 1056 notis
284 987 698 1056 chronologicis,
733 1002 1012 1041 numerum
1043 987 1341 1050 mensium;
1376 987 1427 1040 in
1449 986 1696 1054 exetnplo

110 1053 385 1127 Liberiani
414 1053 641 1127 catalogi
689 1074 719 1112 a
764 1058 976 1112 caeteris
1004 1058 1432 1127 dissentientem,
1469 1053 1695 1111 istorum

111 1126 428 1181 testimonio
459 1138 515 1181 et
558 1126 890 1198 picturarum
918 1127 1019 1183 ει)νί
1048 1126 1309 1182 Leoniani
1345 1142 1465 1182 esse
1493 1128 1559 1182 ad
1592 1136 1698 1181 ter-

112 1198 329 1267 narium
366 1198 730 1267 redigendum.

189 1266 356 1322 Linea
387 1269 440 1321 5.
460 1265 533 1308 J—
568 1267 900 1323 Valerianum
936 1284 996 1323 Ill
1026 1278 1074 1322 et
1112 1265 1466 1322 Gallicanum.
1496 1267 1695 1323 Ibidem

108 1339 337 1405 probavi
381 1339 764 1394 restituendam
795 1354 915 1393 esse
962 1339 1246 1393 lectionem
1278 1338 1612 1403 consulatus,
1643 1350 1699 1391 et

109 1409 499 1475 exprimendae
535 1425 677 1465 coss.
720 1409 1055 1463 Valerianum
1085 1425 1119 1462 ιι
1161 1420 1208 1462 et
1234 1407 1552 1461 Gallienum.

114 1477 430 1550 siALineagi.
457 1510 528 1519 —
559 1480 657 1533 llic
685 1480 948 1550 prrrcepit,
976 1490 1029 1531 ut
1059 1481 1163 1532 duo
1188 1480 1488 1548 presbyteri,
1516 1488 1565 1532 et
1595 1488 1697 1532 tres

108 1547 329 1621 diaconi
349 1548 401 1602 in
424 1551 562 1603 omni
583 1547 696 1621 loco
722 1547 1015 1621 episcopum
1040 1567 1141 1603 non
1160 1555 1473 1621 desqereut,
1490 1559 1701 1618 propter

109 1620 465 1688 testimonium
499 1619 927 1673 ecclesiasticum.
969 1620 1141 1688 Supra
1182 1620 1235 1672 in
1268 1619 1516 1674 Evaristo
1546 1635 1694 1673 ιιιιιιι.

108 1687 145 1739 6
195 1689 463 1752 vidinms,
509 1692 759 1759 episcopo
806 1687 1119 1759 pnedicanti
1162 1689 1330 1743 fuisse
1373 1691 1693 1743 attributmn

107 1759 428 1852 comita'tlum
474 1771 671 1842 septeni
706 1762 1047 1852 diacouarum
1100 1772 1308 1840 propter
1344 1760 1536 1840 styluns
1565 1760 1695 1840 veri-
1728 1794 1769 1852 Β

109 1831 263 1901 tatis.
302 1830 397 1885 Hic
433 1846 563 1884 vero
590 1832 841 1901 episcopo
876 1832 1075 1901 ubique
1102 1829 1297 1899 agenti
1334 1831 1560 1883 comites
1607 1830 1691 1901 ine

107 1899 316 1954 dividui
358 1904 683 1970 deputantur
722 1899 1019 1972 presbyteri
1077 1902 1266 1955 saltem
1303 1901 1430 1972 duo,
1479 1900 1693 1954 diaconi

108 1978 252 2052 tres,
274 1982 483 2052 propter
497 1971 844 2052 testimonium
862 1970 1382 2052 ecclesiastictnn..Et
1410 1971 1510 2024 hoc
1529 1984 1694 2051 expo—

107 2039 281 2094 situm
310 2039 410 2095 fuit
454 2042 504 2095 in
547 2044 687 2097 notis
729 2042 1040 2102 Altaserne,
1090 2040 1345 2106 Bcncini,
1386 2049 1440 2095 et
1467 2042 1689 2106 nostris,

106 2127 252 2179 quas
287 2112 506 2167 consule
532 2128 561 2166 a
593 2112 695 2167 col.
726 2112 859 2167 1157
896 2113 962 2165 ad
994 2111 1153 2165 1146.

182 2181 350 2236 Linea
382 2185 434 2236 6.
466 2212 529 2222 -—
560 2181 739 2253 Capite
778 2192 1045 2236 truncatus
1070 2192 1154 2253 est
1197 2196 1253 2253 ll_
1271 2180 1454 2235 Nonas
1489 2178 1692 2235 Martii.

108 2249 219 2303 llic
249 2262 549 2321 potestatem
578 2249 718 2306 dedit
756 2254 925 2306 omnis
954 2252 1199 2307 Ecclesiae
1224 2251 1490 2319 Stephano
1515 2253 1692 2305 archi-

108 2321 338 2375 diacana
368 2340 483 2393 suo,
519 2325 644 2375 dum
678 2324 749 2376 ad
780 2325 1073 2391 passionem
1099 2332 1349 2393 pergeret.
1388 2321 1530 2393 idem
1558 2337 1695 2390 pne-

106 2393 301 2463 stitum
340 2408 370 2445 a
401 2392 680 2463 Cornelio;
735 2393 838 2446 nisi
875 2391 1128 2463 periocha
1160 2391 1260 2446 ista
1289 2408 1356 2446 ex
1396 2391 1511 2446 Vita
1544 2392 1693 2463 Lucii

108 2462 374 2533 translata
401 2465 471 2516 sit
494 2464 544 2517 in
572 2460 747 2518 Vitam
770 2460 1005 2519 Cornelii
1035 2482 1048 2517 :
1081 2464 1223 2533 quod
1251 2463 1512 2533 suspicari
1539 2460 1695 2517 facile

106 2532 239 2600 quis
275 2535 826 2605 poteritexﬂadjccta
858 2532 1186 2605 indicatione
1220 2532 1460 2605 ejusdem
1489 2533 1593 2605 diei
1642 2534 1693 2586 in

108 2618 268 2656 num.
303 2604 535 2659 Cornelii
572 2604 661 2657 lin.
686 2602 814 2659 '25:
852 2623 871 2656 ι
907 2604 1183 2667 Posthac,
1216 2602 1266 2657 id
1297 2612 1379 2657 est
1420 2617 1479 2655 ιιι
1516 2602 1696 2657 Nonas

107 2671 293 2727 Martii
313 2672 424 2742 jam
440 2687 563 2728 ante
576 2676 877 2744 passionem
899 2691 1074 2739 suam,
1091 2674 1268 2727 omnia
1290 2674 1428 2726 bona
1446 2674 1697 2729 Ecclesia:

109 2744 335 2797 tradidit
381 2746 652 2813 Stephano
690 2746 1074 2800 archidiacono
1105 2760 1221 2798 suo.
1251 2763 1269 2793 ι
1307 2744 1431 2797 Dies
1458 2745 1602 2798 enim
1635 2761 1693 2800 ιιι

107 2813 298 2885 l‘ionas
326 2814 498 2868 Martii
539 2830 601 2869 ea
646 2816 783 2880 fuit,
837 2832 942 2885 qua
990 2817 1057 2869 ad
1088 2814 1406 2885 martyrium
1435 2819 1698 2883 processit

107 2882 335 2948 Lucius,
366 2895 426 2939 ut
473 2886 560 2940 hic
587 2882 870 2951 asseritur,
905 2896 961 2940 et
997 2882 1251 2940 Ecclesiae
1293 2882 1489 2939 tabuia:
1514 2895 1697 2940 conte-

109 2964 363 3021 stantur;
391 2956 672 3010 Cornelius
702 2972 831 3013 vero
871 2957 959 3012 die
997 2956 1063 3010 14
1094 2955 1432 3024 Septembris
1467 2955 1533 3008 ad
1577 2970 1695 3024 pas-

108 3025 325 3079 sionem
381 3028 793 3095 perducebatur,
848 3035 908 3080 ut
962 3041 1029 3080 ex
1088 3026 1417 3095 Hieronymo
1472 3024 1698 3094 aliisque

108 3093 471 3165 scriptoribus
513 3112 577 3152 ac
626 3097 963 3152 documentis
1012 3097 1067 3150 in
1094 3093 1209 3163 ejus
1238 3093 1352 3149 Vita
1391 3093 1695 3149 observavi.

109 3164 299 3218 Potuit
326 3176 562 3221 attamen
592 3168 753 3223 etiam
779 3166 1059 3221 Cornelius
1092 3167 1340 3220 eumdem
1366 3166 1700 3220 archidiaco.

109 3250 255 3288 num
272 3237 470 3291 habere
494 3237 848 3307 Stephanum,
865 3239 955 3307 qui
976 3239 1141 3292 etiam
1166 3237 1330 3290 Lucio
1349 3237 1693 3300 ministravit,

110 3315 167 3358 et
193 3307 460 3379 diversam
483 3318 1023 3379 potestatemnempe
1046 3309 1097 3362 in
1124 3308 1261 3361 bona
1288 3307 1540 3379 Ecclesia:
1563 3318 1697 3361 tem-

111 3377 324 3444 poralia
347 3379 394 3432 ei
428 3379 694 3443 conferre,
721 3389 779 3432 ut
805 3377 975 3434 fusius
996 3393 1260 3435 exoonam
1286 3378 1337 3431 in
1370 3378 1512 3433 notis
1539 3380 1697 3433 chro-

113 3446 379 3519 nologicis
402 3450 467 3503 ad
499 3451 853 3519 Stephanum.

189 3515 355 3571 Linea
391 3518 443 3573 8.
488 3550 560 3560 —
597 3515 755 3574 'Fecit
786 3519 1139 3573 ordinationes
1175 3518 1310 3570 duas
1353 3533 1444 3585 per
1472 3533 1694 3569 mensem

114 3586 438 3642 Decembris.
478 3590 603 3645 llzec
634 3591 891 3655 indicant,
926 3590 1223 3644 Romanum
1252 3590 1559 3658 pontiﬁcem
1586 3587 1694 3640 Lu-

114 3659 261 3711 cium
291 3659 569 3728 plusquam
598 3676 741 3715 anno
765 3661 935 3716 solido
960 3661 1209 3714 Ecclesia:
1234 3656 1541 3727 przefuisse;
1571 3674 1692 3711 cum

116 3731 255 3781 duas
284 3731 648 3785 ordinationes
685 3732 931 3785 habuerit
968 3746 1148 3783 mense
1188 3729 1487 3782 Decembri.
1517 3731 1696 3793 Quale

115 3802 473 3853 conlirmatur
497 3810 677 3857 nostra
710 3802 1075 3867 chronologia,
1094 3814 1213 3867 qua:
1230 3797 1385 3867 juxta
1409 3797 1697 3853 Bibliothe-

116 3869 256 3941 parii
287 3877 509 3934 textum,
566 3881 686 3941 post
712 3871 915 3925 obitum
944 3871 1177 3925 Cornelii
1205 3870 1481 3941 attrilmtis
1508 3870 1697 3941 diebus

116 3938 187 3992 55
214 3942 485 4009 vacationi
517 3938 680 4002 sedis.
719 3956 785 3996 ex
817 3942 903 3996 die
942 3942 1007 3995 lt
1031 3940 1364 4009 Septembris
1400 3940 1523 3992 anni
1567 3938 1692 4000 25:2,

117 4007 535 4083 quaACornelius
570 4013 744 4083 capite
787 4021 1065 4066 truncatus
1096 4007 1325 4083 palmam
1351 4009 1698 4083 obtinuit,_a_d

1800 503 1974 557 Martii
2007 505 2132 556 anni
2171 502 2298 556 254.
2326 502 2409 556 lta‘
2428 504 2568 556 enim
2607 504 2684 565 lit,
2723 514 2781 554 ut
2819 503 2887 554 ab
2917 502 3255 557 ordinatione
3278 522 3378 558 sua

1798 575 1864 627 ad
1917 574 2284 642 episcopatum
2341 573 2643 643 (referenda
2710 572 2781 624 ad
2828 573 2979 643 diem
3043 572 3375 643 Dominicam

1798 644 1915 698 Kal.
1968 644 2247 698 Decembr.
2297 642 2419 696 anni
2458 643 2605 705 250,
2654 658 2756 711 qua
2775 642 3019 711 vicarius
3062 658 3091 694 a
3129 642 3380 697 Cornelio

1798 714 2280 782 constituebatur)
2333 710 2685 766 numerentur
2739 710 2977 783 ejusdem
3035 713 3379 783 episcopatus

1798 784 1923 837 anni
1976 800 2069 846 ιιι,
2126 798 2339 837 menses
2374 798 2470 845 ιιι,
2524 791 2577 834 et
2613 784 2728 835 dics
2758 782 3012 844 totidem,
3055 793 3115 836 ut
3156 782 3379 839 innuis

1798 854 2192 922 chi-analogicis
2225 853 2611 908 demonstravi.
2826 882 2829 883 ν

2432 942 2745 999 CIACONII.

1868 1036 2055 1092 Linea.
2088 1036 2139 1092 1.
2176 1068 2249 1078 -
2279 1035 2473 1091 Lucius
2503 1037 2713 1089 natione
2746 1033 2965 1088 Tuscus.
3008 1034 3082 1091 Dc
3110 1034 3225 1099 eius
3252 1052 3379 1092 suca

1796 1110 2041 1163 cessiane
2070 1109 2120 1161 in
2148 1109 2274 1162 sede
2320 1106 2595 1177 pmtlilicia
2625 1103 3029 1177 prosimepast
3064 1107 3375 1163 Cornelium

1799 1180 2017 1233 tradunt
2039 1174 2333 1236 Eusebius;
2353 1178 2487 1232 llist.
2512 1177 2548 1229 Ι.
2576 1174 2669 1231 vit.
2695 1192 2745 1229 c.
2767 1174 2832 1237 2;
2865 1175 3090 1244 Optatos
3114 1177 3379 1232 Milevita-

1798 1265 1920 1309 nus,
1938 1248 2029 1301 lib.
2050 1266 2086 1302 ιι
2110 1258 2298 1303 contra
2321 1249 2593 1311 l’armen.;
2620 1246 2676 1300 S.
2697 1245 3156 1317 llieronynms,de
3175 1247 3375 1317 Script.

1797 1319 1994 1379 eccles,
2020 1320 2071 1372 in
2091 1320 2316 1383 Chron.;
2337 1318 2395 1372 S.
2421 1316 2945 1388 Augustinus.epist.
2973 1316 3095 1380 165,
3119 1327 3172 1371 et
3196 1316 3254 1372 S.
3274 1316 3378 1388 Cy—

1798 1391 2021 1459 prianus
2048 1391 2101 1442 in
2132 1390 2355 1457 epistola
2382 1388 2448 1441 ad
2473 1386 2724 1442 eumdem
2755 1386 2976 1439 Lucium
3008 1402 3199 1456 papam
3229 1386 3381 1442 tanto

1797 1461 1914 1513 viro
1940 1461 2121 1529 digna.

2427 1526 2754 1584 SOMMIER.

1870 1619 2033 1675 Linea
2056 1620 2111 1675 5.
2131 1650 2204 1660 ——
2228 1620 2327 1673 llic
2352 1621 2407 1674 in
2428 1620 2611 1675 exsilia
2633 1619 2731 1689 fuit
2756 1618 3041 1689 relegatus,
3057 1628 3252 1687 postea,
3276 1628 3382 1673 etc.

1798 1690 1943 1746 illico
1973 1690 2157 1760 pulsus
2187 1692 2285 1744 fuit
2320 1691 2370 1745 in
2403 1691 2648 1744 exsilium
2686 1705 2716 1744 a
2755 1690 3248 1759 persecutionihus,
3289 1691 3384 1743 sed

1798 1762 2121 1830 quantocius
2150 1762 2431 1815 restitutus
2459 1762 2558 1815 fuit
2581 1760 2834 1815 Ecclesiae
2848 1774 2979 1822 suae,
2998 1760 3103 1813 Deo
3127 1760 3382 1814 donante.

1800 1831 2054 1886 Africana
2083 1847 2214 1886 vero
2251 1832 2507 1894 Ecclesia,
2538 1846 2658 1899 qua:
2701 1831 2767 1882 ad
2806 1831 3053 1883 eumdem
3095 1832 3388 1899 scripserat

1800 1918 1961 1973 super
1983 1902 2247 1973 electione
2272 1908 2369 1956 sua
2393 1912 2447 1956 et
2467 1916 2630 1973 super
2649 1899 2859 1963 exsilio,
2884 1914 2989 1973 non
3012 1900 3193 1953 omisit
3218 1900 3383 1973 etiam

1798 1970 1881 2027 de’
1909 1973 2083 2026 reditu
2130 1972 2341 2027 litteras
2378 1974 2525 2026 dare.
2572 1972 2698 2023 l’ost
2735 1970 3074 2025 enuntiatum
3110 1970 3385 2035 gaudium,

1799 2044 1940 2113 quod
1969 2043 2019 2096 in
2045 2042 2304 2096 Romanis
2333 2042 2577 2097 ﬁdelibus
2602 2054 2885 2097 commune
2909 2051 3026 2113 erat
3047 2040 3118 2113 de
3141 2041 3390 2113 restituta

1800 2109 1902 2168 sibi
1934 2114 2206 2183 pontifice,
2229 2126 2285 2167 et
2312 2114 2687 2166 Africanorum
2713 2120 2858 2174 vota,
2885 2109 3213 2183 cupientium
3242 2110 3386 2183 ejus-

1799 2186 1921 2238 dem
1935 2179 2128 2254 'gaudii
2155 2184 2262 2237 vim
2292 2184 2591 2253 prtcsentia:
2619 2183 2793 2254 fructu
2825 2180 3122 2254 cumulare,
3149 2179 3391 2234 declarat

1800 2250 2033 2309 vicarius
2067 2250 2317 2308 accessus
2343 2256 2423 2307 sui
2466 2268 2524 2307 se
2553 2253 2683 2306 dare
2712 2251 2778 2305 ad
2808 2266 2930 2305 eum
2964 2250 3192 2311 litteras,
3222 2260 3385 2304 testa-

1803 2333 1951 2379 turas
1982 2326 2033 2377 in
2068 2324 2498 2378 communionem
2527 2322 2721 2376 lmtitize
2751 2336 2855 2375 non
2894 2321 3070 2374 minus
3098 2334 3259 2389 quam
3288 2321 3387 2373 oh-

1800 2395 1974 2464 scqnii
2005 2408 2064 2447 se
2097 2410 2218 2449 cum
2248 2394 2505 2447 Romanis
2535 2392 2739 2455 venire,
2769 2392 3047 2464 lidelisqne
3070 2390 3390 2464 ohedientia:

1801 2460 2142 2532 interpretes.
2175 2480 2337 2533 quam
2367 2464 2708 2518 transmarini
2740 2460 2973 2530 episcopi
3002 2478 3122 2515 cum
3153 2462 3265 2533 suis
3290 2476 3385 2533 po_-_

1840 2529 1955 2588 ulis'
1992 2535 2090 2604 ipsi
2139 2529 2483 2604 pra-stabant.
2537 2529 3039 2604 Enuntiaiitietiam
3089 2529 3389 2604 hujusmodi

1825 2601 2026 2668 iuerat;
2060 2601 2282 2674 ex'qno
2323 2604 2581 2658 daemonis
2622 2613 2772 2657 astus
2817 2603 3015 2674 idcirco
3056 2601 3389 2655 orthodoxos

1802 2673 2679 2744 tantnnimodoaggrediehantur,
2720 2673 2862 2743 quod
2906 2674 3189 2726 haereticos
3221 2680 3392 2744 atque

1802 2747 2178 2801 schismaticos
2218 2741 2317 2799 sub
2357 2754 2621 2812 potestate
2665 2741 2760 2797 sua
2800 2744 2912 2813 jam
2950 2751 3186 2804 teneret;
3221 2741 3390 2813 Deum

1803 2817 2136 2887 permisisse,
2163 2826 2222 2869 ut
2250 2811 2515 2886 malignus
2543 2814 2628 2887 ille
2652 2811 2881 2887 spiritus
2899 2811 3397 2887 tuncsuseitaverit

1804 2884 2196 2957 persecutores,
2243 2887 2333 2956 qui
2386 2884 2438 2939 in
2472 2886 2634 2957 solos
2687 2884 2981 2957 catholicos
3030 2884 3389 2957 insurgentes,

1807 2951 2007 3011 relictis
2048 2958 2099 3010 in
2141 2951 2345 3025 placida
2391 2956 2571 3024 quiete
2610 2956 2876 3013 sectariis.
2917 2951 3391 3025 servirent’etiam

1805 3028 2047 3082 nolentes
2075 3021 2170 3081 Dei
2198 3021 2441 3088 consilio,
2476 3028 2545 3079 ita
2576 3026 2897 3094 disponenti,
2928 3033 2986 3077 ut
3009 3038 3134 3076 vera
3162 3022 3283 3076 inde
3312 3021 3395 3094 iii-

1804 3107 2155 3167 gnosceretur
2183 3098 2439 3161 Ecclesia,
2463 3112 2584 3151 cum
2615 3092 2933 3149 novaturum
2963 3095 3165 3167 pudore
3191 3107 3206 3146 :
3242 3092 3397 3144 testi-

1806 3163 2043 3221 monium
2072 3171 2268 3237 oppido
2294 3167 2563 3221 excellens
2589 3168 2654 3221 de
2678 3174 2960 3237 constante
2988 3163 3090 3237 lide
3118 3177 3395 3237 nunquam

1806 3255 1909 3292 non
1941 3232 2157 3291 asserta
2176 3238 2424 3291 universa
2454 3238 2505 3291 in
2534 3236 2773 3291 Ecclesia
2805 3235 2895 3289 Dei
2924 3234 2989 3287 de
3016 3232 3273 3286 Romana:
3301 3233 3413 3301 hu-q

1798 3309 1888 3379 jus
1916 3308 2245 3377 praestantia,
2279 3308 2431 3377 cujus
2464 3305 2774 3379 auctoritati
2800 3302 3211 3379 comprobanda
3250 3301 3398 3379 nullo

1803 3373 1927 3433 non
1952 3388 2192 3457 tempore
2231 3373 2532 3457 inserviunt
2569 3378 2728 3457 iidem
2762 3376 2893 3457 ipsi,
2928 3374 3018 3443 qui
3050 3373 3116 3426 ad
3147 3386 3269 3427 eam
3290 3374 3395 3457 lde-

1804 3442 2116 3504 struendam
2158 3448 2466 3501 animantur
2503 3464 2517 3499 :
2567 3466 2585 3499 ι
2624 3442 2863 3500 Vicarias
2905 3442 3033 3499 vero
3074 3457 3171 3513 pro
3216 3442 3395 3513 nobis,

1801 3534 1922 3589 ego,
1952 3526 2007 3571 et
2035 3518 2270 3589 collegae,
2308 3527 2362 3589 et
2402 3516 2712 3589 fraternitas
2744 3515 2942 3579 omnis,
2970 3512 3161 3568 has’ad
3188 3528 3287 3566 vos
3313 3512 3400 3589 lit-

1802 3581 1946 3643 teras
1992 3581 2274 3647 mittinnts,
2300 3587 2635 3649 citatissime,
2678 3593 2733 3640 et
2775 3593 3225 3655 repnesentantes
3246 3581 3399 3655 vobis

1802 3674 1899 3729 per
1924 3657 2204 3729 epistolam
2229 3657 2480 3725 gaudium
2512 3666 2780 3729 nostrum,
2802 3650 2905 3729 lida
2934 3654 3190 3722 obsequia
3218 3650 3399 3729 chari-

1806 3722 1930 3783 iatis
1956 3722 2401 3795 exponimus"...
2445 3727 2583 3778 unde
2621 3725 2896 3777 s:eeularis
2935 3733 3174 3792 potestas
3217 3722 3398 3775 subito

1802 3798 2129 3868 proruperit,
2170 3806 2227 3850 ut
2262 3797 2328 3848 ad
2370 3795 2775 3868 confundendos
2813 3795 3183 3868 haereticoset
3213 3800 3400 3868 retun-

1803 3859 2028 3931 ilendos,
2059 3859 2370 3922 ostenderet
2415 3865 2672 3919 Dominus
2709 3879 2829 3933 quae
2868 3864 2939 3916 sit
2985 3861 3244 3923 Ecclesia,
3276 3859 3402 3927 quis

1802 3942 2085 4009 episcopus
2113 3938 2230 4007 ejus
2267 3952 2427 4000 unus,
2472 3936 2647 4009 divina
2677 3935 3021 4009 tn-dinatioue
3040 3933 3262 3991 electus,
3301 3944 3398 3999 qut

1801 4004 1923 4064 cum
1976 4004 2226 4078 episcopo
2280 4007 2579 4078 presbyteri
2634 4004 2967 4078 sacerdotali
3010 4004 3216 4078 honore
3263 4015 3397 4078 cpn-

120 4070 187 4133 19
218 4078 492 4147 Octobris,
529 4070 884 4152 qua'Lucius,
925 4094 1049 4136 ante
1080 4070 1331 4143 vicarius,
1359 4079 1563 4152 electus
1595 4070 1703 4133 fuit
1797 4070 2459 4152 juncti[quisfadmiatus
2490 4088 2546 4132 et
2582 4090 2742 4130 verus
2768 4072 3253 4152 Christi_populu_s,
3291 4070 3398 4123 Da-

118 4164 406 4223 guccessor
430 4149 664 4207 Cornelii
693 4193 708 4218 ,
758 4154 984 4223 primam
1028 4154 1422 4223 ordinationem
1459 4168 1487 4202 a
1538 4149 1702 4203 Lucio

120 4218 385 4292 Romano
423 4226 674 4292 pontilice
724 4218 962 4277 habitam
1022 4222 1189 4276 refert
1248 4225 1313 4275 ad
1352 4221 1699 4275 Decembrem

1807 4144 1985 4204 niinici
2028 4144 2205 4219 gregis
2247 4149 2511 4201 charitate
2554 4161 2861 4209 connexus;
2904 4144 2994 4219 qui
3037 4149 3235 4219 esse_nt_
3259 4154 3401 4219 quos

1806 4210 2056 4274 manu";
2084 4210 2410 4271 lacesserent
2435 4234 2448 4280 ;
2481 4220 2571 4286 qui
2599 4226 2808 4281 contra,
2837 4210 3033 4337 quibus
3062 4210 3305 4266 diabolus
3340 4217 3405 4261 ut

1806 4293 1917 4346 suis
1948 4298 2210 4353 parceret.
2250 4306 2267 4339 ι
2301 4289 2599 4353 (Cyprium,
2628 4289 2777 4353 epist.
2811 4285 2840 4337 7
2886 4293 2925 4353 .)

117 4288 516 4357 ejusdemanni
545 4293 666 4352 252.
694 4295 916 4348 alteram
945 4311 1072 4347 vero
1100 4294 1166 4345 ad
1196 4293 1543 4347 Decembrem
1575 4296 1699 4343 anni
1734 4288 1780 4345 D
1806 4293 1917 4346 suis
1948 4298 2210 4360 parceret.
2250 4306 2267 4339 ι
2301 4289 2599 4358 (Cyprium,
2628 4289 2777 4355 epist.

126 4421 3397 4461 _____________________________,___________.____.._._._

1011 4544 1298 4624 XXIV.
1359 4537 1817 4619 SANCTUS
1876 4536 2064 4614 STE
2086 4537 2342 4614 PHAN
2360 4536 2506 4612 US.

1004 4696 1174 4741 ANNO
1217 4696 1464 4739 CHRISTI
1508 4673 1649 4741 257,
1711 4690 1884 4733 GALtl
1938 4692 2017 4732 ετ
2076 4690 2406 4732 γυιυδιιικι
2466 4670 2524 4731 h.

1628 4784 1902 4800 ﬂ

369 4836 479 4912 24
556 4833 956 4914 Stephanus,
1036 4832 1292 4892 natione
1364 4830 1733 4902 Romanus,
1818 4846 1896 4888 ea:
1972 4832 2154 4904 patre
2220 4821 2458 4893 Julia,
2529 4816 2686 4879 sedit
2766 4831 2970 4879 annos
3058 4820 3391 4893 quatuor,

292 4958 548 5004 menses
608 4940 818 5011 duos,
881 4934 1023 4999 dies
1093 4937 1311 4998 decem
1377 4954 1428 4996 α.

1510 4932 1830 5011 Martyrio
1906 4935 2272 4990 coronatur.

2358 4923 2505 4983 Fuit
2556 4930 2759 4982 autem
2828 4920 3207 4999 temporibus
3280 4919 3394 4979 Va-

292 5045 518 5107 leriani
590 5052 648 5105 et
727 5041 1194 5105 Gallicanibet
1260 5040 1534 5100 Maximi
1613 5056 1810 5118 usque
1894 5036 1977 5094 ad
2050 5032 2445 5093 Valerianum
2523 5030 2778 5089 tertium
2852 5033 2909 5085 et
2998 5025 3397 5086 Gallicanum

290 5150 627 5214 secundum
671 5158 720 5207 °.
776 5148 945 5225 [Suis
1009 5145 1404 5224 temporibus
1460 5143 1692 5205 exsilio
1721 5149 1819 5204 est
1857 5140 2260 5218 deportatus,
2295 5141 2513 5215 postea
2554 5140 2712 5194 nutu
2773 5130 2888 5191 Dei
2934 5147 3235 5192 reversus
3300 5138 3397 5191 est

210 5256 255 5321 5
297 5255 375 5315 ad
422 5250 770 5314 Ecclesium
828 5246 1199 5311 incolumis.
1232 5249 1310 5306 Et
1345 5253 1483 5325 post
1518 5245 1659 5307 dies
1699 5243 1953 5321 triginta
1989 5246 2267 5321 quatuor
2304 5244 2520 5298 tentus
2544 5253 2575 5295 a
2611 5232 3001 5295 Maximiano
3032 5232 3271 5293 missus
3301 5239 3401 5293 est.

294 5360 362 5421 in
393 5375 707 5422 carcerem
746 5374 890 5417 cum
928 5371 1158 5417 novem
1190 5348 1584 5432 presbyteris
1633 5358 1695 5413 et
1746 5349 2003 5411 duobus
2044 5344 2391 5427 epiSCOpis,
2431 5340 2718 5403 Honorio
2756 5345 2818 5402 et
2852 5338 3064 5408 Casta,
3096 5342 3158 5397 et
3188 5334 3403 5396 tribus

296 5462 627 5535 diaconis,
708 5462 941 5536 Xisto,
1010 5459 1327 5539 Dionysio
1409 5464 1470 5521 et
1531 5457 1714 5519 Gaio.
1782 5456 2026 5517 Ibidem
2091 5454 2158 5514 in
2226 5468 2477 5512 carcere
2538 5447 2613 5507 ad
2678 5448 2914 5506 Arcum
2982 5440 3193 5505 Stellae
3251 5440 3405 5504 fecit

1214 5578 1480 5620 NOTULAE
1522 5574 1926 5619 MARGINALES
1970 5572 2307 5616 FABROTTI.

215 5678 240 5706 α
274 5664 334 5730 Β,
360 5683 486 5722 ann.
518 5683 574 5726 ο,
598 5682 670 5718 m.
696 5663 749 5723 3,
776 5663 829 5717 d.
856 5659 948 5717 2‘2.
1023 5662 1052 5702 ι)
1084 5661 1150 5721 Β.
1178 5658 1477 5723 Volusiani,
1506 5656 1780 5730 Valeriani
1809 5666 1865 5710 ct
1890 5655 2114 5711 Gallieni
2148 5670 2179 5708 a
2207 5668 2350 5708 coss.
2376 5647 2554 5706 Valer.
2600 5657 2656 5704 et
2688 5647 2914 5711 Galleni,
2947 5646 3012 5703 ad
3052 5646 3230 5701 Valcr.
3270 5659 3317 5697 Iv
3352 5650 3408 5696 et

140 5737 278 5794 Gali.
304 5754 386 5793 ιιι.

465 5750 486 5776 ο
520 5736 581 5796 C,
611 5734 952 5791 Valerianum
980 5741 1176 5803 quarto
1204 5740 1259 5787 et
1288 5730 1622 5786 Gallicanum
1652 5729 1828 5782 tertio.
