3954 6318
211 338 349 396 4597

857 374 864 380 -
952 339 1269 394 HISTORIA
1310 340 1397 394 DE
1449 337 1623 394 \‘lTlS
1666 334 1829 391 ιιῡιι.
1871 334 2071 390 PONT.
2111 365 2182 374 —
2220 332 2278 389 S.
2323 331 2750 389 STEPHANUS.

3321 327 3452 382 1598

190 444 242 520 ’σί
261 443 414 503 Hunc
436 448 580 502 enim
608 448 982 520 présbyterum
1001 449 1312 520 Romanum
1346 449 1574 520 egregiae
1595 447 1774 520 erudi-
1807 449 1849 507 Α
1880 460 1984 500 tus.
2028 446 2162 520 llinc
2191 445 2554 520 agnoscimus,
2585 461 2684 520 cur
2709 460 2740 520 a_
2769 443 3042 520 Stephtuto
3071 443 3255 520 Sixtus
3280 443 3455 520 ll_epi-

207 519 368 573 tionis
407 518 1115 587 ct-spectatze'probitatis,
1155 529 1213 572 ιιι
1249 518 1463 572 Baronii
1505 518 1776 587 hreviator

205 588 550 657 Spondanus°
569 586 824 657 brevibus
850 590 1164 657 complexus
1190 599 1274 642 est
1304 591 1368 642 ad
1405 603 1604 641 amunn
1634 586 1738 641 574
1757 625 1773 650 ,

204 656 352 712 num.
370 657 493 720 5,ad
510 674 658 712 nova:
670 656 785 726 ejus
797 656 1127 728 praefectura:
1140 659 1376 728 regimen
1394 657 1775 728 (Mediolauen-

203 729 283 781 sis
309 728 514 782 scilicet
541 727 881 798 episcopatus
911 729 980 782 ab
1008 727 1293 783 Ambrosio
1332 727 1470 782 intra
1499 727 1771 781 octiduum

200 799 531 867 episcopoex
557 799 946 853 cateclmmeno
967 801 1322 867 susceptum),
1342 799 1487 852 misit
1505 799 1562 852 S.
1583 799 1774 850 Dama-

201 883 301 922 sus
326 883 472 936 papa,
490 867 559 921 ita
583 867 723 923 felici
746 879 961 934 eventu,
983 877 1042 922 ut
1059 869 1479 924 catechumenos
1497 869 1548 922 in
1572 868 1777 936 episco—

199 947 431 1006 pum,et
456 937 752 1008 discipulus
787 938 839 992 in
870 938 1122 994 Ecclesia:
1158 940 1432 993 doctorem
1461 939 1621 992 fuerit
1644 953 1775 991 con-

201 1008 353 1062 tinuo
378 1006 1181 1078 transfortttatus;junxeritqnc
1206 1009 1260 1062 in
1289 1009 1547 1078 regimine
1568 1008 1777 1078 episco-

197 1087 357 1146 patos
399 1079 565 1131 vitam
606 1077 960 1134 monasticam
997 1095 1118 1132 cum
1147 1077 1459 1133 muneribus
1499 1087 1554 1132 ct
1582 1077 1777 1132 ciliciis

196 1147 556 1218 clericalibus.
586 1168 604 1198 ι
636 1147 788 1202 Licet
815 1165 945 1205 vero
971 1149 1262 1218 episcopali
1292 1149 1604 1204 charactere
1635 1150 1776 1202 lnmc

195 1215 498 1284 adiutorem
526 1219 795 1273 Ambrosii
819 1259 837 1284 ,
865 1229 922 1275 et
942 1215 1221 1288 plusquam
1252 1219 1509 1273 vicarium
1537 1259 1551 1282 ,
1587 1233 1778 1339 uentre

197 1289 517 1339 magistrum
539 1289 606 1339 ad
638 1289 964 1339 directorem
991 1290 1320 1339 ableaaveril
1345 1289 1608 1339 Damasus
1635 1305 1702 1339 ιιιι
1729 1288 1778 1339 lo

197 1289 517 1358 magistrum
539 1289 606 1342 ad
638 1289 964 1370 directorem
991 1290 1320 1370 ablegaverit
1345 1289 1608 1342 Damasus
1635 1288 1779 1342 tmllo

189 1373 320 1430 cum
350 1366 506 1429 pacto
532 1367 624 1412 aut
651 1359 766 1430 lege
803 1359 1188 1423 snecessionis;
1221 1361 1361 1414 hunc
1405 1367 1582 1412 tamen
1621 1374 1776 1412 cum-

195 1427 320 1482 dem
351 1427 436 1483 ita
474 1427 759 1498 probatum
797 1431 1052 1484 diuturno
1087 1430 1458 1499 experimento
1497 1443 1776 1483 successo-

194 1513 311 1570 rem
331 1497 692 1570 Ambrosiiet
725 1501 1035 1570 episcopum
1058 1497 1214 1554 suum
1246 1502 1314 1556 ab
1340 1497 1456 1569 ejus
1471 1509 1643 1554 morte
1666 1499 1780 1554 sub-

193 1567 324 1636 legit
346 1568 585 1624 Ecclesia
614 1567 1042 1626 Mediolaneusis.
1321 1583 1323 1586 ‘

263 1637 379 1711 Non
421 1639 693 1711 estigitur
715 1657 815 1695 cur
834 1649 1146 1711 succenseat
1173 1655 1202 1693 a
1228 1640 1400 1711 primo
1424 1640 1491 1694 ad
1525 1648 1779 1708 quartum

188 1709 448 1764 saculum
478 1779 486 1780 ί
514 1708 711 1779 Pagius
760 1711 978 1766 vicariis
1029 1708 1394 1765 Romanorum
1468 1712 1778 1780 pontilicum

187 1794 221 1832 ι
245 1779 563 1857 Imittendis,
589 1781 692 1857 qui
730 1789 807 1857 tot
837 1781 1095 1857 exemplis
1131 1781 1276 1857 videt
1312 1782 1364 1834 in
1408 1779 1580 1857 tractu
1616 1783 1780 1857 patri-
1815 1798 1856 1857 θ
1881 1780 2036 1847 cipue
2051 1779 2650 1857 dirigebatur,_ut_osten

188 1850 448 1906 archatus
473 1850 840 1907 Occidentalis
865 1852 966 1906 rite
990 1850 1054 1906 ac
1075 1851 1363 1906 salubriter
1383 1852 1669 1915 admissos,
1699 1851 1776 1904 al-

189 1920 394 1993 lectos,
415 1929 471 1976 et
497 1921 775 1993 delegatos
797 1922 863 1977 ad
893 1923 1132 1993 regimen
1162 1921 1308 1976 illius
1358 1922 1613 1976 Ecclesia:
1653 1922 1772 1993 cpi-

186 1992 338 2061 scopi
377 1991 699 2062 juvandum,
732 1991 979 2062 ejusque'
994 1993 1210 2047 nomine
1244 1993 1630 2062 peragendum.
1672 1992 1774 2045 Ρο-

183 2061 390 2116 stt-emo
431 2062 666 2133 veroat:
708 2061 956 2133 exemplo
979 2062 1249 2133 Ambrosii
1297 2071 1352 2117 et
1385 2061 1729 2132 Simpliciani
1755 2103 1770 2126 ,

189 2141 390 2202 praeter
418 2131 740 2186 vicariorum
766 2131 922 2187 usuin
945 2174 959 2192 .
1004 2132 1219 2202 colliget
1249 2133 1448 2192 lector.
1491 2131 1549 2186 ut
1575 2148 1769 2202 spero,

186 2200 653 2288 conﬁrmatipt‘tem
675 2203 791 2288 ejus
805 2204 1110 2288 sementim,
1121 2200 1288 2288 quam
1302 2219 1462 2288 stupra
1485 2200 1770 2272 attigeram

186 2271 240 2324 in
269 2271 414 2326 notis
442 2271 508 2325 ad
534 2270 717 2326 Vitam
739 2273 796 2328 S.
837 2270 1264 2328 Eleutherii‘col.
1295 2270 1454 2332 i252.
1483 2270 1771 2328 consuetu-

184 2341 372 2394 dinem
416 2342 623 2396 scilicet
648 2342 772 2409 jure
814 2344 1122 2408 inductam,
1170 2355 1229 2397 ut
1271 2344 1336 2398 ad
1379 2343 1665 2399 utilitatem
1715 2353 1770 2398 et

181 2410 486 2484 profectum
508 2410 799 2467 Christiani
822 2414 1000 2484 populi
1027 2413 1424 2484 procurandum
1449 2415 1502 2468 in
1518 2414 1771 2468 Ecclesiis

183 2481 596 2555 mvinciarum
637 2498 667 2535 a
697 2481 941 2555 Enniano
979 2481 1262 2554 pontiﬁce,
1300 2483 1664 2555 deligercutnr
1705 2501 1771 2539 ac

183 2551 687 2626 transmitterentur
710 2570 774 2607 ex
804 2551 1022 2626 Urbano
1040 2555 1192 2626 clero
1220 2551 1542 2626 presbyteri,
1569 2555 1682 2626 sive
1701 2557 1768 2609 ad

183 2636 283 2696 eos
321 2622 681 2696 episcopatus
711 2625 965 2696 promoti,
1000 2625 1120 2696 fsive
1160 2622 1234 2696 ad
1261 2622 1542 2696 episcopos
1569 2625 1767 2680 ibidem

184 2690 522 2762 formandos
551 2690 847 2762 disciplina:
888 2695 1142 2750 Ecclesia:
1178 2690 1460 2750 “ornante:
1499 2695 1767 2750 Czeterum

184 2761 251 2815 de
288 2763 548 2817 vicariatn
577 2761 722 2816 beati
754 2765 1034 2833 Stephani,
1063 2775 1347 2820 constante
1381 2765 1499 2820 Vita
1527 2766 1584 2820 S.
1615 2765 1768 2820 Lucii

180 2847 358 2901 papte,
386 2848 489 2886 non
519 2835 808 2887 obscurum
832 2835 1192 2890 testimoniqu
1227 2837 1497 2891 invenitur
1534 2837 1588 2890 in
1628 2837 1766 2891 litte-

181 2901 258 2955 ris
283 2919 316 2957 a
351 2901 620 3025 Cyrriano
643 2905 807 2963 datis,
835 2913 891 2958 et
918 2919 1079 2974 supra
1127 2906 1313 2960 relatis
1337 2908 1389 2960 in
1423 2907 1566 2961 notis
1607 2906 1762 2960 Som-

182 2972 326 3025 mier
377 2988 406 3025 ιι
476 2973 718 3025 Lucium.
750 2975 826 3025 lbi
859 2975 1003 3025 enim
1035 2977 1094 3025 ὃ.
1125 2985 1332 3025 martvr
1358 2976 1662 3025 Cvnrianns
1685 2978 1762 3025 di-

182 2972 326 3058 tnier
377 2972 444 3025 ad
476 2973 718 3058 Lucin‘m.
750 2975 826 3058 libi
859 2972 1003 3028 enim
1035 2977 1107 3057 ὃ..
1125 2985 1332 3058 martyr
1358 2976 1662 3058 Cyprianus
1685 2978 1765 3058 di-

179 3053 330 3097 serte
357 3044 599 3114 nominat
630 3043 992 3113 Stephanum,
1028 3045 1202 3114 pritno
1236 3043 1527 3111 vicarium,
1571 3047 1764 3103 deinde

181 3127 560 3186 successorem
585 3113 868 3169 beatorum
897 3113 1193 3186 martyrum
1213 3117 1470 3180 Cornelii,
1497 3127 1551 3171 et
1586 3117 1760 3178 Lttcii,

177 3185 276 3255 qui
299 3183 560 3255 sicarius,
595 3196 640 3237 et
681 3202 952 3240 successor
976 3183 1152 3239 eorum
1181 3186 1352 3255 factus
1388 3199 1481 3240 est.
1515 3188 1764 3243 Ctmmlat

185 3253 375 3308 titulos
415 3253 603 3308 vicarii
642 3271 763 3309 cum
796 3256 950 3309 titulo
970 3253 1323 3310 successoris.
1359 3257 1554 3312 Verum
1593 3259 1657 3312 de
1682 3259 1764 3312 vi-

173 3323 352 3378 .cariis
378 3326 534 3389 satis,
565 3343 628 3378 ac
657 3325 724 3380 de
749 3326 1096 3395 cbronologia
1118 3326 1438 3382 declaranda
1467 3328 1611 3384 beati
1647 3328 1767 3385 Ste—

179 3395 376 3464 phani,
403 3403 460 3450 et
481 3395 796 3466 pontificum
829 3413 1225 3466 proxnnorum.

719 3527 874 3567 Νοτιε
911 3527 1230 3568 ιιιετοιιιείε.

259 3599 441 3676 Linea
459 3601 514 3655 2.
559 3631 632 3641 —
666 3600 926 3676 Marti/rio
967 3613 1268 3676 coronatur.
1310 3601 1765 3676 llujnsimarlyrii

180 3680 309 3725 acta
353 3671 504 3726 vides
549 3671 689 3742 apud
734 3672 1022 3726 Baronium
1067 3673 1118 3726 in
1149 3672 1448 3727 Annalibus
1484 3671 1768 3729 fuisse're-

181 3750 348 3810 cepta
378 3757 487 3795 ιιιιιι
520 3743 588 3796 ab
626 3742 864 3796 Ecclesia
905 3743 1094 3796 Latina
1115 3783 1130 3806 ,
1179 3751 1288 3797 lum
1319 3761 1349 3798 a
1380 3745 1602 3808 Graeca;
1651 3746 1765 3798 viu-

183 3812 375 3883 tlicata
397 3827 524 3866 vero
563 3811 694 3883 legis
722 3813 860 3883 apud
893 3812 1336 3867 Schelcstratium
1373 3814 1637 3882 Antiquit.
1669 3816 1768 3869 Ec-

181 3881 321 3952 cles.
347 3882 562 3936 dissert.
591 3881 647 3946 2',
677 3881 798 3952 cap.
823 3882 876 3948 7,
909 3901 937 3936 a
967 3899 1192 3938 numero
1221 3883 1257 3936 2
1279 3884 1346 3938 ad
1373 3884 1426 3938 5.
1461 3881 1538 3937 Es
1569 3885 1765 3938 Firmi-

186 3951 331 4038 liatti
357 3952 589 4038 epistola
601 3953 680 4035 .ad
693 3951 1068 4038 Cyprianum...
1080 3970 1202 4038 qua:
1235 3954 1298 4038 in
1317 3954 1766 4038 editionel’amc-

188 4022 244 4102 lti
291 4021 464 4076 locum
501 4023 711 4076 obtinet
742 4021 833 4085 75,
863 4024 1001 4102 dunt
1037 4021 1123 4078 illa
1145 4024 1390 4102 _epist_ola
1414 4025 1770 4102 scriberetur

185 4093 386 4162 hyeme
436 4103 721 4162 appetente
769 4094 927 4147 annis
977 4093 1089 4148 fere
1126 4093 1223 4148 22‘
1261 4093 1330 4148 ab
1376 4095 1526 4149 obitu
1579 4095 1766 4151 Severi

185 4162 482 4218 Alexandri
526 4163 700 4232 (cujus
743 4163 919 4218 czedes
967 4163 1156 4218 incidit
1202 4165 1255 4219 in
1305 4165 1446 4219 diem
1487 4165 1553 4218 l8
1590 4166 1767 4220 Martii

188 4232 492 4304 anni225’5),
525 4249 718 4303 nempe
749 4235 893 4287 circa
933 4245 1254 4288 autumnum
1293 4237 1418 4288 anni
1456 4235 1562 4288 256
1591 4238 1770 4304 ponti-

191 4308 351 4374 licem
392 4302 694 4374 Romanum
730 4303 907 4359 adhuc
943 4304 1146 4358 sedisse
1183 4305 1550 4374 Stephanum;
1583 4302 1673 4373 qui
1701 4321 1767 4360 ex

189 4373 346 4428 Actis
360 4373 674 4446 memoratis
687 4374 887 4446 dicitur
903 4385 1106 4446 martyr
1117 4373 1438 4446 occubuisse
1460 4377 1511 4430 in
1533 4391 1628 4446 sua
1642 4376 1768 4430 sedc

191 4453 475 4516 trupcatus
493 4443 689 4514 capite,
713 4444 800 4498 die
831 4460 884 4498 tv
913 4443 1094 4498 Nonas
1119 4445 1365 4516 Augusti,
1403 4445 1686 4500 Valeriano
1714 4461 1767 4498 tv

1791 3159 1836 3220 C

1878 533 2072 586 scapus
2101 516 2268 570 fuerit
2295 517 2575 570 ordinatus
2598 517 2666 568 ad
2693 515 2883 568 vicarii
2913 529 3104 568 munus
3127 515 3450 586 obeundum.

1877 603 1944 638 ex
1977 584 2252 640 consueta
2303 586 2485 653 regula
2543 587 2703 639 toties
2756 595 3070 639 memorata.
3127 585 3192 638 Et
3236 584 3453 652 quidem

1877 658 2171 711 Glabrione
2208 665 2263 710 et
2293 656 2526 709 Maximo
2570 672 2606 709 ll
2653 654 2990 709 consulatum
3021 655 3330 724 gerentibus
3361 669 3456 706 an-

1878 744 1948 780 no
1989 726 2117 791 256,
2162 726 2374 781 videtur
2421 727 2727 794 Stephanus
2781 726 2945 779 brcvc
2992 725 3244 778 exsilium
3291 724 3455 778 susti-

1879 798 2083 860 nuisse,
2119 812 2244 851 cum
2286 796 2653 865 inquit-eretur
2695 812 2789 864 per
2837 796 2888 848 id
2935 795 3190 863 temporis
3223 794 3275 847 in
3313 809 3458 854 com-

1879 867 2059 934 plures
2089 867 2158 922 ab
2189 883 2254 920 eo
2293 865 2616 935 baptizatos,
2643 883 2781 934 quos
2806 881 2948 918 anno
2977 866 3222 934 proximo
3248 879 3342 916 sua
3367 878 3458 935 cq-

1881 933 2009 990 rona
2041 933 2707 1006 Stephanusconsecutos
2745 945 2847 990 est.
2879 933 3110 990 Causam
3149 933 3454 1003 inquirendi

1877 1016 2168 1075 captarunt
2192 1008 2414 1069 ethnici,
2447 1018 2505 1061 ut
2531 1007 2792 1076 suspicari
2829 1019 3137 1074 possumus,
3167 1022 3235 1059 ex
3267 1006 3452 1060 conci—

1878 1076 1966 1130 liis
2010 1077 2293 1132 celebratis
2341 1075 2639 1133 occasione
2679 1077 3036 1146 qua:stionum
3077 1079 3224 1132 circa
3283 1075 3457 1144 bapti-

1878 1164 2073 1202 smum.
2107 1146 2182 1201 De
2211 1148 2295 1203 bis
2323 1149 2444 1202 vide
2472 1159 2646 1204 notas.

1949 1218 2112 1272 Linea
2153 1217 2206 1272 5.
2237 1249 2308 1259 -—
2347 1217 2541 1273 Missus
2582 1230 2655 1274 est
2698 1221 2750 1274 in
2798 1237 3056 1275 carcerem
3103 1234 3221 1271 cum
3275 1233 3456 1271 novem

1877 1289 2209 1359 presbyteris,
2239 1299 2287 1344 et
2331 1289 2530 1359 duobus
2566 1291 2818 1359 episcopis
2849 1289 3086 1344 Honorio
3115 1301 3161 1342 et
3193 1287 3373 1359 Casta,
3409 1298 3456 1341 et

1879 1357 2043 1430 tribus
2079 1358 2314 1430 diaconis
2356 1357 2539 1424 Xisto,
2585 1357 2836 1430 Dionysio
2869 1372 2914 1414 et
2947 1360 3097 1420 Caio,
3132 1368 3238 1430 etc.
3281 1357 3457 1430 supra

1881 1428 2104 1498 legimus
2158 1429 2209 1482 in
2253 1430 2418 1482 Lucio
2461 1428 2759 1492 decretum,
2792 1439 2851 1484 ut
2897 1431 3002 1484 duo
3047 1428 3368 1498 presbyteri,
3404 1437 3459 1482 ct

1881 1507 1993 1553 tres
2023 1498 2234 1552 diaconi
2263 1499 2314 1553 in
2341 1500 2487 1554 omni
2517 1500 2636 1554 loco
2657 1501 2966 1569 episcopum
2991 1515 3095 1554 non
3120 1499 3455 1562 desererent.

1880 1569 1956 1623 Ex
2002 1579 2225 1640 captura
2277 1569 2546 1623 sociorum
2596 1585 2718 1625 cum
2783 1570 3059 1640 pontiﬁce,
3076 1581 3294 1640 servata
3337 1583 3459 1622 esse

1880 1639 2226 1709 cognoscitur
2263 1639 2363 1693 sub
2397 1640 2672 1708 Stephano
2715 1639 3016 1708 disciplina.
3047 1639 3127 1694 Ex
3173 1654 3325 1694 more
3365 1655 3459 1692 att—

1883 1719 1989 1762 lcnt
2020 1724 2116 1778 per
2149 1709 2366 1763 Decium
2404 1709 2640 1772 inducto,
2737 1711 2968 1765 rsecutio
2997 1711 3049 1766 in
3078 1710 3282 1765 clerum
3325 1724 3461 1777 pra:-

1883 1780 2036 1835 t-ioue
2051 1779 2405 1835 dirigebatur.
2424 1789 2479 1833 ut
2497 1726 2731 1835 ostendi?
2764 1781 3079 1835 rescriptum
3097 1779 3366 1834 Valeriani
3391 1779 3460 1831 ad

2692 1784 2731 1836 it
2764 1781 3079 1850 rescriptum
3097 1779 3366 1834 Valeriani
3391 1779 3460 1831 ad

1883 1858 2150 1930 senatum,
2174 1849 2372 1932 dequo
2395 1851 2778 1932 SLCyprjamts
2804 1853 2856 1906 in
2887 1849 3115 1932 epistola
3147 1850 3458 1932 ad_su_cces-

1878 1934 2054 1975 sorem
2085 1920 2136 1973 in
2165 1919 2404 1974 editione
2444 1919 2669 1975 Paitielii
2699 1921 2769 1977 82
2795 1939 2809 1975 ε
2843 1939 2864 1972 ι
2893 1921 3191 1989 Rescripsit
3217 1919 3459 1975 Valeria-

1877 2007 1978 2044 nus
2003 1989 2069 2043 ad
2097 1999 2341 2061 senatum
2365 1989 2532 2059 (anno
2555 1991 2680 2057 258,
2710 2001 2990 2061 postquam
3019 1991 3162 2046 Urbe
3185 1990 3460 2060 digressus

1875 2061 2122 2132 pervenit
2173 2060 2538 2132 Antiochiam)
2582 2069 2642 2116 ut
2693 2060 2965 2132 episcOpi,
3015 2061 3350 2132 presbyteri,
3393 2070 3462 2132 _c_t

1875 2129 2085 2185 diaconi
2135 2129 2696 2187 animadverterentur
2726 2129 2742 2187 Ξ
2771 2129 3048 2188 senatores
3090 2129 3236 2193 vero,
3263 2138 3318 2185 et
3358 2129 3460 2182 viri

1874 2201 2100 2271 egregii,
2128 2210 2183 2255 et
2211 2202 2421 2269 equites
2464 2203 2713 2267 llornani,
2743 2203 3004 2271 dignitate
3050 2203 3269 2264 amissa,
3296 2199 3458 2271 etiam

1876 2270 2440 2343 lmttis‘spoliarentur.
2481 2292 2499 2324 ι
2556 2271 2682 2343 Vide
2708 2270 2932 2343 Pedium
2967 2273 3225 2343 seniorem
3254 2270 3323 2324 ad
3362 2285 3456 2322 an-

1875 2357 2000 2411 num
2035 2340 2141 2396 257
2161 2349 2218 2396 et
2237 2341 2502 2410 juniorem
2531 2343 2586 2395 in
2621 2340 2910 2411 Stephano,
2950 2358 3093 2396 num.
3121 2341 3176 2395 8.

1945 2410 2107 2465 Linea
2139 2413 2192 2465 7.
2219 2409 2293 2453 4—
2317 2411 2520 2466 Ibidem
2545 2413 2601 2466 in
2630 2409 2836 2467 carcere
2864 2412 2982 2474 fecit
3011 2411 3290 2480 synodum.
3323 2409 3460 2464 Cum

1873 2481 2172 2553 episcopis,
2202 2482 2550 2553 presbyteris,
2591 2493 2648 2538 ct
2691 2483 2934 2553 diaconis
2977 2496 3159 2553 secum
3201 2480 3456 2553 detentis.

1875 2551 1993 2605 Alia
2021 2550 2252 2606 cencilia
2283 2550 2559 2621 complura
2601 2553 2783 2608 habita
2827 2552 3043 2606 fuerunt
3078 2551 3132 2604 in
3163 2550 3460 2621 quaestione

1871 2623 1940 2675 de
1987 2623 2252 2692 baptismo
2293 2620 2670 2677 luereticorum
2715 2641 2728 2676 :
2767 2638 2996 2692 quorum
3049 2621 3300 2692 notitiam
3312 2620 3462 2692 filiu-

1869 2690 2309 2764 strant‘Annales
2337 2692 2578 2764 Baronii.
2609 2690 2802 2764 Pagius
2827 2692 3034 2758 senior,
3060 2690 3256 2761 aliique
3283 2690 3459 2746 [listo-

1872 2763 1967 2816 ria:
1999 2763 2389 2818 ecclesiastica:
2425 2763 2737 2833 scriptores.

1941 2833 2105 2888 Linea
2135 2833 2192 2888 8.
2215 2862 2288 2874 —-
2311 2833 2506 2888 Omnia
2528 2831 2651 2887 casa
2679 2834 2946 2889 Ecclesia.
2964 2831 3072 2887 Pro
3098 2846 3249 2887 more
3275 2831 3461 2887 deces-

1870 2917 2071 2963 sorum,
2106 2903 2364 2968 Cornelii,
2407 2919 2472 2958 ac
2511 2902 2794 2975 Stephani,
2825 2921 2855 2958 a
2887 2902 3292 2959 successoribus
3331 2917 3460 2972 quo-

1868 2989 1974 3043 que
2007 2984 2240 3032 servato.

1939 3042 2105 3098 Linea
2139 3044 2225 3098 l0.
2248 3073 2321 3084 -—
2344 3041 2627 3099 Constituit
2655 3045 2950 3098 sacerdotes
2985 3055 3034 3101 et
3064 3045 3292 3106 Levites,
3321 3051 3455 3106 ctc.,

1872 3125 2030 3169 vestes
2068 3131 2248 3169 sacras
2304 3115 2360 3167 in
2404 3130 2502 3169 usu
2550 3115 2858 3185 quotidiana
2910 3131 3012 3170 non
3065 3118 3164 3169 uti.
3209 3113 3452 3185 Vestiam

1870 3201 2148 3239 sacrarqu
2210 3200 2364 3240 usum
2429 3194 2485 3239 et
2533 3183 2938 3240 distinctionem
2996 3202 3026 3240 a
3082 3183 3458 3242 communibus

1871 3255 2143 3310 inductam
2174 3255 2242 3308 ab
2268 3263 2458 3309 exortu
2500 3255 2753 3310 Ecclesia:
2791 3254 2979 3325 fuisse,
3010 3257 3364 3325 comprobant
3389 3266 3454 3325 ea

1869 3341 1988 3392 qua:
2019 3342 2083 3381 ex
2126 3325 2306 3378 divina
2350 3326 2688 3380 institutione
2717 3327 2770 3379 in
2803 3324 2984 3381 Veteri
3021 3321 3366 3380 Testamento
3381 3321 3459 3392 ad

1869 3391 2098 3462 ﬁgurant
2129 3394 2261 3450 Novi
2291 3395 2546 3450 tenebant
2569 3397 2796 3465 apostoli
2819 3436 2834 3459 ,
2863 3413 2929 3451 ac
2957 3398 3242 3451 tradebant
3268 3391 3456 3449 Eccle-

1868 3465 1982 3518 size.
2018 3466 2278 3528 Petalum,
2315 3481 2406 3519 seu
2441 3465 2694 3520 laminam
2725 3483 2941 3520 auream
2983 3483 3012 3521 a
3059 3467 3280 3531 Iacobo,
3328 3473 3385 3520 et
3424 3475 3457 3512 λ

1867 3533 2077 3608 Joanne
2121 3535 2376 3608 apostolis
2421 3537 2618 3606 gestari
2655 3536 3038 3608 consuevisse,
3080 3546 3334 3608 tauquam
3377 3534 3462 3586 in-

1868 3606 2020 3675 signe
2047 3605 2354 3675 sacerdotii,
2373 3605 2626 3660 narrant:
2652 3606 2912 3661 Eusebius
2931 3609 2984 3661 in
3010 3605 3259 3668 Historia,
3279 3606 3373 3659 lib.
3399 3612 3454 3675 γ.

1869 3669 2117 3746 ca'p._24;
2153 3673 2463 3746 Poylcrates
2485 3677 2806 3730 Asianorum
2830 3679 3114 3746 episcopus
3151 3679 3201 3731 in
3228 3669 3455 3746 cpistola

1869 3743 2274 3816 adiVictorem;
2310 3743 2683 3816 Hieronymus,
2711 3746 2762 3798 in
2806 3743 2898 3800 lib.
2927 3748 2993 3801 de
3017 3743 3240 3814 'Script.
3263 3743 3452 3816 'cch;

1870 3815 2201 3885 Epiphanius
2227 3813 2935 3885 in?lneresi'Nazarzeornm,
2962 3825 3017 3870 et
3045 3817 3111 3870 ad
3140 3813 3331 3869 ltieres.
3363 3813 3454 3872 78.

1869 3883 1928 3940 et
1966 3885 2210 3947 ltutlnus,
2254 3884 2524 3939 observati
2561 3900 2591 3938 a
2647 3883 2864 3939 Valesio-
2895 3886 2946 3938 in
2995 3887 3135 3939 notis
3173 3885 3238 3940 ad
3285 3885 3456 3938 Ense-

1869 3955 2017 4010 biunt
2062 3955 2193 4024 :qui
2234 3955 2397 4010 etiam
2437 3955 2605 4017 addit,
2655 3955 2794 4009 idem
2823 3956 2890 4010 de
2918 3955 3100 4010 Marco
3125 3953 3456 4024 evangelista

1870 4026 2035 4079 fuisse
2063 4023 2319 4096 traditum
2351 4041 2380 4078 a
2411 4025 2675 4096 scriptore
2709 4025 2982 4096 Passionis
3011 4024 3179 4096 ejusdt
3199 4023 3280 4079 m.
3303 4023 3455 4096 llattc

1871 4097 2034 4167 igitur
2053 4094 2327 4167 laminam,
2357 4111 2451 4167 seu
2490 4093 2720 4164 petalum
2751 4095 2913 4167 fronti
2937 4093 3172 4165 aptasse,
3203 4110 3267 4150 ac
3296 4093 3454 4147 tamin

1870 4165 1962 4220 seu
1989 4165 2153 4235 fascia
2194 4165 2618 4235 circumligasse,
2663 4181 2783 4234 qua:
2808 4166 2978 4219 mitra:
3005 4167 3221 4219 nomine
3249 4181 3279 4218 a
3306 4173 3453 4218 vete-

1873 4237 2019 4290 ribus
2063 4234 2270 4288 Latinis
2307 4234 2648 4304 exprimitur,
2673 4251 2900 4304 quaeque
2944 4235 3102 4291 hodie
3148 4238 3199 4289 in
3247 4235 3456 4304 episco-

1870 4321 2059 4376 porum
2084 4305 2502 4376 consecratione
2556 4305 3078 4376 adhibetnrtl'usius
3131 4305 3357 4376 exposui
3401 4304 3454 4376 in

1870 4374 2131 4444 opusculo
2179 4377 2244 4428 de
2296 4378 2460 4430 sacris
2501 4376 2819 4432 indumentis
2852 4375 3138 4430 Christiani
3176 4374 3456 4444 sacerdotii

1871 4443 1998 4499 ante
2022 4461 2192 4500 annos
2222 4445 2424 4516 aliquot
2455 4445 2763 4516 conscripto
2783 4447 3071 4501 occasione
3097 4443 3455 4516 transferendi

191 4524 248 4569 et
271 4507 519 4586 Gallieno
555 4507 614 4568 tu
652 4507 819 4580 eoss.,
843 4530 1036 4584 nempe
1062 4507 1360 4570 anno-mra:
1385 4516 1585 4571 Christi
1612 4531 1764 4571 com-
1793 4514 2113 4584 Deorporis
2153 4507 2326 4570 sancti
2366 4515 2562 4571 Leonis
2626 4507 2823 4586 Magni,
2859 4517 2950 4571 sed
3005 4517 3240 4570 nondum
3284 4513 3452 4586 edito.

192 4585 376 4640 munis
403 4584 528 4640 257.

267 4652 394 4708 Fuit
433 4666 604 4708 autem
644 4655 960 4716 temporibus
1003 4654 1292 4719 Valeriani,
1327 4667 1378 4709 et
1410 4654 1696 4722 Gallicani,
1721 4667 1768 4711 et

194 4724 418 4778 Maximi
447 4741 610 4792 usque
637 4725 706 4778 ad
742 4723 1079 4779 Valerianum
1109 4726 1335 4789 tertium,
1361 4737 1410 4780 et
1437 4725 1770 4780 Gallicanum

191 4796 499 4848 secundum.
536 4796 862 4865 Corrigenda
889 4805 982 4865 est
1024 4796 1183 4849 lectio
1212 4811 1278 4850 ex
1309 4797 1481 4858 Actis,
1519 4797 1772 4865 repositis

194 4865 399 4937 verbis,
445 4863 760 4937 temporibus
800 4863 1064 4937 Valeriani
1096 4877 1142 4937 et
1166 4865 1394 4937 Gallieni
1421 4881 1439 4919 :
1467 4876 1522 4920 et
1568 4863 1772 4937 integre

195 4934 526 5006 restituenda
564 4949 633 5006 es
671 4934 918 5006 catalogo
944 4935 1276 5006 Libet-iano;
1302 4935 1426 4991 Fuit
1456 4934 1768 5006 (corporibus

207 5003 474 5058 Valeriani
500 5014 549 5058 et
578 5003 826 5069 Gallieni,
851 5022 882 5058 a
909 5005 1185 5059 consulatu
1219 5005 1490 5061 Volusiani
1515 5003 1568 5060 et
1593 5005 1769 5060 Maxi-

194 5076 267 5147 mi
304 5077 470 5147 (anno
497 5074 718 5147 scilicet
747 5075 862 5147 ejus
889 5076 1250 5147 ordipationis
1287 5078 1356 5131 ad
1394 5079 1765 5147 episcopatum

194 5143 399 5199 vicaria
440 5143 907 5199 administratione
939 5145 990 5198 in
1025 5143 1167 5200 Urbe
1209 5143 1594 5210 exercendum,
1626 5163 1770 5200 anno

195 5214 394 5271 Christi
421 5214 550 5285 253)
579 5231 740 5285 usque
771 5214 1052 5270 Valeriano
1078 5231 1130 5269 tv
1153 5225 1201 5270 et
1227 5216 1466 5270 Gallieno
1499 5233 1580 5277 Ill,
1601 5217 1767 5270 Chri-

195 5285 266 5352 sti
289 5285 418 5356 257,
447 5301 555 5356 quo
582 5295 786 5356 martyr
813 5286 1084 5356 occubuit,
1117 5294 1176 5339 ut
1214 5285 1265 5339 itt
1307 5287 1450 5341 notis
1487 5285 1770 5341 chronolo-

197 5355 646 5440 gicis‘declaravi.
675 5355 1110 5440 Desumi‘tatnen
1151 5365 1325 5440 potest
1350 5356 1774 5440 ierapontiﬁca-

202 5424 288 5493 ἶυε
307 5425 472 5480 etiam
495 5442 561 5478 ex
596 5427 878 5480 consulatu
903 5424 1171 5478 Valeriani
1200 5442 1235 5478 ιι
1267 5436 1320 5480 et
1346 5424 1574 5481 Gallieni
1611 5443 1624 5478 :
1651 5426 1771 5494 qui-

203 5511 301 5565 bus
328 5496 743 5564 imperatoribus
770 5513 892 5552 cum
920 5495 1119 5550 Lucius
1145 5497 1368 5550 obiisset
1392 5498 1477 5550 die
1509 5511 1565 5549 ιιι
1591 5494 1770 5549 Nonas

203 5565 407 5636 και-ιιι,
456 5580 739 5630 successor
788 5567 1092 5635 Stephanus
1141 5567 1372 5634 primmn
1422 5567 1628 5636 Pascha
1687 5567 1768 5619 sui

203 5635 474 5718 τέείιιιίιιίδ
535 5636 724 5691 iisdem
774 5636 1085 5693 consulibus
1140 5637 1376 5707 (Christi
1430 5635 1575 5706 254)
1625 5636 1767 5691 cele-

240 5713 394 5776 rggvit.

203 5725 433 5851 “fissa
464 5776 517 5832 4.
551 5810 618 5818 ——
657 5777 779 5835 Suis
823 5779 1135 5844 tcntporibns
1179 5779 1360 5833 exsilio
1410 5789 1483 5834 est
1530 5778 1767 5848 deporta-

1876 4583 2042 4640 Sacra
2073 4586 2234 4656 igitur
2283 4587 2579 4641 tninisteria
2611 4583 2737 4653 jauf
2753 4587 2959 4656 tmoin
2987 4603 3083 4641 usu
3129 4592 3291 4656 erant
3313 4583 3454 4652 apud

1874 4655 2213 4726 Christianos
2241 4673 2255 4710 :
2280 4673 2450 4726 quare
2481 4656 2712 4726 legimus
2727 4655 2918 4726 num8.
2940 4656 3224 4710 mandasse
3237 4655 3452 4708 Sixtum

1875 4724 1992 4794 ejus
2029 4727 2260 4780 nominis
2287 4724 2537 4795 primum,
2560 4735 2616 4776 ut
2645 4725 2932 4778 ministeria
2975 4735 3184 4778 sacrata
3211 4740 3314 4788 non
3343 4732 3456 4774 tan-

1875 4797 2270 4866 gerentur,gnisi
2313 4813 2345 4847 ιι
2393 4795 2662 4866 ministris.
2705 4795 2779 4866 Et
2805 4809 2900 4863 per
2930 4795 3152 4866 Soteris_
3173 4795 3452 4866 decretum

1880 4861 2318 4936 itovimus(suprn
2348 4881 2492 4936 nunt.
2514 4865 2601 4929 15)
2625 4864 2795 4932 pallas
2807 4861 3052 4917 sacratas
3079 4861 3450 4936 it‘t'ministerio

1876 4931 2310 5004 adhibitas‘apml
2339 4935 2544 4997 lideles,
2581 4931 2809 5004 quarum
2845 4943 3126 4988 contactus
3158 4935 3320 5004 etiam
3343 4931 3450 4984 vir-

1871 5002 2239 5076 ginibusch
2282 5005 2474 5076 dicatis
2508 5003 2836 5076 ibidcnrl'uit
2875 5004 3212 5076 interdictas.
3251 5002 3453 5076 Hause—

1875 5073 1959 5130 rat
1995 5074 2231 5129 Ecclesia
2279 5089 2344 5127 ex
2395 5074 2819 5128 institutionibus
2847 5074 3048 5126 veteris
3080 5074 3232 5141 legis,
3269 5073 3456 5194 adiltp-

1875 5148 2079 5194 nemlos
2103 5161 2222 5194 esse
2255 5144 2446 5194 levitas
2480 5162 2544 5194 ac
2571 5143 2906 5194 sacerdotes.
2953 5143 3045 5194 nui
3070 5145 3134 5194 ad
3174 5159 3284 5194 rem
3315 5141 3367 5194 di
3430 5168 3452 5178 -

1874 5148 2079 5200 nendos
2103 5161 2222 5199 esse
2255 5144 2446 5198 levitas
2480 5162 2544 5198 ac
2571 5143 2906 5206 sacerdotes,
2953 5143 3045 5212 qui
3070 5145 3134 5196 ad
3174 5159 3284 5198 rem
3315 5141 3367 5194 di

1875 5231 1998 5268 nam
2051 5216 2391 5277 accederent,
2433 5215 2697 5269 mundiori
2742 5213 3043 5283 hujusmodi
3097 5213 3241 5267 cultu
3286 5212 3452 5266 vesti

1873 5295 2129 5345 exterme,
2170 5295 2222 5339 ut
2267 5285 2430 5338 animi
2471 5300 2627 5340 sensa
2654 5293 2708 5338 et
2748 5284 2978 5354 cogitata
3008 5299 3199 5354 secum
3250 5283 3458 5354 ferrent

1877 5355 2018 5407 tmlla
2048 5355 2289 5409 terrestri
2331 5356 2448 5407 labe
2493 5352 2837 5422 inquinatas;
2855 5354 2951 5408 sed
2995 5353 3164 5406 ferme
3188 5352 3450 5422 cmlestia.

1872 5424 2068 5496 (l’hilo,
2099 5425 2163 5478 de
2183 5424 2532 5496 ﬁerturdcia,
2565 5421 2656 5478 lib.
2688 5425 2747 5493 ιι)
2779 5423 3229 5493 quemadmodmn
3251 5433 3302 5478 et
3325 5421 3455 5496 lotio

1873 5492 2150 5559 matmum,
2182 5494 2503 5564 l-lieronymo
2526 5505 2682 5558 teste,
2737 5492 2935 5550 indicat
2957 5496 3071 5564 (lib.
3108 5509 3148 5546 tt
3182 5492 3455 5564 comm._i_n

1876 5565 2065 5618 Matth.
2089 5582 2207 5634 cap.
2239 5563 2293 5631 5)
2323 5560 2692 5633 purgationem
2732 5560 2976 5634 operum,
3006 5575 3060 5616 ut
3100 5564 3195 5632 ﬁat
3248 5565 3300 5615 in
3348 5560 3454 5614 illis

1871 5636 2082 5688 verbum
2110 5634 2223 5687 Dei.
2267 5636 2444 5700 Quare
2469 5636 2604 5688 sacri
2653 5635 2972 5703 interpretes
3007 5636 3316 5696 observant,
3359 5647 3451 5701 pe-

1873 5707 1998 5758 dum
2024 5720 2239 5773 quoque
2279 5705 2530 5758 lotioncm
2568 5721 2595 5758 a
2634 5706 2850 5758 Christo
2877 5706 3102 5759 Domino
3127 5703 3454 5771 prietuissam

1875 5777 2044 5832 sacris
2066 5777 2334 5845 mysteriis
2351 5791 2468 5846 quae
2492 5776 2818 5839 instituebat,
2851 5776 3241 5831 licurccentes
3256 5788 3284 5827 a
3297 5781 3454 5827 coma
