3970 6316
633 274 762 342 illi

626 413 902 475 promotas
944 401 1158 475 docent
1217 399 1495 475 sequentia
1518 467 1530 475 _
1556 396 1822 475 passionis
1850 395 2200 466 ’Cyprianica'.

624 467 790 528 verba
824 491 837 526 :
883 493 901 523 ι
936 472 1221 526 Iusserunt
1261 467 1608 525 sacratissimi
1643 467 1996 535 imperatores
2035 482 2198 521 acre-

627 544 876 597 mouinri.
925 562 943 595 )
981 542 1132 608 Quod
1171 541 1414 596 ultimum
1459 537 1692 608 verbum
1718 537 1962 608 designat
1999 536 2198 590 rituum

628 611 970 684 farraginem,
994 605 1158 684 quam
1182 613 1241 684 _i_n
1272 609 1452 664 lsiacis
1479 605 1810 684 usurpabant
1837 605 2006 684 :__Q_uo
2039 621 2200 660 sensu

627 683 681 737 in
711 676 976 736 sententia
1001 676 1214 750 capitali
1239 695 1268 732 a
1295 678 1616 750 proconsule
1637 676 1824 750 edita,
1842 677 2204 750 diciturcum

629 745 1334 804 cu'remoniariim-suaruni.
1376 745 1470 800 His
1498 747 1643 800 enim
1679 745 1859 799 verbis
1892 745 2200 813 excipitur:

634 841 653 871 ‹
699 821 794 874 Diu
836 822 1092 890 sacrilega
1137 827 1324 890 mente
1359 817 1560 879 vixisti,
1597 825 1652 869 et
1681 817 1941 890 plurimos
1984 815 2204 890 nefariae

628 891 725 945 tibi
751 885 1159 958 conspirationis
1184 887 1428 958 homines
1461 887 1809 958 aggregasti,
1835 895 1889 958 et
1927 885 2200 958 inimicum

629 969 681 1013 te
710 961 812 1013 diis
840 956 1115 1020 Romanis,
1139 973 1202 1012 ac
1227 958 1396 1010 sacris
1419 956 1620 1025 legibus
1643 956 1988 1017 constituisti,
2021 971 2119 1008 nec
2152 966 2203 1010 te

627 1031 719 1098 pii,
752 1038 806 1082 ct
830 1028 1175 1082 sacratissimi
1205 1023 1832 1098 principesvalerianus,
1854 1035 1909 1078 et
1930 1025 2203 1080 Gallienus

627 1094 870 1166 Augusti,
896 1107 950 1151 et
979 1094 1291 1152 Valerianus
1316 1094 1678 1150 nobilissimus
1701 1094 1886 1148 Caesar
1908 1097 1974 1148 ad
2000 1105 2201 1166 sectam

625 1164 1068 1222 ceremoniarum
1103 1183 1322 1219 suarum
1367 1180 1620 1219 revocare
1665 1173 1974 1233 potuerunt.
2029 1183 2049 1216 ι
2101 1164 2201 1220 Ubi

626 1238 1068 1292 discriminantur
1118 1237 1188 1291 dii
1245 1235 1503 1298 Romani;
1557 1251 1585 1287 a
1632 1244 1774 1287 secta
1823 1235 2201 1304 imperatormu

627 1308 862 1360 stabilita
895 1308 946 1360 in
976 1307 1311 1361 czeremoniis
1338 1306 1406 1359 ab
1446 1305 1575 1373 ipsis
1611 1305 1914 1368 vindicatis,
1937 1322 2055 1373 quae
2087 1307 2205 1360 alite

628 1393 732 1429 non
759 1387 933 1440 erant,
964 1377 1064 1430 nisi
1103 1376 1433 1446 JEgyptiacae
1465 1374 1810 1428 initiationes.
1842 1374 2050 1446 E:er_l_en_i
2082 1391 2206 1446 pro-7

626 1449 814 1513 posita:
854 1446 1026 1508 Sixto,
1077 1444 1221 1513 quas
1249 1444 1472 1498 nomine
1521 1455 1895 1512 prrrceptorum
1939 1444 2205 1498 Valeriani

627 1516 788 1570 Liber
811 1517 1134 1570 Pontilicalis
1155 1516 1448 1585 expressit;
1491 1529 1609 1581 quae
1642 1515 1783 1585 dicta
1829 1529 1948 1585 enm
1986 1524 2204 1585 sanctus

626 1588 864 1655 pontifex
901 1582 1318 1644 almmiuarctur,
1365 1585 1629 1653 sequitur,
1659 1583 1820 1638 Liber
1853 1582 2202 1650 Pontificalis,

629 1659 772 1726 quod
793 1657 1002 1725 capitali
1027 1672 1180 1726 poma
1205 1655 1480 1708 multatur.

699 1721 870 1780 Linea
886 1727 940 1780 5.
959 1721 1040 1766 -”
1055 1724 1233 1794 Capite
1256 1734 1527 1778 truncatus
1549 1732 1642 1776 est.
1666 1721 1766 1790 Qui
1789 1724 2202 1794 contemnebant

627 1811 692 1851 ex
739 1797 1003 1865 episcopis
1054 1793 1479 1865 etprcsbyteris
1539 1794 1756 1847 indictis
1802 1793 2200 1865 initiationibus

625 1863 1030 1929 czereinouiari,
1091 1863 1325 1934 capitali
1363 1865 1627 1918 sententia
1689 1863 2081 1934 puniebantur,
2113 1879 2201 1934 ex

627 1937 841 1992 laudata
866 1937 1136 2007 mssione,
1159 1932 1275 2007 quo
1319 1933 1478 2007 modo
1507 1942 1711 2007 martyr
1747 1932 1984 2007 ellectus
2007 1933 2063 1986 S.
2097 1932 2203 2005 Cy-

647 2002 1230 2061 iriauuSIOrdinariam
1262 2005 1398 2059 hanc
1434 2004 1484 2056 iu
1527 2002 1884 2072 refl-agatures
1902 2002 2201 2058 edictorum

647 2023 868 2060 manus.
894 2023 1230 2061 UI’UIIIDI‘HIIII
1262 2023 1398 2059 naue
1434 2023 1484 2056 ΙΙΙ
1527 2023 1884 2072 Γειιηιςιιιυκε
1902 2023 2198 2058 ευιυιυτιιιιι

627 2023 793 2130 inisse
817 2091 1028 2144 poenam
1061 2076 1268 2128 eruitur
1292 2088 1365 2144 ex
1381 2073 1589 2144 laudata
1621 2074 1886 2144 passione,
1925 2083 2198 2136 narrante,

630 2143 828 2199 ﬁdeles
855 2154 1092 2199 astamcs
1120 2143 1371 2213 Cypriani
1411 2143 1570 2197 morti
1605 2143 1955 2205 exclamasse,
1982 2152 2038 2195 ut
2078 2159 2200 2197 cum

628 2216 747 2284 ipso
770 2215 984 2285 capitali
1011 2215 1194 2268 eadem
1233 2228 1389 2285 pmna
1419 2213 1800 2282 plecterentur.
1843 2230 1863 2263 ι
1912 2213 2038 2266 Post
2064 2213 2204 2267 hanc

627 2283 757 2338 vero
794 2283 1112 2339 sententiam
1143 2287 1296 2338 turba
1327 2283 1551 2337 fratrum
1580 2285 1794 2338 dicebat
1820 2299 1833 2335 :
1863 2291 1920 2337 et
1950 2298 2048 2337 nos
2072 2299 2196 2338 cum

627 2355 744 2424 ipso
774 2354 1117 2410 decollcnmr.
1155 2372 1174 2406 ι

698 2425 863 2479 Linea
892 2426 943 2479 7.
965 2456 1034 2464 —
1059 2423 1124 2478 Et
1150 2422 1431 2492 presbyteri
1465 2422 1808 2492 prmfuernnt.
1834 2421 1889 2474 ln
1919 2421 2201 2477 vacatione

628 2496 774 2549 sedis
795 2494 1101 2564 pontificim,
1126 2493 1200 2545 uti
1215 2494 1319 2564 sub
1337 2492 1572 2547 Fabiano
1591 2502 1862 2553 evenerat,
1879 2493 2198 2564 presbyteri,

627 2574 684 2618 et
713 2563 922 2619 diaconi
960 2564 1236 2634 pnefuisse
1273 2563 1544 2634 dicuntur,
1575 2571 1630 2634 et
1661 2578 1782 2616 cum
1823 2563 2203 2634 susceptaEc-

628 2635 807 2688 clesize
852 2632 1009 2697 cura,
1057 2633 1408 2687 universalem
1453 2633 1862 2686 sollicitudinem
1903 2632 2202 2687 ostendisse

627 2705 900 2774 pnecipue
934 2705 984 2758 in
1015 2719 1174 2758 causa
1214 2703 1504 2770 lapsorum,
1544 2704 1820 2770 dirigendo
1856 2703 2111 2774 epistolas
2147 2713 2204 2757 et

625 2773 1028 2830 exhortationes
1047 2776 1112 2826 ad
1135 2774 1576 2842 compescendam
1603 2773 1956 2842 quorumdam
1984 2773 2202 2826 nimiam

629 2845 929 2899 libertatem
952 2845 1002 2898 iu
1027 2843 1370 2897 :uhnittemlis
1386 2844 1570 2912 lapsis.
1590 2842 1732 2896 Inter
1749 2843 1845 2896 lms
1867 2843 2198 2912 admonitum

629 2914 873 2996 fecerunt
917 2914 1241 2996 C-yprinnum
1297 2929 1392 2981 pro
1438 2911 1998 2996 hacﬁcontroversia;
2043 2911 2200 2996 sicuti

629 2986 791 3039 ctiam
827 2981 1050 3053 quodin
1084 2983 1292 3038 fervore
1331 2983 1734 3052 persecutionis,
1777 2984 1990 3050 quando
2021 2981 2204 3051 plebes

629 3055 852 3123 majoris
878 3054 1126 3122 adjutorii
1153 3061 1308 3107 erant
1345 3053 1663 3124 indigentes,
1704 3068 1797 3124 eas
1828 3053 2121 3124 reliquerit,
2149 3061 2204 3106 et

630 3125 684 3179 in
715 3122 926 3179 secessu
970 3125 1143 3177 adlmc
1168 3122 1523 3177 delitesceret.
1557 3122 1660 3192 l’ru
1687 3122 1883 3192 quibus
1927 3123 2206 3191 epistolam

629 3195 778 3247 dedit
818 3193 1126 3262 presbyteris
1166 3203 1212 3245 et
1247 3194 1549 3246 diaconibus
1599 3191 1772 3245 Roma:
1812 3193 2208 3246 consistentibus

630 3264 686 3318 iu
714 3280 848 3316 nova
884 3264 1116 3317 editione
1152 3279 1297 3315 num.
1327 3264 1415 3321 20,
1447 3263 1534 3316 ubi
1567 3277 1785 3315 causam
1810 3276 2054 3315 secessus
2088 3276 2210 3331 ape-

635 3337 726 3393 rit.
752 3343 806 3385 et
837 3333 966 3402 quid
1000 3347 1097 3402 pro
1126 3332 1289 3399 lapsis
1311 3332 1709 3402 egerit,etpro
1738 3331 2134 3402 confessoribus
2157 3340 2212 3384 et

635 3401 1326 3474 martyribus.inliditque,
1356 3401 1523 3468 ’quod
1579 3401 1645 3474 de
1701 3401 1962 3474 universis
2003 3401 2210 3474 actibus

633 3470 918 3528 certidrem
944 3471 1234 3526 reddiderit
1251 3473 1454 3526 clerum
1479 3471 1724 3525 eumdem
1750 3470 2066 3524 Ilomauum.
2097 3490 2116 3520 ι
2146 3472 2212 3525 Et

635 3544 761 3612 quid
784 3543 981 3612 egerim
1009 3543 1295 3610 loquuntur
1316 3542 1466 3594 vobis
1487 3540 1736 3612 ;epistol:e
1758 3555 1853 3608 pro
1883 3541 2212 3612 temporibus

634 3611 846 3667 enussa:
881 3630 894 3665 :
931 3627 1151 3666 numero
1179 3612 1456 3674 tredecim,
1486 3625 1605 3680 qua:
1631 3611 1698 3664 ad
1725 3625 1820 3663 vos
1850 3611 2144 3664 transmisi.
2187 3630 2205 3664 ›

634 3683 692 3738 In
722 3682 962 3752 epistolis
989 3698 1117 3752 vero
1163 3682 1267 3735 illis
1297 3681 1551 3752 tredecim
1609 3695 1734 3752 qure
1761 3681 1952 3752 egerit,
1987 3690 2052 3752 et
2091 3696 2212 3749 qua.-

634 3753 737 3807 illa:
757 3749 869 3807 sint
894 3753 977 3807 Jo.
1028 3751 1349 3806 Cestriensis
1377 3752 1428 3804 in
1470 3749 1667 3804 Annal.
1697 3749 2030 3820 Cyprianicis
2068 3752 2209 3804 assi-

633 3834 781 3892 gnat,
815 3824 878 3875 ad
913 3838 1106 3876 annum
1141 3821 1264 3894 256,
1327 3821 1354 3894 ἓ
1403 3819 1461 3874 ll
1512 3829 1567 3874 et
1597 3820 1682 3873 12.
1737 3819 1866 3894 Qua:
1914 3835 2044 3894 vero
2071 3829 2214 3875 esset

632 3889 1145 3964 presbyterorunret
1163 3889 1505 3964 diaconorum
1524 3905 1674 3964 cura,
1697 3891 1950 3964 episcopo
1967 3889 2211 3964 absente,

637 3959 779 4015 sicut
798 3959 966 4016 etiam
1002 3962 1276 4021 delimcto.
1300 3963 1494 4016 docent
1521 3959 1763 4028 ejusdem
1785 3960 2045 4029 Cypriani
2100 3962 2211 4029 epi-

635 4033 758 4085 Iola:
788 4031 1117 4103 presbyteris
1137 4042 1192 4084 et
1215 4030 1463 4103 diacnnis
1483 4029 1744 4103 Ecclesigc
1767 4028 2212 4103 Carthaginiensis

637 4103 776 4155 data:
801 4100 1040 4170 tempore
1056 4116 1318 4155 secessus.
1343 4101 1494 4166 Quod
1516 4115 1640 4153 vero
1658 4100 1745 4153 hic
1774 4101 2211 4170 presbyterorum

637 4171 839 4226 mentio
893 4169 1162 4230 Occurrat,
1207 4171 1448 4224 diaconis
1493 4169 1899 4239 prtetcrmissis,
1942 4169 2013 4221 ad
2054 4185 2211 4238 quos,

635 4241 1008 4320 praecipue-ad
1039 4240 1506 4320 archidiaconum,
1547 4240 1825 4320 spectabat
1866 4241 2043 4320 potior
2067 4239 2210 4292 solli-

638 4307 821 4366 citudo
860 4310 1046 4366 saltem
1101 4311 1335 4364 exterior
1379 4307 1639 4362 bonorum
1687 4307 1970 4371 Ecclesim,
2013 4309 2210 4364 factum

635 4397 780 4446 reor,
819 4383 942 4451 quia
984 4395 1102 4434 cum
1151 4382 1302 4451 Sixto
1337 4379 1747 4451 archidiaconus
1781 4377 2124 4451 Laurentius,
2155 4387 2208 4434 ct

636 4468 758 4506 cum
788 4448 853 4505 eo
878 4451 966 4503 alii
1006 4467 1098 4504 scx
1145 4450 1388 4512 diaconi,
1429 4448 1790 4503 Felicissimus
1833 4457 1888 4500 et
1918 4448 2209 4517 Agapitus,

635 4522 924 4575 .lanuarius
952 4529 1006 4573 et
1030 4519 1270 4587 Magnus,
1305 4519 1617 4573 Vincentius
1643 4527 1700 4587 et
1729 4518 2034 4587 Stephanus
2063 4529 2208 4583 sunt,

637 4592 714 4644 ait
759 4589 922 4645 Liber
951 4585 1306 4651 l’onliticalis,
1332 4588 1588 4658 martyrio
1629 4585 1803 4658 allecti
1829 4585 1975 4658 unde
2006 4587 2210 4642 notavit

636 4669 1044 4730 consequenter,
1077 4662 1217 4730 qitod
1258 4659 1356 4712 soli
1395 4657 1692 4730 presbyteri
1721 4657 2049 4726 pra'fueriut,
2082 4658 2206 4728 quia

635 4727 722 4784 alii
750 4727 871 4784 cuin
897 4729 1050 4783 Sixto
1079 4727 1336 4800 martyrio
1363 4727 1504 4798 passi
1538 4727 1714 4800 erant.

665 4801 669 4808 ’
707 4800 872 4854 Linea
908 4802 960 4853 8.
1015 4829 1083 4839 -—
1127 4797 1242 4863 Quo
1289 4797 1546 4866 tempore,
1589 4797 1737 4849 locus
1782 4803 2068 4864 corruptus
2112 4811 2209 4864 per

635 4879 950 4923 consuetam
977 4869 1382 4922 amanuensium
1425 4867 1893 4936 transpositiouem
1919 4882 1931 4916 :
1964 4867 2087 4920 hinc
2114 4883 2206 4920 su-

636 4955 732 5008 pra
775 4938 1055 4994 refereuda
1104 4940 1296 5002 verba,
1330 4935 1587 5008 forsitan
1630 4935 1838 5008 meliori
1876 4949 2037 5008 sensu
2081 4938 2204 4990 sic:

642 5003 660 5056 ἒ
705 5007 828 5062 Fuit
867 5018 1042 5077 autem
1098 5006 1428 5077 temporibus
1475 5005 1737 5060 Valeriani
1784 5013 1839 5058 et
1876 5003 2064 5069 Decii,
2103 5022 2210 5075 quo

640 5088 881 5147 tempore
903 5075 1000 5130 fuit
1042 5075 1274 5130 maxima
1301 5077 1624 5146 persecutio.
1659 5077 1775 5140 Quo
1819 5084 2062 5147 tempore
2109 5092 2209 5147 sze-

638 5144 856 5201 vissima
888 5149 1256 5214 persecutione
1289 5144 1633 5216 arguebatur,
1671 5147 1856 5198 beatus
1897 5144 2084 5216 Sixtus
2111 5145 2211 5198 sub

638 5217 822 5271 Decio.
868 5217 1069 5271 Eodem
1101 5226 1339 5286 tempore
1368 5215 1639 5284 (maxima:
1678 5215 2090 5286 persecutionis)
2122 5216 2210 5269 hic

638 5289 1058 5356 comprehensus
1089 5302 1118 5339 a
1168 5284 1464 5356 Valeriano,
1503 5303 1520 5335 ι
1551 5295 1674 5338 ‘etc.
1705 5285 1904 5338 Locum
1935 5285 2012 5338 sic
2045 5284 2206 5339 resti-

640 5355 894 5408 tuendum
932 5372 1049 5408 esse
1089 5355 1312 5409 suadent
1345 5355 1762 5409 circumsumliae
1795 5355 2069 5422 temporis,
2099 5369 2206 5422 quo

640 5427 896 5479 adversus
936 5425 1258 5479 Novatiauos
1300 5423 1545 5477 catholici
1583 5423 1867 5478 ostendere
1891 5424 2205 5477 obnitcbau-

642 5505 780 5547 tur:
833 5495 1036 5564 primo,
1087 5494 1456 5548 schismaticos
1517 5492 1758 5548 Deciana:
1815 5495 2205 5562 persecutionis

638 5566 805 5616 fuisse
845 5574 1120 5630 auctores;
1161 5565 1415 5625 secundo,
1467 5564 1515 5616 in
1567 5564 1794 5618 Deciana
1838 5567 2206 5632 persecutione

637 5633 863 5685 clericos
899 5634 1128 5702 majores
1172 5635 1333 5686 fuisse
1371 5642 1611 5694 vexatos,
1648 5650 1768 5688 cum
1814 5643 1988 5686 t:uncn
2030 5634 2206 5687 securi

635 5714 691 5756 et
715 5704 1009 5758 incolmues
1039 5703 1314 5756 Novatiaui
1357 5705 1628 5768 viverent;
1659 5705 1836 5767 tertio,
1871 5706 2202 5768 Cornelimu,

1794 274 2148 332 ANASTASII
2187 273 2730 334 BlBLlOTllECARﬂ

3716 289 3809 346 ιιη

2228 401 2273 459 Α
2302 405 2358 477 et
2392 410 2750 477 snecessores
2786 397 3066 477 multiplici
3476 401 3700 477 gloriosa
3730 425 3812 477 spe.

2302 465 2556 520 ctabiles:
2577 476 2702 520 etut
2721 465 3096 538 ostenderetur
3110 471 3276 522 etiam
3297 471 3456 525 talem
3473 465 3811 538 Sixwmtnis'u,

2301 545 2797 617 proptereaanctor
2809 537 3095 617 Gestorum
3117 541 3428 617 adnotatum
3453 537 3816 617 reliquit,“

2305 606 2358 680 in
2393 622 2457 658 ea
2469 606 2768 680 έωξὶιεξηιιι
2792 611 3148 680 persecutione
3173 609 3355 680 fuisse
3378 606 3690 680 exagitatam
3708 606 3736 667 ξ
3755 618 3818 670 lb-

2303 677 2410 747 eio.
2459 675 2767 747 Catholicos
2794 675 2948 731 vero
2993 676 3309 733 Novatiauis
3355 675 3616 747 obiecisse
3653 699 3816 741 sum.

2306 745 2725 817 inconstantiam
2757 745 3035 815 inglorium
3062 749 3112 800 in
3150 745 3611 817 persecutionibus
3634 751 3721 807 illis
3751 771 3816 809 ιι·

2304 815 2558 886 vissimis,
2602 817 2728 886 dum
2772 832 2877 869 non
2927 815 3206 886 legebatur
3251 819 3335 871 vel
3385 819 3817 882 Novatianum.rel

2303 885 2540 939 asseclas
2577 885 2866 952 quidquam
2909 885 3188 955 pertulisse
3229 905 3327 957 pro
3377 890 3502 943 fidei
3546 893 3818 949 wnfessime

2307 962 2420 1026 toto
2447 970 2512 1007 eo
2541 965 2822 1026 tempore,
2857 959 3012 1010 docet
3058 958 3110 1011 in
3155 961 3268 1012 suis
3310 959 3556 1026 epistolis
3595 959 3817 1022 Pacianns,

2305 1024 2394 1091 qui
2437 1024 2640 1092 pariter
2684 1036 2891 1079 reserat
2920 1024 3727 1103 _posterior1|m_NovatianorIn
3753 1034 3820 1103 ﬁ;-

2306 1105 2544 1170 meutmn
2574 1109 2652 1170 ex
2693 1097 2963 1170 corruptis
3000 1098 3240 1170 epistolis
3272 1097 3646 1170 ‘Cyprianicis,
3676 1097 3820 1170 quit-Ea

2306 1163 2702 1217 contendebant
2749 1163 3052 1230 ostendere,
3098 1163 3454 1221 Novatianum
3500 1170 3657 1223 fuisse
3684 1163 3819 1224 verum

2307 1233 2694 1308 confessorem.
2735 1235 3127 1308 Argumentum
3174 1252 3305 1308 vero
3346 1239 3414 1308 de
3445 1239 3710 1308 multiplici
3732 1257 3824 1296 coa-

2306 1300 2539 1356 fessione
2570 1313 2696 1357 tunc
2721 1300 2921 1358 assumi
2948 1307 3164 1360 solitum
3195 1307 3357 1361 veluti
3384 1300 3642 1361 tesseram
3664 1311 3822 1362 virtutis

2306 1374 2538 1446 probant
2563 1373 2800 1446 epistola:
2833 1374 3087 1446 Cypriani
3114 1376 3252 1429 data:
3291 1392 3388 1446 pro
3432 1392 3601 1446 causa
3640 1378 3820 1432 Cornehi

2308 1444 2564 1496 adversus
2594 1444 2986 1506 schismaticos,
3018 1444 3105 1498 ubi
3147 1444 3666 1502 hanc'confessionis
3691 1461 3824 1503 nam

2309 1520 2497 1583 auget,
2528 1521 2585 1565 ut
2607 1513 2852 1583 ostendat
2877 1524 2932 1567 et
2958 1515 3188 1568 Cornelii
3219 1517 3516 1583 legitimam
3546 1516 3823 1583 electiorm,

2308 1582 2668 1654 etl‘ovatiani
2713 1583 3039 1638 sclrismatiei
3083 1582 3342 1639 ambitqu
3378 1601 3537 1654 :quo
3567 1589 3710 1640 modo
3732 1582 3825 1642 Cm;

2309 1651 2724 1727 neliusnomine
2761 1654 2948 1727 synodi
2999 1655 3252 1727 Romamn
3291 1656 3356 1727 ad
3381 1651 3610 1727 Fabium
3635 1659 3826 1727 suggilbt

2231 1750 2276 1808 Β
2312 1719 2672 1808 Novatianmn
2719 1719 3064 1808 reluctantem
3107 1725 3158 1778 in
3213 1719 3826 1808 periertlo.pcrsec§tianis

2303 1790 2705 1866 catechumenis
2725 1793 2936 1866 adesse,
2960 1803 3015 1866 et
3045 1795 3097 1847 in
3121 1790 3589 1866 persecutionibus
3616 1794 3826 1866 refugien-

2309 1862 2767 1936 temcertamina.
2808 1862 2968 1936 Liber
2998 1865 3176 1936 itaque
3219 1863 3558 1919 Pontiﬁcalis
3586 1862 3827 1936 designare

2303 1930 2474 1984 voluit
2503 1931 2553 1984 iu
2573 1931 2794 1999 periodo
2817 1934 3019 2002 integra
3049 1930 3292 2004 Deciana:
3320 1930 3728 2004 persecutionis
3742 1939 3829 1990 six-

2307 2007 2418 2052 tum
2444 2011 2692 2053 vexatum
2719 2015 2860 2063 esse,
2893 2014 2948 2054 et
2973 2004 3072 2056 sub
3110 2003 3296 2067 Decio,
3323 2003 3388 2057 iet
3429 2005 3536 2058 sub
3578 2005 3824 2066 Valeriam.

2303 2069 2520 2144 quando
2557 2072 2802 2144 gloriose
2834 2073 3128 2144 certamine
3172 2075 3496 2144 martyrium
3543 2089 3824 2129 consumma-

2302 2141 2416 2214 vit':
2439 2146 2580 2208 quod
2603 2150 2658 2194 et
2680 2141 2731 2194 in
2761 2141 2999 2207 Urbano,
3019 2143 3293 2209 Cornelio,
3315 2141 3622 2214 Stephano,
3642 2155 3691 2199 et
3708 2146 3827 2199 Lucis

2302 2211 2644 2264 observatum
2673 2219 2774 2265 est.

2377 2278 2537 2354 Linea
2563 2281 3047 2354 l6.——Cgriaretis.
3075 2281 3323 2354 occurrit
3353 2298 3460 2338 vox
3493 2284 3547 2338 in
3586 2283 3827 2354 Sylvestm,

2303 2348 2392 2401 ubi
2415 2349 2626 2421 legitur
2667 2368 2688 2421 :7
2731 2369 2751 2402 ι
2791 2348 2858 2405 Ἰιι
2893 2352 3080 2421 eodem
3130 2353 3246 2408 loco
3285 2355 3566 2421 possessio
3606 2348 3826 2421 cujusdam

2303 2419 2597 2489 Cyriacetis
2622 2420 2879 2494 religiosa:
2896 2420 3126 2494 femime,
3153 2419 3312 2494 quam
3341 2423 3512 2478 ﬁscus
3533 2419 3828 2494 occupaverat

2305 2497 2546 2564 tempore
2573 2492 2980 2564 persecutionis.
3016 2511 3034 2542 ι
3069 2493 3197 2546 Erat
3229 2493 3343 2546 haec
3379 2495 3630 2564 religiosa
3662 2492 3824 2550 iuulier.

2303 2571 2458 2632 quae;
2487 2561 2713 2614 Deciana
2764 2571 3086 2630 perurgente
3147 2561 3553 2632 persecutione,
3621 2565 3825 2617 bonorum

2297 2627 2567 2702 jacturam
2613 2627 2777 2702 passa
2835 2627 3048 2702 fuerat,
3093 2627 3164 2687 (δι’
3214 2632 3436 2702 quidem
3501 2634 3651 2701 juxta
3697 2637 3824 2688 edit-ta

2307 2701 2554 2772 tyranni,
2703 2702 2899 2772 quibus
2939 2703 2990 2754 in
3038 2699 3248 2756 laudata
3290 2704 3359 2756 ad
3403 2699 3712 2759 Successum
3749 2707 3827 2772 epi-

2305 2769 2442 2822 stola
2491 2769 2678 2825 scribit
2705 2769 3022 2841 Cyprianus,
3077 2789 3216 2826 cum
3250 2787 3526 2828 summam
3585 2769 3825 2829 edictorum

2305 2841 2572 2912 proponit.
2626 2859 2643 2890 ι
2701 2841 2955 2895 Matronae
2980 2843 3258 2912 ,ademptis
3319 2843 3482 2897 bonis
3535 2845 3587 2898 in
3633 2846 3826 2898 exsilium

2308 2909 2676 2983 relegantur...
2725 2911 2848 2983 _Set_|
2878 2981 2887 2983 _
2921 2919 3003 2983 et“
3029 2909 3168 2967 huic'
3207 2915 3576 2983 persecutioni
3641 2915 3826 2982 quotidie

2308 2979 2575 3052 insistunt
2605 2981 2844 3050 prmfecti
2877 2981 2929 3034 in
2965 2979 3127 3045 Urbe,
3159 2979 3223 3036 ut'
3242 2985 3286 3036 si
3315 2986 3409 3052 qui
3443 2985 3550 3038 sibi
3578 2979 3725 3038 oblati
3745 2983 3827 3036 fne-

2314 3049 2443 3112 rint,
2492 3049 3014 3114 animadvertantnr,
3039 3063 3093 3106 et
3121 3053 3258 3106 bona
3301 3049 3495 3108 eorum
3548 3055 3674 3108 fisco
3696 3055 3825 3106 vindi-

2235 3096 2279 3158 C
2311 3096 3826 3191 belli"{illi$6185.10};"pZEEeEJiiB'Jis"ambige

2311 3190 2700 3258 possessiones,
2733 3206 2866 3260 pace
2887 3206 2982 3260 per
3002 3190 3416 3248 Constantinum
3447 3195 3576 3248 data
3599 3190 3825 3251 Ecclesiis.

2311 3261 2380 3312 ab
2401 3261 2588 3313 eodem
2641 3263 3191 3334 destinatae‘suntju
3229 3265 3414 3317 dotem
3467 3268 3762 3334 templorum
3790 3274 3829 3313 et

2329 3344 2606 3400 nuperum
2639 3346 2652 3383 τ
2680 3333 2745 3383 de
2775 3347 2883 3400 quo
2935 3329 3051 3386 fuse
3098 3332 3384 3396 Eusebius,
3438 3346 3495 3389 et
3546 3329 3676 3388 intra
3709 3334 3828 3387 Liber

2340 3399 2660 3472 ’outificalis.
2695 3400 2746 3452 lu
2777 3399 3029 3469 pnedioio
3074 3403 3254 3472 itaque
3307 3404 3525 3467 relicto,
3562 3406 3722 3459 locum
3741 3419 3828 3456 san-

2311 3478 2401 3522 cta
2449 3468 2640 3545 mulier
2674 3468 2880 3545 aptavit
2929 3487 3025 3540 pro
3075 3468 3714 3545 mai-tyrunnsepultura.
3754 3475 3828 3545 Car

2310 3553 2454 3612 veroA
2467 3555 2570 3612 non
2595 3540 2773 3602 fuerit,
2796 3541 2937 3612 sicut
2961 3540 3354 3607 antecessores,
3386 3540 3579 3598 Stxius
3617 3544 3830 3612 revixit!“

2311 3609 2379 3680 ad
2408 3607 2659 3680 viciniam
2687 3611 2961 3663 memorim
3006 3615 3397 3680 apostolorum,
3445 3616 3625 3669 facilis
3652 3607 3825 3680 respou-

2312 3679 2394 3732 sio
2421 3693 2436 3731 :
2464 3680 2587 3746 quia
2620 3679 3350 3752 interdictusexposteriori
3387 3685 3657 3739 Valeriani
3698 3679 3830 3752 cuiue

2311 3761 2562 3801 accessus
2589 3749 2654 3801 ad
2683 3751 3016 3822 eteiuetcria,
3065 3749 3142 3805 iui
3193 3769 3352 3822 supra
3397 3766 3640 3808 notatum
3664 3762 3747 3807 est.
3777 3751 3827 3804 lix

2310 3831 2417 3886 qua
2448 3832 2610 3892 c_ausa_
2645 3818 2807 3892 etiam
2834 3830 3128 3892 evenerat,
3182 3818 3464 3892 uthinas
3494 3826 3594 3879 SS.
3618 3823 3830 3892 apostolo—

2313 3901 2430 3940 rum
2469 3886 2612 3958 Petri
2641 3897 2693 3941 et
2720 3887 2868 3942 Pauli
2898 3905 3122 3958 corpora
3153 3893 3216 3946 ad
3246 3891 3422 3948 locqu
3448 3895 3625 3949 sancti
3650 3886 3828 3947 Fabiani

2313 3957 2668 4032 transtulerit,
2711 3969 2770 4032 nt
2811 3959 2882 4012 ibi
2929 3957 3096 4015 tutius
3145 3965 3578 4027 custodirentur,
3608 3979 3669 4018 ne
3693 3979 3830 4032 perse-

2311 4027 2460 4082 cutio
2486 4027 2649 4080 etiam
2689 4029 2946 4082 adversus
2996 4033 3307 4086 cmmeteria
3359 4027 3740 4091 incrudcsceas,
3770 4048 3829 4084 sa-

2311 4112 2449 4172 cras
2470 4096 2726 4172 reliquias
2763 4098 2869 4172 igni
2902 4102 3156 4172 traderet.
3190 4100 3342 4157 Unde
3367 4119 3492 4172 qua:
3518 4104 3672 4158 Liber
3695 4103 3830 4155 Ponti-

2310 4165 2480 4220 ficalis
2505 4165 2667 4219 tradit
2702 4169 2754 4220 in
2783 4165 3038 4223 Cornelio
3064 4172 3130 4225 de
3159 4165 3461 4226 istiusmodi
3508 4174 3827 4228 translatione.

2311 4238 2618 4312 reponenda
2660 4236 2712 4289 iu
2735 4237 2923 4301 Sixto,
2959 4249 3015 4293 et
3040 4243 3391 4312 corrigemlus
3440 4252 3642 4297 textus.
3672 4250 3732 4295 hx
3755 4259 3832 4309 qm

2311 4315 2474 4378 etiam
2505 4307 2726 4378 probata
2757 4319 2937 4378 manet
2975 4321 3153 4364 nostra
3190 4307 3521 4378 conjectura
3551 4316 3616 4365 de
3659 4307 3830 4364 adduin-

2313 4375 2494 4439 nibus,
2522 4385 2575 4428 et
2604 4375 2670 4428 de
2701 4377 2857 4430 modo
2885 4381 2936 4431 iu
2973 4377 3134 4434 Libro
3163 4375 3470 4436 Pontilicali
3516 4383 3684 4436 factis.
3714 4383 3830 4434 1cm-

2237 4445 2288 4503 D
2317 4459 2454 4521 pore
2474 4460 2604 4521 vero
2630 4444 2768 4521 _Sixti
2796 4449 3196 4504 translationem
3225 4449 3422 4506 factam
3445 4457 3640 4521 probat
3673 4453 3830 4504 Indicu-

2313 4515 2816 4590 lus_deposi_tinnul_n
2838 4530 3160 4590 “ruartyrum
3193 4523 3331 4590 apud
3370 4515 3708 4582 Eucherium,
3733 4522 3827 4574 ubi:

2317 4602 2337 4652 ᾳ
2379 4582 2562 4638 Tertio
2594 4585 2711 4638 Kal.
2766 4584 2890 4640 Julii
2926 4582 3068 4642 l’eiri
3121 4589 3172 4643 in
3225 4582 3598 4652 catacumhas,
3626 4592 3829 4644 Tusmrt

2311 4651 2478 4730 {ﬁsso
2524 4669 2664 4708 coss.
2717 4673 2735 4705 ι
2777 4655 3247 4730 Qui_consulatus
3300 4671 3514 4730 spectat
3567 4651 3631 4714 ad
3675 4675 3828 4713 animm

2309 4722 2432 4783 258.
2464 4738 2572 4792 quo
2601 4733 2842 4794 tempore
2893 4725 3078 4784 Sixtus
3117 4722 3348 4794 vivebat,
3381 4745 3492 4786 non
3523 4747 3649 4786 vero
3672 4730 3829 4784 Come-

2309 4794 2434 4847 lius.

2802 4862 2957 4918 BlNll
2997 4865 3082 4920 ET
3123 4867 3386 4922 LABBEI.

2381 4931 2547 4987 Linea
2575 4932 2628 4987 5.
2658 4931 3205 5004 —Cnpitetruncntns
3230 4951 3325 4992 est.
3358 4942 3410 4992 In
3442 4939 3829 4996 Cremeterisco-

2311 5003 2454 5079 dem,
2510 5005 2561 5056 in
2606 5017 2714 5071 quo
2763 5003 2952 5079 contra
3009 5007 3180 5076 legem
3216 5009 3486 5079 Valeriani
3544 5011 3828 5079 imperatoris

2313 5075 2519 5150 aditum
2583 5075 3035 5150 coemeteriorurn
3068 5075 3469 5150 prohibentem
3544 5075 3826 5150 peccavi-rut.

2313 5143 2552 5218 occisum
2577 5157 2718 5203 esse,
2765 5143 3074 5218 testimonio
3093 5143 3160 5199 ’5.
3191 5147 3446 5218 Cypriani
3499 5143 3714 5204 consul.
3752 5148 3828 5218 lle

2311 5212 2559 5273 collatus,
2590 5227 2656 5288 an
2685 5213 2978 5288 crucifixus
3031 5212 3324 5270 decesserit
3381 5220 3569 5273 Sixtus
3611 5216 3823 5288 pontifex,

2311 5283 2750 5358 controvertitnr.
2786 5283 2947 5358 Unnsr
2969 5293 3053 5337 est
3100 5294 3247 5358 solus
3279 5283 3824 5358 Prudentius‘hynuw!

2305 5366 2425 5404 eum
2454 5352 2602 5405 cruci
2628 5350 2842 5405 allixmn
2878 5354 3041 5408 fuisse
3068 5357 3232 5409 tradit
3258 5359 3341 5410 his
3366 5362 3611 5414 versibus

2644 5431 2748 5479 Jam
2773 5432 2938 5480 Sixlus
2957 5435 3126 5483 allixus
3147 5440 3276 5486 cruci

2648 5495 2961 5542 Laurentium
2986 5498 3186 5545 [lentem
3213 5501 3384 5548 valens

2647 5555 2814 5603 Crucis
2835 5560 2928 5604 sub
2954 5559 3059 5618 ipso
3079 5563 3273 5620 stipite,
3294 5572 3395 5610 etc.

2308 5633 2507 5712 Yerum
2537 5635 2635 5712 _in_
2663 5639 2972 5691 (mulctraria
3020 5643 3279 5708 prazdicto
3337 5645 3510 5712 capite
3566 5651 3816 5696 truncatum

2311 5707 2476 5760 fuisse
2498 5706 2729 5776 plurium
2755 5706 3078 5763 ιυβιίηιυιιίἰε
3102 5722 3185 5764 est
3214 5706 3632 5784 comprobatum.
