3970 6316
137 369 298 456 ἰιὶδ

986 387 1303 446 HISTORIA
1344 387 1430 444 DE
1473 383 1646 440 \‘lTlS
1685 381 1848 438 ROM.
1890 339 2246 439 ΡΟΝΤμ-έ,
2295 384 2676 442 DIONYSIUS.

2933 375 2966 386 ν

3287 385 3422 441 ιιξις

109 566 112 567 ν
154 525 219 567 ιιι
242 519 636 579 corruptionem
681 517 854 564 textus
885 517 1154 579 utea-nque
1186 507 1460 579 probaret,
1486 503 1738 558 nonnulla
1775 506 1820 564 Α
1849 511 2098 579 ecptmne
2133 507 2535 579 episcopatuum
2577 522 2670 560 seu
2710 507 3090 579 parocliiarum
3123 509 3196 562 ab‘
3216 507 3424 579 origine
3443 527 3457 539 ·-

151 597 259 652 pro
284 577 512 652 lectione
543 596 644 652 sua.
669 580 906 652 adducit,
952 577 1196 652 quieliie’
1216 577 1567 647 expendenda
1596 584 1743 628 sunt.

151 647 238 706 λϐ
277 649 448 720 primo
485 651 698 718 quidem
730 647 1280 720 Vindicat.imperium
1327 658 1456 720 ante
1483 655 1744 720 tempora,

149 711 380 774 Arcadii
431 711 762 772 ct'llnnorii
793 719 846 771 in
889 711 1147 773 tlimccses
1187 718 1528 772 distributum
1581 711 1748 766 fuisse

152 792 262 844 sul)
309 789 658 844 Constantino
706 788 914 854 Magno,
965 789 1014 841 id
1074 799 1248 842 tamen
1300 796 1421 855 post
1463 783 1748 839 concilium

154 860 435 916 Nicainum
466 859 666 912 factum
699 858 888 918 videri,
917 867 976 910 iit
1016 857 1202 912 Patres
1243 858 1588 912 Arelatenses
1629 869 1748 906 ma-

143 931 703 1002 jorum,diuicesiiuii
748 930 1090 1002 mentionem
1145 929 1320 1002 facere
1365 925 1745 994 nequiterint:

157 998 180 1053 ι
223 998 452 1054 Dubium
479 1010 586 1062 est,
615 999 808 1066 inquit,
841 1014 906 1050 an
949 998 1334 1052 Constantinus
1385 1006 1627 1066 tempore
1656 1006 1746 1060 sy-

157 1093 180 1121 ι
234 1070 355 1124 nodi
384 1065 714 1122 Arelatensis
755 1068 1091 1120 distribuerit
1129 1067 1500 1135 imperiumin
1547 1065 1745 1118 diiece-

159 1160 179 1189 ι
224 1155 332 1198 ses.
368 1151 419 1191 et
458 1135 815 1192 verosimilius
836 1146 944 1206 est,
973 1153 1068 1190 nec
1093 1139 1141 1190 id
1168 1134 1368 1206 factum
1399 1134 1562 1187 fuisse
1586 1141 1746 1206 teni-

157 1231 178 1258 ς
219 1224 346 1279 pore
377 1207 622 1279 Nicena),
649 1223 769 1261 cuin
798 1201 870 1258 ibi
907 1207 1076 1279 solum
1106 1207 1306 1260 mentio
1325 1205 1421 1279 liat
1449 1201 1750 1279 provincia-

157 1301 180 1328 ‹
220 1272 366 1342 Ἠιιιι,
401 1296 504 1332 non
543 1278 870 1332 diareeseon.
904 1296 918 1327 ι
955 1277 1151 1332 Verum
1189 1277 1426 1346 graviter
1455 1272 1748 1330 hallucina—

150 1358 249 1402 tnr
287 1360 493 1410 auctor,
533 1358 588 1402 et
615 1346 788 1401 errori
828 1362 1069 1400 errorem
1104 1344 1366 1418 adjimgit,
1404 1359 1587 1418 seque,
1622 1355 1747 1418 cuin

151 1419 234 1474 ita
284 1409 540 1486 loquitur,
595 1418 768 1477 Acta.
806 1432 925 1488 qua:
979 1409 1219 1488 tempore
1273 1409 1495 1488 Nicicni'
1533 1409 1747 1488 concilii

149 1483 497 1558 prodierunt.
528 1502 631 1558 non
662 1485 989 1558 pervolvisse
1013 1483 1266 1540 ostendit.
1325 1483 1511 1537 Exstat
1539 1495 1670 1534 sane
1697 1483 1747 1530 in

151 1555 498 1628 iionstantini
524 1557 745 1628 cpistola
777 1556 841 1608 de
870 1555 1132 1610 Pascliatc
1161 1570 1256 1622 per
1290 1563 1466 1628 totum
1485 1561 1748 1628 teri-actiui

150 1627 346 1681 orbem
375 1642 480 1679 uno
507 1620 590 1679 die
618 1625 958 1687 celebrando,
989 1620 1169 1693 quam
1189 1636 1425 1693 tempore
1457 1623 1628 1693 ipsius.
1655 1620 1750 1671 Μ·-

152 1698 292 1751 cmni
323 1696 535 1754 concilii
584 1696 820 1764 scripsit,
859 1691 1046 1764 inqua
1099 1711 1208 1748 non
1253 1691 1424 1748 solum
1475 1691 1747 1764 variarum

149 1767 561 1834 provinciarum
577 1768 676 1819 sub
699 1759 866 1817 'unius
893 1759 1126 1833 regionis
1141 1765 1355 1817 nomine
1373 1761 1636 1834 meminit,
1657 1759 1749 1834 sed

1849 574 2103 645 Ecclesiae
2141 574 2388 631 conditas
2429 593 2524 645 per
2549 576 2848 645 apostolos;
2881 578 2933 630 in
2975 578 3144 632 altera
3183 574 3425 633 vero'si-

1851 644 2193 716 gniﬁcatione
2256 644 2643 715 metropolitica
2711 649 2898 700 eodem
2951 647 3244 716 apostolico
3291 657 3426 701 tem-

1849 727 1979 780 pore.
2016 714 2262 785 fundatas
2301 714 2564 770 diteceses
2588 717 2744 785 (nam-
2778 726 2831 770 et
2865 714 3056 770 Paulus
3085 716 3265 770 Titum
3299 718 3423 771 reli-

1827 793 2040 854 querat
2078 783 2272 848 Crete,
2297 783 2686 854 metropolitani
2730 803 2794 839 ac
2835 789 3115 854 primatem
3145 789 3309 841 totius
3335 788 3428 840 iii-

1849 853 1997 924 sulai,
2035 863 2091 905 ut
2131 853 2481 909 constitueret
2511 853 2846 924 presbyteros,
2859 874 2949 924 per
2974 858 3248 923 civitates);
3283 869 3337 910 et
3366 857 3422 909 in

1849 923 2021 991 prima
2067 924 2150 997 illa
2181 926 2508 997 acceptione
2554 923 2864 997 dimceseon
2901 927 3112 981 eluceat
3159 925 3449 997 apostolo--

1852 1009 1969 1066 rum
2021 995 2262 1066 primiin
2311 995 2482 1066 trium
2524 996 2728 1048 sodium
2777 995 3447 1066 praicipuarum'Itomatr

1848 1061 2211 1126 Alexandriae;
2239 1065 2535 1118 Antiochiae
2566 1061 2855 1127 fundatori,
2883 1061 3079 1121 debere
3123 1068 3422 1122 institutio—-

1847 1147 1972 1184 nem
2023 1150 2175 1186 suam
2235 1135 2633 1201 [utll‘lal'CllalllS
2678 1136 2897 1188 totidem
2951 1137 3014 1189 iis
3064 1138 3114 1190 in
3164 1138 3438 1191 tractibus

1849 1204 2200 1276 constitutos;
2222 1219 2583 1276 “censequens
2612 1213 2803 1276 est,ut
2832 1205 3116 1276 Dionysius
3161 1208 3266 1261 dici
3316 1221 3430 1258 nou

1817 1271 2044 1326 --debeat
2081 1274 2134 1326 in
2182 1273 2286 1327 ulla
2329 1291 2393 1328 ex
2436 1271 2607 1326 tribus
2636 1275 2784 1327 verbi
2824 1271 3132 1330 notiohibns
3160 1278 3430 1330 institator

1846 1342 2046 1411 primus
2075 1344 2376 1397 dimeeseon.
2413 1345 2594 1411 Neque
2627 1344 2676 1396 id
2706 1346 2901 1398 asserit
2939 1348 3254 1400 Anastasius
3289 1363 3302 1398 :
3333 1361 3429 1399 cu-

1844 1409 1934 1485 jus
1967 1414 2132 1485 verba
2157 1415 2382 1485 codices
2417 1409 2794 1485 ita-retinent,
2829 1426 2887 1468 ut
2931 1416 3272 1485 intelligenda
3319 1415 3429 1468 sint

1850 1481 1918 1533 de
1945 1483 2165 1536 urbanis
2194 1483 2440 1537 ecclesiis
2467 1482 2774 1537 titularibus
2803 1486 2948 1539 fonte
2976 1481 3186 1539 donatis
3222 1494 3276 1539 et
3316 1494 3425 1539 ler-

1852 1552 2040 1623 ritorio
2087 1569 2180 1620 per
2227 1554 2538 1606 decessores
2582 1568 2728 1615 suos,
2759 1564 2815 1606 et
2859 1571 2886 1606 a
2920 1571 2977 1608 se
3011 1557 3272 1610 restitutis
3307 1562 3428 1623 post

1852 1618 2000 1674 Decii
2030 1618 2382 1676 et'Valei-iani
2415 1625 2835 1690 persecutiones,
2863 1625 2989 1678 dum
3027 1626 3244 1680 eosdem
3276 1618 3426 1677 urbis

1853 1691 2038 1763 titulos
2089 1700 2144 1744 et
2204 1693 2506 1746 suburbana
2561 1695 2874 1763 caanieteria
2927 1696 3222 1763 partiretur
3284 1696 3426 1763 inter

1849 1762 2215 1831 presbyteros,
2251 1773 2308 1814 ut
2347 1763 2503 1816 lectio
2539 1762 2653 1829 ipsa
2689 1762 2899 1832 vulgata
2930 1761 3288 1819 demonstrat.
3326 1761 3426 1817 Hic

148 1829 411 1904 expresse
436 1835 670 1890 Pontiezc
705 1845 756 1886 et
779 1829 1584 1888 Asianazdimcesismentionem
1601 1829 1748 1904 facit,
1786 1847 1826 1904 Β
1853 1829 2161 1904 presbyteris
2188 1832 2428 1885 ecclesias
2453 1833 2647 1904 divisit,
2671 1844 2717 1884 et
2744 1829 3050 1895 cdemcteria,
3078 1846 3124 1888 et
3149 1834 3425 1904 parochias

152 1901 394 1966 meme»
421 1927 473 1961 τι
504 1905 766 1967 διοίκησιν,
797 1909 878 1958 καί
905 1912 1142 1963 Ποντικήν
1171 1903 1442 1964 Asianum,
1477 1901 1668 1967 inquit,
1698 1911 1746 1952 et

159 1974 436 2049 Ponticam
467 1975 922 2049 direqesinuﬁuid
957 1974 1199 2049 clarius}
1227 1973 1364 2038 Quid
1395 1970 1702 2049 expressius

137 2046 297 2111 Quid
333 2045 669 2098 manifestius
699 2060 726 2095 a
755 2041 1105 2098 Constantino
1135 2043 1324 2109 Magno
1355 2041 1514 2096 scribi
1541 2040 1750 2111 potuit?

149 2109 365 2169 (ἱειίιιιιι
397 2115 575 2182 itaque
602 2123 706 2175 est,
727 2114 867 2182 quod
893 2123 1132 2180 tempore
1163 2112 1358 2166 Nicicni
1385 2111 1592 2164 concilii
1617 2109 1749 2162 dite-

137 2200 315 2246 _ceses
338 2185 535 2242 fuerint
559 2185 609 2236 in
630 2184 856 2252 imperio
872 2200 888 2246 ;
907 2183 1047 2252 quod
1089 2184 1324 2237 auctoris
1347 2182 1512 2235 nostri
1553 2183 1746 2250 ἀγδοὶαν

151 2255 357 2324 prodit,
389 2269 618 2324 emitque
652 2253 890 2324 graviter
915 2257 1014 2307 liac
1045 2254 1098 2306 in
1130 2269 1186 2306 re
1214 2267 1422 2324 errasse
1453 2252 1742 2324 convincit.

237 2344 256 2375 ι
292 2320 542 2377 Secundo
589 2320 721 2376 dicit
770 2322 988 2376 dttbiitiii
1039 2338 1186 2384 esse,
1229 2323 1568 2389 quandonain
1610 2320 1747 2374 Con-

150 2395 434 2448 stantinus
476 2392 758 2460 imperium
804 2393 857 2445 in
900 2392 1166 2447 ilimceses
1213 2390 1572 2454 distribuerit,
1602 2392 1745 2458 quod

159 2463 295 2518 niliil
321 2463 386 2517 ad
412 2463 762 2532 qiucstionem
791 2461 940 2525 facit,
970 2478 1093 2532 coni
1121 2463 1382 2519 ditecescs
1410 2469 1536 2532 ante
1563 2462 1747 2532 distri-

158 2530 443 2587 biitioneni
477 2532 576 2586 sub
621 2542 854 2600 quatuor
883 2530 1150 2600 praefectis
1180 2533 1454 2600 pra-torio,
1487 2531 1540 2584 iii
1577 2531 1744 2598 impe-

146 2604 246 2661 Δινίο
279 2602 499 2666 fuerint,
525 2602 709 2670 sicque
740 2601 930 2656 Patres
965 2601 1313 2656 Arelatenses
1343 2605 1456 2656 suis
1487 2602 1743 2668 tempori-

157 2673 262 2727 lius
311 2673 622 2727 dioecesium
673 2687 866 2726 nomen
898 2685 1181 2741 usurpare
1233 2672 1538 2740 potuerint,
1586 2682 1743 2739 prout

158 2759 451 2813 usurpasse
505 2756 662 2813 nemo
704 2742 808 2797 buc
857 2757 1029 2813 usque
1077 2744 1130 2796 in
1177 2742 1408 2813 dubium
1449 2743 1736 2796 revocavit.

162 2810 436 2869 ltimécscs
485 2810 760 2883 Sylvestro
802 2812 1062 2883 tribuunt,
1091 2813 1352 2868 dioeceses
1397 2811 1737 2883 itaquetqu

157 2893 316 2936 erant
367 2883 418 2936 in
480 2881 736 2948 imperio,
787 2881 1016 2950 quarum
1067 2883 1284 2934 nomine
1331 2881 1738 2949 amplitudinem

155 2952 536 3019 patriarclialis
559 2951 948 3019 jnrisdictionis
971 2950 1158 3004 Patres
1179 2952 1570 3020 exprimebant.
1595 2951 1740 3006 Onu-

153 3022 349 3090 plirius
383 3021 676 3076 Panvinius
707 3023 1022 3076 divisionem
1045 3022 1462 3090 provinciarum,
1492 3036 1610 3088 qua:
1637 3023 1738 3076 sub

153 3091 400 3148 Adriano
444 3092 768 3160 imperatore
809 3091 1058 3152 obtinuit,
1111 3091 1365 3150 referens,
1418 3091 1558 3143 inter
1603 3091 1736 3144 alios

158 3161 346 3230 titulos
373 3177 534 3214 iiiittiii
571 3162 735 3214 Italiae
771 3161 1058 3230 provinciis
1089 3162 1336 3230 praeﬁgit.
1367 3177 1472 3227 quo
1503 3162 1731 3214 asserit:

157 3229 492 3294 Prouincias,
531 3231 607 3300 vel
648 3229 889 3284 diwceses
934 3232 988 3283 in
1042 3229 1256 3292 Italiu.’
1283 3232 1497 3300 ejusque
1550 3231 1734 3284 insulis

149 3299 324 3369 fuisse
355 3299 734 3370 septemdecim.
781 3300 934 3354 Licet
970 3309 1148 3354 autem
1190 3299 1318 3355 milii
1359 3316 1463 3355 non
1500 3310 1733 3365 constet,

155 3371 432 3424 undenam
477 3370 780 3439 provincias
830 3381 957 3424 tunc
1005 3371 1267 3426 diceeeses
1311 3380 1529 3426 vocatas
1569 3370 1738 3424 fuisse

154 3439 472 3505 agnoverit,
523 3439 826 3494 nullatenus
876 3451 1054 3493 tamen
1109 3441 1381 3505 dubitem,
1424 3442 1550 3509 quin
1607 3441 1736 3495 illud

154 3509 304 3564 sicut
332 3519 386 3563 et
410 3518 604 3564 cattera
632 3511 810 3564 omnia
840 3510 1034 3564 ibidem
1063 3510 1220 3562 allata
1267 3512 1317 3563 in
1357 3512 1590 3578 antiquis
1618 3527 1736 3564 mo-

156 3579 435 3632 numentis
489 3579 750 3646 repererit
797 3597 810 3632 :
861 3594 1124 3648 ponamus
1181 3580 1397 3648 itaque,
1449 3583 1516 3634 ab
1571 3581 1736 3648 ipsius

155 3649 381 3702 A-lriani
407 3650 734 3717 temporibus
757 3650 1004 3702 dimcems
1030 3665 1224 3702 nomen
1254 3649 1416 3703 etiam
1447 3651 1736 3716 provinciis

157 3717 423 3788 tributum
467 3717 632 3773 fuisse
659 3738 672 3772 :
703 3734 898 3787 negare
934 3734 1092 3772 neuio
1120 3719 1336 3788 poterit,
1364 3719 1494 3786 quin
1522 3719 1737 3784 provin-

156 3787 262 3841 ciae
308 3788 506 3842 fuerint
549 3789 810 3856 ilimccses
870 3787 1398 3858 niinores'respcctu
1450 3789 1732 3858 majorum,

159 3873 392 3923 quarum
421 3858 618 3912 Sextus
651 3858 818 3912 Rufus
843 3860 893 3910 in
918 3857 1195 3912 Breviario
1223 3857 1548 3912 mentionem
1590 3857 1734 3923 fecit,

152 3927 290 3986 _dum
323 3929 375 3980 in
403 3928 609 3981 diwcesi
641 3927 962 3981 Macedonia:
984 3939 1173 3995 septem
1209 3928 1498 3995 provincias
1529 3930 1736 3981 consti-

162 4006 312 4051 tutas
358 3998 520 4052 fuisse
563 3998 798 4066 scripsit,
839 4015 902 4051 ac
942 4012 1173 4066 quarum
1212 3997 1595 4052 Constantinus
1633 3997 1738 4052 Ma-

159 4081 301 4136 gnus
341 4068 392 4120 in
440 4069 663 4135 cpistola
714 4071 781 4120 ad
825 4067 1089 4122 Ecclesias
1132 4067 1394 4130 meminit,
1426 4067 1552 4121 dum
1609 4081 1739 4122 teni-

155 4150 295 4204 pore
335 4139 544 4192 concilii
580 4138 776 4202 διετειιί
810 4137 1079 4190 Ponticam
1113 4148 1162 4192 et
1199 4138 1446 4190 Asianum
1477 4139 1737 4193 diceeesim

161 4207 222 4261 in
251 4208 562 4262 memoriam
597 4208 886 4261 revocavit.
919 4205 1134 4262 Similes
1164 4209 1342 4275 itaque
1369 4207 1652 4269 dimceses,
1681 4218 1739 4262 ut

159 4291 224 4329 se
248 4277 551 4346 signiﬁcare
588 4277 876 4344 innuerent
905 4277 1094 4333 Patres
1121 4277 1486 4340 Arelatenses,
1513 4278 1736 4346 majores

156 4347 404 4416 diwcescs
442 4347 738 4412 minoribus
774 4357 1168 4416 apposuerunt,
1202 4356 1258 4402 et
1293 4346 1519 4415 majores
1553 4348 1738 4401 dioece-

156 4432 242 4468 ses
271 4431 311 4487 a‘
341 4414 399 4487 S.
437 4414 902 4487 Sylvestroteueri
931 4418 1286 4485 scripserunt.
1327 4414 1604 4487 Diteceses
1648 4418 1738 4487 ἱείς

163 4494 254 4555 tur
284 4484 557 4555 Sylvester
592 4486 784 4550 tenuit,
811 4487 935 4540 dum
980 4484 1266 4542 concilium
1309 4485 1624 4542 Arelatense
1655 4484 1739 4542 ce-

161 4546 428 4626 lebraium
475 4557 596 4626 fuit,
638 4546 821 4624 sicque
863 4572 967 4611 non
1000 4559 1184 4626 paucis
1223 4559 1482 4611 duntaxat
1529 4558 1737 4626 provin-
1767 4546 1814 4605 D

161 4624 288 4685 ciis.
313 4641 431 4692 qna:
458 4625 721 4680 dimceses
754 4624 1340 4697 iiiin0i'eselliciebaiit,
1375 4629 1468 4680 sed
1495 4624 1737 4697 pluribus

162 4705 430 4749 terrarum
465 4697 744 4760 tractibus,
773 4698 863 4764 qui
897 4698 1157 4751 dimceses
1183 4696 1415 4764 majores
1437 4696 1733 4752 co’iistitne-

160 4765 316 4836 bant,
345 4767 576 4834 pia-fuit,
600 4783 665 4820 ac
707 4768 760 4820 iu
801 4767 866 4820 iis
904 4769 1318 4836 pauiarclialetu
1355 4769 1734 4823 auctoritatem

160 4834 414 4888 obtinuit.
450 4856 468 4886 ι

236 4903 332 4957 llis
359 4905 650 4978 prteniissis
687 4923 718 4960 e
766 4905 1186 4970 Sclieleslratio,
1223 4923 1344 4962 cuni
1375 4916 1585 4962 constet
1614 4907 1733 4978 Sylo

162 4984 402 5046 vestrum
439 4991 503 5030 ex
533 4977 753 5044 antiqua
801 4977 1186 5032 consuetudine
1225 4979 1466 5031 diwceses
1511 4977 1732 5046 majores

159 5045 418 5108 tenuisse;
442 5045 557 5110 ejus
590 5061 802 5114 quoque
827 5047 1160 5110 decessores,
1187 5049 1326 5100 unde
1364 5049 1429 5100 ad
1473 5045 1736 5116 Sylvestri

158 5124 375 5168 aetatem
407 5117 621 5184 antiquo
656 5117 739 5168 illa
763 5119 1094 5170 consuetudo
1121 5118 1357 5170 derivata
1381 5127 1484 5178 est,
1516 5120 1736 5172 eosdem

158 5194 362 5255 tractus
398 5185 599 5252 imperii
639 5186 944 5255 complexos
973 5186 1146 5255 plures
1173 5186 1459 5254 provincias
1488 5187 1740 5244 similiter

162 5253 401 5324 tenuisse
440 5255 716 5310 fatendum
759 5253 860 5309 est.
892 5253 1077 5324 Neque
1120 5253 1262 5309 enim
1304 5257 1475 5308 victor
1520 5257 1740 5312 Asianis

158 5323 428 5394 episcopis
459 5325 648 5378 minari
681 5334 891 5394 poterat
925 5323 1244 5378 sententiain
1281 5340 1541 5390 suprema:
1567 5327 1734 5390 sedis.

159 5393 265 5458 nisi
307 5393 484 5460 aliqua
527 5393 812 5448 sacerdotii
859 5395 1052 5449 sumini
1099 5396 1418 5449 auctoritate
1457 5397 1735 5450 dioecesim

160 5462 418 5535 Asianatn
446 5465 723 5517 tenuisset.
769 5465 875 5518 Sed
919 5481 1090 5533 neque
1122 5467 1292 5535 Syriae
1329 5465 1378 5518 iti
1420 5475 1592 5519 tracttt
1637 5481 1732 5523 seu

160 5531 382 5594 ditecesi
423 5536 714 5603 constituto
740 5531 1053 5590 Caesariensi
1091 5531 1446 5603 tiietropolitae
1488 5537 1737 5589 mandas-

161 5613 268 5666 set,
296 5614 353 5672 ut
384 5602 643 5672 synodum
674 5606 739 5658 de
771 5621 828 5658 re
861 5603 1106 5658 Pascliali
1137 5602 1457 5658 convocaret
1485 5619 1516 5658 e
1545 5605 1736 5662 vicinis

162 5671 474 5741 provinciis,
504 5674 602 5728 nisi
632 5683 685 5727 et
709 5676 954 5728 eumdem
983 5684 1209 5728 tractum
1233 5675 1528 5730 dimceseos
1553 5675 1736 5730 Orien-

165 5745 234 5796 tis
276 5743 451 5814 aliqua
496 5752 760 5814 potestate
788 5745 1129 5814 pontificatus
1157 5746 1374 5798 maximi
1413 5746 1732 5812 complectee

166 5823 332 5868 retur.
376 5812 506 5868 Ctiin
538 5813 715 5884 itaque
757 5812 960 5870 certum
991 5814 1080 5882 sit,
1111 5816 1348 5869 diaereses
1377 5816 1427 5870 in
1461 5816 1614 5870 tet-tia
1645 5832 1731 5872 ac-

1851 1901 2091 1954 diwceses
2128 1905 2412 1955 constituit.
2460 1903 2756 1957 Verborum
2786 1919 2974 1957 sensus
3007 1901 3223 1958 nitidius
3252 1903 3428 1958 adhuc

1853 1972 2146 2040 percipitur
2180 1987 2244 2025 ex
2287 1972 2443 2040 paulo
2479 1972 2689 2026 clariori
2736 1975 3080 2040 ex'pressione
3107 1975 3340 2027 adliibita
3371 1975 3423 2026 in

1851 2042 2090 2095 sectione
2121 2041 2377 2101 Marcelli,
2402 2060 2521 2094 cnni
2558 2042 2762 2095 scilicet
2805 2046 2848 2096 is
2894 2045 3197 2097 restitueret
3227 2057 3428 2097 cmme-

1854 2111 1988 2164 teria
2030 2113 2205 2164 diruta
2252 2124 2306 2165 ct
2345 2113 2528 2180 viginti
2571 2114 2807 2180 quinque
2847 2113 3025 2167 titulos
3054 2114 3326 2167 llomanos
3371 2114 3423 2165 in

1851 2182 2223 2248 persecutione
2276 2182 2592 2236 Diocletiani
2651 2182 2930 2236 violentius
2980 2199 3306 2244 concussos,
3361 2197 3426 2235 ac

1851 2253 2229 2317 perturbatos:
2269 2270 2288 2301 ι
2326 2253 2478 2304 Fecit
2519 2253 2826 2306 cmmeteria
2867 2254 2949 2306 via
2991 2253 3220 2315 Salaria,
3250 2264 3300 2306 et
3341 2253 3421 2304 vi-

1830 2320 1983 2391 -ginti
2007 2322 2244 2389 quinque
2285 2323 2471 2375 titulos
2512 2323 2562 2374 in
2605 2323 2736 2375 urbe
2773 2322 2937 2375 Itonia
2967 2323 3250 2376 constituit
3275 2322 3427 2391 quasi

1847 2390 2110 2452 ditzceses,
2135 2402 2356 2460 propter
2394 2393 2738 2461 baptismum,
2759 2402 2814 2445 et
2838 2393 3208 2460 paenitentiam
3241 2390 3429 2446 inulto-

1850 2475 1989 2522 rum,
2017 2461 2110 2528 qui
2147 2463 2598 2516 convertelnintnr
2634 2477 2698 2514 ex
2730 2462 2973 2530 paganis,
3003 2472 3058 2514 et
3097 2472 3316 2530 promer
3341 2476 3427 2515 se-

1887 2530 2116 2584 ulturam
2148 2540 2466 2600 martyrum.
2497 2551 2516 2582 ι
2552 2531 2842 2585 Plurimum
2878 2532 3107 2585 illustrat
3138 2541 3426 2600 utrumque

1865 2615 2022 2654 ocum
2072 2601 2384 2655 adverbium
2431 2602 2584 2670 quasi
2629 2603 2998 2670 praemissum,
3053 2612 3108 2655 et
3163 2601 3426 2670 particula

1844 2680 2056 2739 propter
2100 2671 2355 2738 baptisma
2397 2671 2634 2737 subjecta
2681 2670 2845 2725 verbo
2887 2671 3148 2725 diwceses.
3179 2671 3429 2727 Ostendit

1841 2740 1988 2811 enim
2040 2755 2108 2794 ex
2152 2739 2314 2796 fontis
2358 2742 2723 2811 assignatione
2771 2757 2834 2796 ac
2886 2743 3147 2796 territorii
3205 2741 3428 2796 urbanis

1846 2810 2017 2882 titulis
2045 2810 2486 2882 presbyterorum
2520 2811 2792 2865 inductam
2828 2811 2993 2865 fuisse
3029 2811 3315 2882 quamdam
3353 2811 3428 2864 si-

1843 2881 2536 2937 militudinemdiceceseon
2566 2882 2738 2936 tertia:
2762 2881 3112 2948 acceptionis,
3146 2895 3240 2935 seu
3271 2896 3425 2948 paro-

1841 2951 2087 3006 chiariim
2126 2953 2540 3021 episCOpalinm,
2589 2951 2779 3004 iisdem
2825 2951 3071 3005 ecclesiis
3121 2951 3427 3004 titularibus

1843 3021 2281 3092 presbyterorum
2306 3022 2693 3092 cardiualiuim
2710 3021 2980 3092 Ejusmodi
3009 3021 3425 3092 explicationem

1845 3090 2185 3146 reservamus
2208 3108 2432 3145 numero
2462 3090 2719 3150 Marcelli.
2745 3090 2834 3145 ubi
2861 3091 3215 3158 opportunior
3235 3106 3427 3146 occur-

1843 3171 1954 3223 ret;
1988 3162 2110 3214 licet
2138 3162 2381 3215 nonniliil
2411 3163 2477 3214 de
2514 3177 2602 3215 ea.
2626 3161 3018 3229 praelibaverini
3051 3161 3101 3214 in
3135 3160 3428 3229 superiori-

1841 3231 1943 3284 bus
1975 3233 2116 3284 notis
2142 3244 2196 3285 et
2217 3231 2686 3285 observationibus
2712 3233 2777 3284 ad
2811 3246 2958 3285 num.
2987 3231 3021 3284 5
3049 3230 3105 3284 S.
3129 3231 3285 3293 Cleti,
3316 3230 3421 3285 col.

1842 3300 1972 3354 lO6l
2006 3311 2059 3354 et
2084 3317 2201 3369 seq.

1909 3372 2211 3440 Antequam
2252 3373 2354 3426 lioc
2400 3371 2517 3426 loco
2557 3372 2812 3429 excedam
2857 3373 3036 3441 operis
3071 3371 3301 3439 pretium
3335 3385 3422 3424 me

1827 3441 2103 3509 facturum
2136 3442 2372 3495 arbitror
2409 3444 2453 3496 si
2491 3443 2648 3509 paulo
2678 3443 2897 3496 nitidius
2925 3443 3013 3495 liic
3038 3457 3302 3510 exponam
3333 3441 3421 3494 illa

1837 3528 1958 3579 qua:
1983 3511 2085 3564 col.
2105 3512 2200 3565 cit.
2230 3527 2390 3579 supra
2415 3513 2467 3564 in
2495 3514 2633 3564 notis
2654 3512 2720 3565 ad
2745 3512 2918 3566 Vitam
2945 3511 3080 3566 (Ileti
3110 3510 3420 3575 alfcrebaui,

1838 3583 1906 3635 ad
1952 3581 2323 3634 illustrandum
2371 3583 2636 3634 Anastasii
2687 3591 2890 3634 textum
2938 3583 3079 3635 circa
3123 3581 3420 3635 institutio-

1838 3665 1960 3720 nem
1991 3651 2179 3720 viginti
2207 3652 2448 3718 quinque
2481 3650 2754 3702 titulorum
2789 3651 3237 3720 presliyteraliuni
3271 3651 3425 3705 urbis

1839 3719 2211 3782 llomze,’beati
2245 3720 2388 3773 Petri
2415 3720 2566 3786 jussu
2594 3735 2623 3771 a
2649 3720 2796 3772 clero
2837 3720 3130 3781 inductam,
3159 3728 3214 3774 et
3242 3736 3270 3772 a
3301 3735 3424 3774 suc—

1838 3792 2146 3845 cessoribus
2175 3791 2502 3851 restitutam,
2531 3797 2583 3843 et
2611 3787 3010 3857 ampliﬁcatam,
3042 3805 3248 3842 necnon
3277 3790 3420 3842 circa

1838 3862 2155 3914 subsecutus
2180 3861 2495 3928 partitiones
2525 3859 2826 3928 liujnsniodi
2861 3858 3253 3912 titularinmlad
3292 3858 3434 3911 heli-

1838 3930 2148 3983 domadaria
2177 3930 2348 3984 ollicia
2381 3929 2731 3996 persolvcnda
2762 3929 2813 3981 in
2845 3929 3294 3997 [uitriarclialibus
3323 3928 3422 3981 ba-

1839 3999 2007 4054 silicis
2058 3999 2236 4063 Urbis,
2261 4010 2380 4069 post
2425 4001 2732 4052 earumdem
2786 3998 3136 4069 erectiouem.
3181 3998 3426 4052 Brevitas

1837 4071 1980 4123 enim
2017 4069 2126 4132 illa,
2155 4067 2316 4139 quam
2363 4069 2785 4139 Anastasinsex
2835 4067 3094 4138 catalogis
3136 4069 3346 4131 hausit,
3367 4077 3424 4120 et

1840 4138 2208 4208 multiplicitas
2230 4151 2526 4208 gestorum,
2554 4154 2673 4206 quae
2700 4138 2752 4190 in
2778 4148 2984 4191 arctnni
3011 4147 3287 4192 conti-acta
3325 4153 3421 4206 per

1841 4225 1938 4262 nos
1983 4209 2083 4263 fuit
2129 4210 2180 4262 in
2226 4213 2410 4264 eadem
2457 4210 2675 4278 pagina,
2719 4216 2776 4259 ut
2806 4208 3209 4262 observationes
3246 4208 3424 4275 potius

1837 4293 1999 4347 quam
2041 4289 2304 4334 tractatus
2341 4281 2577 4347 integros
2617 4278 3420 4341 attexeremus,-obscuritatem

1840 4349 2074 4418 aliquam
2106 4365 2297 4419 parere
2331 4359 2537 4418 posset,
2571 4349 2671 4402 nisi
2716 4350 3118 4419 opportunitate
3165 4348 3254 4419 liic
3294 4347 3421 4419 data

1842 4417 2120 4473 uteremur
2148 4421 2214 4473 ad
2259 4417 2341 4473 ea,
2367 4419 2665 4488 prtesertiui
2713 4418 3057 4488 declaranda,
3087 4433 3207 4485 qua:
3245 4417 3315 4470 ibi
3354 4417 3423 4470 de

1841 4505 2070 4544 numero
2096 4505 2159 4544 ac
2181 4491 2247 4544 de
2279 4487 2580 4544 ministerio
2611 4487 2950 4542 basilicarum
2984 4488 3166 4541 [tenue
3192 4488 3424 4556 patriar-

1841 4559 2076 4614 cbalium
2100 4561 2387 4615 distributo
2415 4560 2467 4612 in
2495 4559 2794 4628 septenaria
2826 4559 3258 4628 presbyterorum
3296 4572 3421 4628 car-

1839 4629 2094 4684 dinaliuni
2123 4645 2215 4684 seu
2245 4627 2566 4690 titularinni,
2593 4639 2646 4681 et
2668 4628 2733 4681 de
2755 4628 2945 4681 olliciis
2970 4627 3025 4682 et
3053 4627 3260 4681 vicibus
3291 4627 3422 4680 Ιιειισο

1839 4701 2167 4754 domadariis
2197 4716 2294 4769 pro
2323 4701 2470 4754 varia
2501 4709 2801 4766 temporum
2832 4699 3114 4767 disciplina
3151 4697 3420 4766 gradatim

1837 4771 2012 4824 auctis
2035 4771 2452 4840 exponebainus.

1907 4835 2184 4894 Indicabat
2220 4838 2558 4893 Innocentius
2584 4837 2672 4899 lll,
2700 4837 2991 4907 praeclarus
3020 4836 3106 4891 ille
3137 4837 3277 4890 inter
3308 4835 3428 4891 Ro‘

1837 4925 2028 4965 manus
2055 4911 2336 4980 pontifices
2362 4910 2602 4963 doctrina
2621 4977 2630 4980 Α
2646 4917 2699 4960 et
2737 4908 3093 4980 sanctimonia
3114 4908 3429 4980 iillnstrator-

1836 4977 2115 5036 sacrorum
2146 4981 2370 5043 rituum,
2392 4989 2446 5032 et
2476 4977 2714 5048 mystica:
2743 4977 3155 5046 significationis
3181 4991 3360 5030 rerum
3389 4991 3420 5029 a

1840 5051 2214 5106 decessoribus
2243 5051 2354 5103 suis
2397 5049 2446 5102 in
2485 5047 2726 5101 Humana
2770 5047 3006 5100 Ecclesia
3049 5048 3418 5101 institutarum

1842 5121 2185 5175 fidelissimus
2214 5121 2499 5186 interpres,
2532 5133 2684 5185 mque
2711 5133 2772 5170 ac
2801 5118 3230 5186 sapientissimus
3259 5115 3420 5186 legis-

1838 5191 1996 5254 lator,
2026 5189 2317 5252 indicabat,
2345 5185 2583 5257 inquam,
2611 5193 2662 5241 ιιι
2689 5185 2909 5256 epistola
2937 5187 3066 5257 Reg.
3093 5203 3182 5257 xv,
3211 5203 3263 5240 n.
3292 5185 3426 5257 l754,

1839 5275 1868 5313 a
1900 5260 2256 5314 Tliomassino
2283 5255 2487 5329 prolata
2537 5260 2588 5312 in
2618 5255 2828 5329 veteris
2845 5274 2910 5329 ac
2937 5255 3085 5329 nova:
3116 5255 3420 5329 pisciplinte

1839 5339 1979 5400 part.
2014 5345 2050 5392 I,
2082 5330 2171 5383 lib.
2204 5347 2243 5390 ι.
2272 5327 2392 5398 cap.
2421 5328 2504 5392 15,
2534 5344 2683 5382 ιιιιιιι.
2708 5328 2760 5387 2,
2791 5327 3084 5400 Ecclesium
3118 5327 3416 5400 Romanam

1838 5395 2154 5470 camerarum
2196 5395 2355 5470 caput
2395 5409 2463 5470 et,
2489 5407 2714 5452 matrem
2749 5398 2906 5450 talem
2933 5397 3188 5470 exhibere
3226 5395 3429 5470 imagis

1841 5485 1962 5524 nem
2001 5464 2604 5530 Ecelesiai'catliolicai,
2649 5478 2706 5520 ut
2750 5468 3052 5536 exemplum
3097 5467 3305 5520 illustre
3347 5464 3429 5518 sit,

1843 5541 2020 5594 throni
2079 5541 2242 5603 illius,
2283 5557 2347 5594 ac
2393 5539 2538 5593 sedis
2583 5539 2674 5591 Dei
2724 5545 2778 5590 et
2813 5537 3158 5607 Agni,quam
3197 5536 3418 5607 viditac

1841 5610 2133 5682 descripsit
2181 5612 2233 5664 in
2284 5609 2596 5682 Apocalypsi
2647 5604 2886 5682 Joannes
2919 5604 3468 5682 apostolus._Ver_ba'-.

1841 5675 2137 5735 Innocentii
2186 5675 2350 5736 sunt':
2386 5699 2406 5730 ι
2440 5675 2492 5732 In
2522 5675 2723 5733 'medio
2773 5679 2948 5740 sedis,
2995 5686 3050 5730 et
3092 5679 3144 5731 in
3185 5675 3426 5732 circuitu

1845 5750 1987 5804 sedis
2015 5760 2173 5805 erant
2204 5761 2434 5819 quatuor
2465 5749 2714 5803 animalia
2761 5747 2913 5815 plena
2961 5748 3150 5811 oculis,
3177 5755 3280 5800 etc.
3315 5745 3424 5819 Sc-

1845 5822 1938 5876 tlcs
1989 5822 2087 5878 ista
2136 5815 2375 5876 Romana
2426 5820 2660 5876 Ecclesia
2714 5819 3043 5888 intelligitur,
3087 5832 3208 5886 qua:
3262 5815 3446 5872 sedes-
