3970 6316
194 375 335 431 1853

877 369 1193 425 HISTORIA
1241 370 1325 423 DE
1365 369 1540 423 VITIS
1581 367 1744 424 “OM.
1791 364 1990 421 PONT.
2031 397 2098 406 —
2141 367 2197 423 S.
2236 365 2753 425 EUTYCHIANUS.

3327 370 3348 426 l
3359 373 3462 428 454

193 489 404 559 gniueae
429 499 547 539 eam
569 483 1132 559 _vim“conti;ahercnt,
1167 483 1323 559 fidem
1357 498 1420 559 ae
1469 496 1617 550 spem
1655 495 1774 559 (τι-ες·
1805 486 1852 544 Λ
1884 488 2187 559 senatorem
2225 478 2527 559 lionarrotti
2553 478 2916 559 in_0bservat:
2949 465 3016 533 a'd
3060 481 3256 559 vitreas
3277 482 3464 538 lamel-

195 551 436 613 t'leutium
465 553 732 608 excitandi
765 555 813 606 in
848 552 1038 614 Deum,
1062 563 1120 606 ut
1146 568 1240 620 per
1263 552 1498 619 ejusdem
1523 551 1778 620 martyris

194 625 642 681 intercessionem
684 623 736 676 id
784 639 812 676 a
853 623 1069 676 Christo
1116 623 1343 676 Domino
1376 622 1628 689 consequi
1663 637 1778 689 pos-

193 705 338 756 sent,
369 697 508 763 quod
538 694 732 746 merito
751 692 882 763 fidei
921 691 1118 763 (Marc,
1144 693 1198 761 ν)
1233 706 1334 763 per
1357 701 1664 763 contactum
1697 704 1781 763 ve:

192 767 297 820 slis
332 759 621 818 Dominiea:
654 762 844 816 mulier
883 759 1190 828 evangelica
1228 759 1491 820 obtinuit,
1539 770 1594 813 et
1637 759 1779 828 quod

195 837 388 888 umbra
421 833 795 901 prtctereuntis
826 831 967 886 l‘etri
997 831 1260 901 languidis
1288 829 1545 885 afferebat
1577 829 1776 901 (Actor.

192 906 248 975 γ)
283 898 496 975 etquod
522 902 984 975 praestantiusest,
1009 898 1309 975 esemplum
1335 898 1644 975 christiana;
1679 898 1782 950 for-

195 969 444 1028 titudinis
485 969 538 1024 a'
567 971 847 1025 custoditis
889 970 1158 1033 brandeis,
1220 980 1474 1040 tanquam
1517 986 1547 1023 a
1604 969 1782 1023 dome-

192 1045 335 1097 stico
362 1043 625 1096 monitore
650 1041 752 1094 sibi
792 1041 1077 1094 memorari
1121 1040 1512 1110 intelligerent,
1549 1041 1677 1110 dum
1717 1053 1778 1092 ea

192 1117 390 1168 devote
419 1111 752 1166 osculantur.
795 1110 907 1164 Hac
945 1111 1090 1164 enim
1130 1109 1495 1165 coasolatione
1535 1109 1783 1163 fraudan-

193 1185 298 1239 dos
325 1199 427 1236 non
455 1198 574 1236 esse
598 1181 904 1250 iudicarunt
930 1180 1232 1236 confratres
1263 1189 1556 1250 martyrum
1584 1179 1778 1250 summi

194 1254 504 1324 pontiﬁces,
526 1249 616 1320 qui
632 1266 794 1324 saera
815 1264 1000 1324 eorum
1022 1266 1246 1324 corpora
1277 1249 1516 1324 studiose
1540 1249 1778 1324 recondi,

192 1320 513 1393 sanguinem
561 1321 737 1393 colligi
788 1321 1024 1393 spongiis
1071 1320 1134 1375 ac
1177 1321 1384 1393 linteis,
1425 1320 1780 1393 loculamenta

191 1391 459 1448 etetiienlo
483 1391 714 1454 occludi,
751 1402 808 1444 et
849 1392 1058 1444 imliciis
1085 1392 1327 1460 martyrii
1357 1391 1600 1445 decorari
1631 1406 1781 1442 cura-

192 1472 469 1532 runt,‘per
492 1461 960 1532 uotariosﬂinacta
989 1461 1303 1532 referendis,
1332 1461 1779 1532 quemadmodum

193 1529 416 1602 planum
462 1533 519 1586 lit
553 1548 619 1585 ex
661 1529 868 1602 collatis
909 1531 1228 1602 testimoniis
1266 1529 1515 1602 Cypriani
1559 1539 1616 1585 et
1656 1529 1782 1602 Pru-

191 1599 388 1666 Elentii,
418 1603 610 1671 quibus
633 1601 1033 1671 addihpossnut
1075 1599 1410 1662 Ambrosius,
1453 1599 1783 1669 Augustinus

191 1683 256 1727 et
286 1669 943 1742 Hieronymus,aliique;
991 1687 1196 1724 necnon
1239 1686 1303 1723 ex
1348 1681 1645 1742 memorata
1676 1671 1782 1738 epi-

191 1743 336 1796 stola
376 1740 620 1812 Cregorii
667 1740 875 1809 Magni,
925 1749 1154 1794 testante
1203 1741 1677 1812 consuetmlinem,
1728 1742 1779 1792 in

194 1813 442 1880 reliquiis
495 1810 943 1881 inartyrumenon
985 1820 1204 1881 temere
1259 1819 1351 1864 aut
1401 1811 1517 1881 sine
1574 1810 1778 1881 delectu

195 1879 587 1936 distribueudis
610 1879 678 1934 ab
705 1879 941 1934 Ecclesia
975 1880 1217 1933 Romana
1243 1879 1564 1934 custoditam
1591 1898 1603 1931 :
1631 1879 1784 1947 cujus

194 1953 360 2005 modo
392 1951 717 2005 illustranda‘.
746 1951 1084 2004 occasionem
1120 1950 1313 2004 obtulit
1348 1949 1670 2020 Eutychiani
1699 1952 1787 2004 dc-

194 2031 409 2076 cretum
436 2037 468 2074 a
491 2020 905 2074 Bibliothecario
928 2029 1306 2074 memoratum.

269 2131 600 2187 Fraudarem
630 2130 820 2185 illustri
849 2131 1157 2186 testimonio
1181 2131 1461 2185 historiam
1490 2143 1600 2185 tum
1626 2129 1784 2198 lmjus

196 2202 410 2258 numeri
457 2211 566 2256 tum
612 2203 973 2271 superiorum,
1017 2203 1115 2256 nisi
1166 2202 1464 2270 proferrem
1516 2203 1616 2255 hoc
1666 2202 1782 2257 loco

199 2274 413 2342 insigne
434 2272 810 2342 documentum
841 2287 1017 2325 rerum
1050 2273 1310 2326 hactenus
1339 2282 1782 2342 memoratarum,

198 2341 498 2414 puniet-tim
527 2356 654 2396 vero
683 2341 749 2396 de
779 2342 1174 2414 consuetudine
1195 2351 1250 2396 et
1277 2343 1455 2414 causis
1481 2341 1783 2414 apponendi

196 2412 516 2482 'sanguinem
548 2423 845 2482 martyrum
888 2413 937 2464 in
978 2412 1208 2466 vasculis
1231 2413 1561 2480 patentibus,
1600 2413 1664 2465 ad
1702 2427 1788 2465 co-

202 2481 326 2536 runi
354 2481 710 2536 loculamenta
745 2483 986 2535 exterius
1014 2482 1210 2550 aptatis
1241 2498 1337 2552 per
1366 2483 1739 2536 czeiuentarios
1769 2499 1781 2535 :

196 2553 344 2622 quod
373 2566 458 2605 me
486 2552 846 2620 prmstiturum
878 2567 999 2613 esse
1028 2552 1380 2622 promiseram
1413 2553 1463 2622 in
1494 2555 1597 2606 tine
1627 2552 1784 2606 bota-

203 2621 321 2676 rum
351 2622 730 2676 historicarum
756 2622 824 2675 ad
850 2637 1133 2675 numerum
1165 2621 1226 2674 Β.
1258 2621 1396 2676 Sixti
1425 2621 1486 2675 ll.

271 2722 407 2775 Dum
435 2720 540 2775 illa:
563 2729 702 2776 nota:
728 2721 780 2774 in
814 2721 872 2776 Β.
902 2720 1112 2776 Sixtum
1143 2722 1181 2776 II
1213 2722 1377 2792 priclo
1402 2721 1784 2792 subderentur,

201 2793 432 2848 feliciter
460 2792 683 2860 contigit
712 2799 771 2844 ut
819 2793 885 2845 ad
923 2791 1297 2846 cmmeterium
1325 2793 1534 2847 Callisti
1560 2801 1614 2846 et
1644 2791 1784 2848 Prac-

200 2861 394 2917 textati
437 2861 520 2915 via
548 2861 717 2930 Appia
748 2861 1180 2930 perlustrandum
1232 2863 1284 2916 in
1331 2863 1588 2918 comitatu
1638 2877 1784 2918 sere-

199 2931 409 2986 nissimi
454 2931 710 3000 principis
749 2931 990 2986 Bavarici
1025 2931 1289 2986 Theodori
1343 2932 1498 2986 electi
1547 2932 1783 3002 episcopi

201 3001 634 3064 Ratisbonensis,
657 3002 1126 3071 perduceremura
1159 3017 1299 3069 smpe
1319 3005 1694 3057 commendato
1717 3003 1780 3056 ν.

200 3073 267 3127 C.
301 3074 479 3124 Marco
515 3070 750 3124 Antonio
783 3071 1044 3131 canonico
1071 3070 1317 3136 Boldetti,
1347 3087 1624 3126 sacrarum
1662 3073 1784 3127 reli-

198 3143 451 3212 quiarum
479 3141 704 3213 custode
735 3156 748 3205 ;
805 3151 859 3195 et
887 3143 1111 3196 vitream
1143 3150 1390 3213 patenam
1431 3144 1482 3196 in
1512 3142 1602 3196 illo
1630 3158 1784 3213 repe-

204 3210 438 3284 riremus
461 3210 641 3284 aureis
668 3211 859 3284 figuris
880 3213 946 3266 de
979 3227 1125 3265 more
1147 3210 1355 3284 pictam
1386 3213 1632 3284 (graphio
1655 3210 1785 3269 dcti-

202 3282 376 3336 neatis
398 3283 449 3335 in
477 3281 592 3333 auri
619 3280 744 3334 folio
768 3281 909 3335 inter
933 3294 1216 3350 utramque
1239 3280 1781 3344 lamelianfvitream,

199 3367 309 3424 qua
339 3351 536 3424 fundus
565 3350 705 3404 vasis
735 3351 993 3421 constat),
1027 3361 1081 3405 et
1103 3361 1399 3422 martyrum
1430 3355 1691 3424 sanguine
1722 3355 1786 3407 li-

201 3421 810 3493 beraliterinspersam,
828 3430 886 3474 ut
906 3433 1107 3493 crustze
1124 3421 1480 3487 adhiercntes,
1497 3421 1554 3478 ei
1578 3424 1785 3493 sangui-

201 3505 361 3562 neam
399 3489 710 3562 rubedinetn
735 3491 952 3562 admoto
983 3491 1181 3562 lumine
1213 3494 1494 3562 perspicue
1519 3489 1781 3548 exhibén-

201 3572 290 3616 tes
311 3560 610 3632 luculenter
639 3560 952 3614 ostendunt.
981 3561 1214 3628 Auspice
1240 3560 1439 3630 pietate
1467 3565 1599 3616 tanti
1631 3563 1782 3632 prin-

198 3632 360 3699 cipis,
390 3631 480 3700 qui
528 3639 770 3701 augusta
805 3645 906 3698 per
940 3631 1161 3701 vestigia
1193 3633 1553 3686 serenissima:
1593 3631 1785 3687 domus

199 3701 508 3772 electoralis
535 3700 852 3772 (firmissimi
876 3700 1485 3772 scilicetpropugnacuii
1505 3702 1784 3757 catholicae

205 3770 484 3839 religionis
508 3769 560 3823 in
584 3769 892 3840 Germania)
925 3771 988 3824 ad
1021 3769 1245 3826 cmteras
1269 3769 1496 3826 virtutes
1521 3781 1665 3825 tanta
1694 3787 1786 3826 vo-

202 3843 419 3910 catione
451 3841 640 3910 dignas
664 3841 976 3910 connititur,
1019 3841 1201 3896 datum
1235 3843 1388 3897 nobis
1412 3843 1510 3895 fuit
1543 3843 1643 3896 hoc
1673 3858 1784 3896 mo-

204 3909 504 3964 nimentmn
519 3909 794 3979 nancisci.
824 3909 957 3964 Nam
983 3911 1122 3965 inter
1151 3922 1343 3966 cretera
1379 3912 1536 3967 Urbis
1566 3913 1783 3977 decora,

205 3995 329 4052 qua;
362 3981 410 4052 is
432 3981 682 4052 cupiebat
711 3980 810 4034 sibi
843 3981 909 4034 ad
933 3983 1402 4052 contemplandum
1426 3983 1652 4052 proponi
1683 3982 1786 4037 hac

207 4050 265 4103 in
290 4051 531 4105 Ecclesia
567 4059 886 4122 caeterarum
909 4060 1082 4105 matre
1113 4050 1176 4106 ac
1208 4050 1485 4122 magistra,
1527 4050 1626 4106 fuit
1656 4067 1787 4107 con-

203 4130 424 4200 spectus
452 4129 763 4200 cryptarmu
951 4132 1268 4200 martyrum,
1299 4120 1461 4200 quem
1507 4123 1787 4200 serenissi-

206 4189 683 4263 misgpriucipibus
693 4189 950 4263 fratribus
996 4189 1110 4263 suis
1159 4189 1398 4257 ejusdem
1447 4194 1522 4248 rei
1563 4194 1786 4263 perinde

208 4261 463 4332 studiosis
487 4259 610 4313 dum
651 4259 880 4332 Romam
925 4261 1215 4332 inviserent
1251 4273 1533 4332 acceperat
1563 4259 1784 4332 gratum

205 4331 495 4384 admodum
535 4331 844 4401 contigisse,
883 4339 1044 4400 atque
1075 4331 1258 4386 utilem
1284 4333 1350 4386 ad
1384 4331 1785 4388 confovendum

205 4399 876 4471 pietatetn._l)um'igitur
905 4399 990 4454 die
1041 4401 1109 4454 27
1155 4402 1355 4470 Aprilis
1385 4403 1510 4456 anni
1560 4403 1788 4458 labentis

210 4469 370 4535 1725,
411 4469 704 4524 indicatum
729 4469 1095 4525 cmtneleriutn
1135 4469 1341 4526 Callisti
1380 4481 1434 4527 et
1473 4471 1784 4528 Prtelextati

1883 550 1961 602 las
1985 548 2418 602 cmmeteriorum
2451 549 2560 604 tab.
2616 550 2666 612 l,
2702 564 2849 602 num.
2893 550 2944 611 l,
2976 559 3030 603 et
3083 551 3188 604 tab.
3217 550 3275 614 4,
3309 568 3460 605 ιιιιιιι.

1883 617 2162 691 2,et_tab.
2198 617 2250 681 6,
2299 634 2450 691 num.
2483 619 2546 691 2;
2587 628 2642 673 et
2671 617 2802 672 Can.
2841 618 3144 691 Boldettum
3175 637 3296 691 pag.
3333 621 3460 684 200,

1885 688 1992 741 tab.
2029 689 2076 747 l,
2113 688 2358 760 n_um.__l0
2383 688 2826 760 et_l_l-;_necnon
2870 690 3094 756 picturis
3134 688 3380 760 hoc'ipso
3410 691 3461 746 in

1882 757 2396 831 ctemeterioadhue
2423 757 2697 831 videndis,
2733 774 2868 826 quas
2921 760 3126 831 pridem
3172 757 3464 831 Aringbius

1881 826 2170 901 delineavit
2197 826 2572 901 incubieulo‘t
2607 826 3084 901 luijttscmm'eterii
3110 831 3220 901 tab.
3253 826 3459 901 2,‘pag.

1883 896 2010 960 551,
2039 905 2095 950 et
2117 897 2166 948 in
2201 897 2302 967 alia
2345 896 2455 949 tab.
2482 899 2560 967 5,7
2591 891 2712 967 pag.
2741 891 2846 952 573
2879 917 2891 951 :
2919 891 3374 967 quemadmodum
3410 891 3465 954 Et.

1883 967 2144 1037 imagines
2197 966 2299 1038 SS.
2359 966 2748 1035 apostolorum,
2797 978 2852 1021 et
2913 966 3058 1024 sella:
3097 971 3378 1038 utriusque
3411 972 3462 1022 in

1882 1038 2077 1108 quibus
2109 1037 2348 1090 assident
2372 1038 2674 1108 persitniles
2699 1047 2823 1091 sunt
2847 1039 2917 1093 ita
2940 1037 3341 1108 repraesentatis
3364 1041 3466 1094 hoc
3520 1079 3528 1086 .

1883 1107 2009 1178 ipso
2059 1106 2110 1158 in
2164 1107 2590 1178 cmineterioab
2633 1108 2894 1178 Aringhio
2937 1106 3044 1161 tab.
3083 1110 3104 1162 1
3152 1111 3380 1164 cubiculi
3424 1127 3462 1164 ι.

1927 1177 2080 1230 auius
2104 1177 2346 1230 considet
2371 1177 2436 1228 ad
2463 1176 2740 1230 sinistram
2767 1176 2888 1232 boni
2921 1180 3158 1233 Pastoris
3191 1198 3203 1232 :
3249 1179 3464 1234 Petrum

1883 1247 1948 1319 ad
1999 1247 2280 1300 dexteram
2332 1245 2653 1319 collocatum
2708 1247 2874 1301 fuisse
2913 1249 3287 1319 intelligimus,
3338 1251 3465 1305 licet.

1884 1316 2242 1388 fragmentum
2274 1326 2473 1384 patera:
2500 1316 2655 1384 hujus
2681 1319 2866 1371 vitrea:
2892 1319 2942 1372 in
2971 1334 3078 1388 quo
3094 1316 3464 1387 'reprzesenta-

1885 1388 2062 1450 batur,
2103 1387 2404 1451 exciderit,
2459 1388 2690 1441 fortasse
2746 1387 3050 1442 dillractu’m
3093 1404 3121 1442 a
3165 1391 3466 1444 fossoribus

1885 1456 2181 1525 improvide
2221 1457 2360 1509 inter
2393 1456 2772 1511 elfodiendmn.
2822 1457 2962 1511 Infra
2994 1469 3103 1514 tres
3133 1459 3250 1513 illas
3277 1475 3466 1514 sacras

1885 1527 2167 1596 imagines,
2210 1527 2362 1595 quasi
2393 1527 2492 1581 sub
2519 1542 2706 1580 earum
2742 1529 2906 1583 tutela
2935 1531 3052 1581 duae
3079 1529 3197 1583 alia:
3231 1531 3466 1597 majores

1885 1605 2145 1669 apparent
2167 1597 2266 1650 viri
2293 1612 2357 1651 ac
2383 1598 2622 1669 mulieris
2644 1606 2861 1666 pectore
2891 1608 3046 1653 tenus
3087 1615 3383 1669 expressae,
3412 1610 3468 1653 et

1886 1667 2221 1740 nobilitatem
2269 1667 2480 1735 generis
2525 1669 2846 1723 iudicantes.
2880 1669 2930 1721 in
2965 1671 3081 1722 viro
3123 1667 3337 1740 quidem
3369 1686 3468 1740 per

1885 1735 2214 1807 laticlavium
2246 1753 2408 1805 supra
2433 1746 2612 1807 t0gam
2640 1747 2695 1791 et
2716 1735 3240 1807 pectusexcttrrens;
3272 1742 3322 1793 in
3351 1735 3467 1794 nut—

1887 1806 2018 1880 li_ere
2039 1821 2165 1860 vero
2186 1822 2280 1874 per
2301 1807 2456 1880 stola:
2479 1806 2669 1880 limbos
2692 1806 3086 1880 elaboratos,et
3103 1810 3265 1863 veluti
3304 1812 3467 1880 phry-

1886 1877 2198 1945 giatos,qua
2223 1876 2769 1931 convestitur.Virum
2795 1879 2942 1932 illum
2971 1879 3263 1933 Romanum
3293 1876 3469 1935 nomi-

1888 1961 1954 2000 ne
2005 1947 2171 2000 fuisse
2221 1947 2542 2016 appellatum
2592 1948 2839 2002 dubitare
2889 1964 2992 2002 non
3039 1951 3223 2003 sinunt
3274 1951 3466 2005 littera:

1887 2016 2017 2069 illud
2046 2016 2408 2085 exprimentes
2452 2032 2572 2071 cum
2621 2020 3011 2072 acclamatione
3056 2021 3344 2086 convivali,
3373 2036 3465 2075 seu

1885 2100 2082 2154 agapes
2110 2087 2472 2153 Christianm,
2517 2103 2636 2156 qua:
2678 2089 2732 2142 in
2785 2089 3050 2143 similibus
3079 2092 3306 2145 vasculis
3364 2092 3469 2145 fre-

1885 2164 2112 2227 quenter
2136 2159 2390 2227 occurrit,
2409 2167 2464 2212 et
2483 2158 2690 2212 erudite
2711 2159 3012 2227 explicatur
3029 2162 3098 2212 ab
3121 2161 3189 2213 ill.
3221 2171 3468 2215 senatore

1887 2225 2166 2298 Bonarroli
2199 2228 2250 2279 in
2283 2225 2561 2298 Observat.
2615 2225 2796 2298 supra
2825 2229 3054 2284 laudatis
3083 2231 3149 2283 ad
3197 2233 3303 2284 tab.
3353 2247 3464 2296 xw,

1887 2312 2034 2350 imm.
2070 2297 2124 2360 5,
2155 2311 2273 2365 pag.
2306 2297 2394 2360 95,
2418 2298 2501 2351 bis
2531 2297 2791 2367 concepta
2818 2299 2998 2354 verbis
3025 2319 3037 2353 :
3064 2315 3312 2356 DIGNITAS
3340 2317 3464 2355 Αιιι-

1885 2382 2059 2440 gonvu
2083 2382 2420 2440 RQNANE_PIE.
2449 2382 2623 2421 zesas.
2642 2384 2776 2440 cut.
2804 2386 2928 2424 τνΑ.
2951 2409 2963 2422 .
2982 2409 2997 2422 .
3018 2408 3032 2422 .
3136 2387 3200 2424 NE
3223 2372 3468 2440 (fortasse

1888 2433 2235 2507 Euphroisine,
2285 2437 2456 2501 lrene,
2489 2448 2580 2491 aut
2606 2439 2710 2491 alio
2747 2440 2938 2507 quovis
2973 2441 3187 2494 nomine
3230 2433 3466 2496 similem

1887 2507 1940 2560 in
1964 2506 2552 2579 syllabaindcsinentc)
2579 2518 2636 2561 ut
2665 2506 2820 2577 plane
2847 2511 3188 2579 perspicuum
3214 2513 3302 2574 sit,
3330 2513 3468 2564 hanc

1885 2576 2331 2661 pateratnufuisse
2352 2577 2634 2632 donarium
2669 2576 2878 2661 'Iagape's
2903 2576 3156 2661 (fortasse
3182 2583 3342 2661 etiam
3368 2599 3465 2635 nu.

1885 2646 2094 2718 ptialis)
2133 2646 2274 2718 illius
2320 2663 2514 2702 ROMANI
2540 2689 2553 2711 ,
2605 2646 2799 2703 nobilis
2825 2646 2926 2704 viri
2957 2651 3292 2716 Christiani,
3343 2668 3466 2705 cum

1885 2717 2082 2786 sponsa
2121 2717 2190 2771 ibi
2230 2719 2618 2786 repraesentati.
2665 2718 2778 2773 Non
2831 2720 3004 2776 ausim
3033 2721 3298 2776 alIirtnare
3326 2723 3468 2776 hunc

1885 2801 2005 2862 esse
2044 2786 2527 2862 Ronianuin_i_llitiit
2577 2789 3172 2862 celebremdmartyrem
3203 2801 3259 2846 et
3304 2792 3471 2846 ostia-

1888 2857 2058 2919 rium,
2098 2872 2258 2926 quem
2295 2857 2739 2914 Bibliothecarius
2792 2857 3174 2917 aﬂirmat'cum
3226 2862 3284 2914 Β.
3315 2863 3468 2916 Sixto

1888 2926 2154 3003 Secundo,
2178 2928 2408 3003 ejusque
2437 2929 2751 3003 diaconibus
2787 2933 3033 3003 martyrii
3071 2933 3299 2996 socium,
3329 2942 3384 2986 et
3415 2933 3466 2985 iu

1887 2997 1989 3071 hoc
2019 2997 2133 3065 ipso
2169 2996 2478 3071 Prwtextati
2525 3002 2838 3056 caameterio
2889 2996 3156 3071 sepultum
3185 3042 3201 3067 ,
3257 3003 3308 3055 in
3362 3019 3471 3071 quo

1888 3068 2085 3120 vitrmn
2121 3068 2393 3142 sanguine
2407 3083 2754 3142 conspersum
2784 3068 3112 3142 reperimus;
3144 3089 3266 3126 cum
3298 3083 3354 3126 et
3378 3068 3465 3124 alii

1888 3139 2235 3212 cognomines
2270 3138 2562 3212 Christiani
2593 3141 2691 3194 sub
2727 3138 2915 3197 eodetn
2964 3142 3216 3212 pontifice
3242 3142 3397 3196 Sixto
3427 3142 3466 3195 ll

1889 3209 2198 3278 claruerint,
2243 3223 2377 3278 quos
2411 3210 2550 3264 inter
2571 3225 2816 3266 ROMANUS
2841 3209 2993 3268 miles
3021 3229 3050 3266 a
3081 3213 3141 3265 Β.
3175 3211 3470 3266 Laurentio

1885 3277 2188 3352 baptizatus
2211 3318 2226 3344 ,
2262 3277 2327 3352 et
2375 3281 2683 3352 praemissus
2736 3284 2802 3336 ad
2836 3282 3069 3352 palmam
3095 3322 3110 3345 ,
3153 3284 3325 3352 pridie
3353 3282 3471 3350 ejus

1885 3348 2102 3422 natalis,
2130 3349 2346 3418 quando
2373 3348 2600 3422 [tertiani
2627 3348 2960 3422 martyrium
3005 3348 3227 3418 colitur;
3264 3361 3319 3406 et
3347 3348 3468 3422 cum

1885 3418 1938 3472 id
1968 3420 2166 3474 rescire
2195 3434 2298 3473 non
2331 3420 2482 3474 valde
2511 3420 2757 3476 conferat
2783 3418 2850 3476 ad
2880 3423 2979 3478 bas
3008 3432 3163 3477 notas
3191 3421 3438 3477 elucidau

1885 3488 2001 3562 das.
2036 3488 2202 3562 Valde
2241 3501 2420 3562 autem
2459 3491 2701 3545 conferet
2741 3495 3114 3548 demonstrare
3161 3493 3457 3562 exemplum

1886 3559 2094 3633 collecti
2127 3561 2427 3628 sanguinis,
2453 3572 2506 3633 et
2537 3563 2766 3633 appositi
2799 3565 2850 3617 in
2879 3563 3064 3618 vitreis
3092 3563 3241 3618 hisce
3271 3559 3472 3633 pateris

1884 3629 2309 3699 Christianorum
2348 3629 2714 3699 symbolarum
2765 3643 2967 3686 tessera
2998 3629 3306 3697 decoratis;
3347 3647 3468 3688 cum

1885 3697 1956 3772 ita
1983 3700 2297 3764 ostendatur
2316 3717 2328 3752 :
2349 3697 2552 3772 Primo,
2571 3702 3018 3756 consuetudinem
3042 3705 3181 3757 hanc
3199 3704 3473 3772 pertinere

1886 3767 1952 3820 ad
1995 3777 2233 3837 tempora
2261 3771 2732 3836 persecutionum,
2771 3774 3044 3836 secundo,
3078 3767 3302 3826 indicari
3344 3789 3474 3827 eau-

1885 3851 2020 3902 sam,
2050 3853 2148 3892 cur
2179 3841 2488 3906 patentibus
2515 3841 2659 3895 vasis
2697 3842 2955 3896 collectus
2983 3845 3202 3910 sanguis
3231 3858 3469 3911 appone-

1887 3917 2035 3962 retur
2081 3918 2303 3962 externa
2349 3911 2400 3963 in
2453 3919 2607 3978 parte
2660 3911 3040 3977 loculamenti,
3084 3913 3172 3967 ubi
3223 3915 3471 3967 conditus

1863 3985 2003 4032 erat
2037 3988 2281 4049 martyr:
2315 3981 2381 4034 ad
2430 3981 2530 4035 hoc
2572 3981 2814 4046 scilicet,
2865 3992 2921 4036 ut
2953 3983 3187 4038 fidelium
3233 3985 3371 4038 votis
3417 3994 3472 4038 et

1887 4051 2260 4103 consuetudini
2293 4051 2614 4116 satisfieret,
2663 4054 2753 4121 qui
2795 4053 2959 4107 lintea
2987 4063 3042 4108 et
3078 4053 3314 4108 brandea
3345 4070 3472 4109 san-

1885 4121 2046 4195 guine
2071 4121 2324 4190 martyris
2347 4121 2570 4195 imbuta,
2589 4132 2681 4176 aut
2705 4123 2897 4178 saltem
2920 4132 3170 4195 contactu
3195 4125 3470 4195 sanguinis

1887 4190 2132 4264 dedicata
2173 4206 2356 4264 secum
2383 4191 2690 4264 deferrent,
2744 4205 2998 4262 tanquam
3035 4194 3253 4248 tutelam
3289 4190 3344 4249 ἐι
3393 4196 3473 4264 pi-

1887 4275 2026 4329 gnus
2065 4261 2466 4316 intercessionis
2495 4274 2816 4335 martyrum,
2842 4261 2900 4318 ut
2925 4264 3198 4335 Prudentii
3228 4261 3470 4318 carmina

1887 4340 2280 4406 contestantur,
2331 4347 2542 4406 necnon
2593 4334 2652 4388 ut
2700 4335 3016 4406 memoriam
3064 4334 3212 4397 fidei,
3252 4335 3472 4406 spei,'et

1889 4401 2175 4476 charitatis
2196 4417 2293 4472 per
2331 4403 2502 4469 ipsum
2541 4405 2812 4476 exercitae,
2850 4417 3016 4476 atque
3062 4401 3470 4476 incitamentum

1892 4470 2212 4526 imitationis
2221 4482 2328 4544 ,_et
2355 4475 2673 4528 constantiae
2711 4470 3109 4530 firmamentum
3139 4475 3192 4530 in
3240 4475 3472 4544 posteris

207 4539 399 4595 devote
419 4540 1081 4614 ingrederentur,_co_ntigit
1108 4541 1261 4595 nobis
1282 4541 1788 4614 fragmentavitrete
1819 4539 1865 4598 ο
1891 4556 2194 4614 evasuram.
2247 4541 2400 4614 llanc
2447 4544 2512 4614 de
2561 4561 2666 4613 qua
2715 4545 2988 4614 loquimur
3027 4539 3471 4601 consuetudinem

205 4620 431 4678 paterae,
453 4626 481 4661 a
506 4609 800 4682 fossoribus
823 4609 1028 4682 ibidem
1046 4611 1253 4666 detecta
1272 4609 1438 4682 prope
1461 4613 1785 4668 loculamen-

211 4688 322 4754 tum
379 4680 671 4754 martyris,
700 4688 758 4754 u_t_
806 4680 962 4744 solet,
1009 4680 1321 4749 conspicere
1352 4680 1514 4754 aqua;
1554 4684 1783 4738 invicem

202 4747 386 4817 juncta
419 4747 614 4819 ligni-as
644 4765 705 4804 ac
727 4751 933 4805 litteras
951 4747 1262 4818 ostendunt,
1280 4754 1330 4806 in
1351 4747 1502 4810 teneo
1526 4753 1785 4809 iconismo

212 4820 301 4874 hic
322 4820 578 4895 redditas,
599 4819 658 4895 in
677 4834 797 4895 quo
820 4820 1266 4895 et_fragmentmn
1290 4823 1625 4895 deperditum
1651 4841 1784 4894 pun-

207 4890 432 4963 ctuatim
462 4890 689 4963 exprimi
715 4891 924 4955 curavi,
947 4890 1376 4961 et'sanguincani
1405 4890 1786 4963 crustam—par-

208 4969 316 5035 tein
341 4959 622 5035 figuratum
639 4961 974 5035 obtegentem
997 4959 1370 5035 repiicsentari
1389 4981 1539 5035 ;qu:e
1557 4959 1786 5019 obversa

206 5030 337 5106 solis
375 5029 558 5106 radiis,
590 5040 682 5106 aut
708 5029 947 5106 candela:
991 5029 1230 5106 nativum
1287 5029 1538 5092 ruborem
1585 5036 1783 5106 prodit.

210 5099 396 5174 (mago
431 5100 548 5174 (iam
598 5099 834 5174 Pastoris
870 5102 1178 5172 evangelici,
1211 5121 1371 5174 quam
1417 5099 1783 5160 Tertullianus

212 5170 265 5247 in
297 5168 488 5247 libnde
514 5168 1076 5247 PudicitiaLcap._i0,
1117 5168 1350 5228 alliciunt
1374 5177 1520 5247 pingi
1560 5190 1787 5230 consue-

210 5239 352 5316 visse
401 5239 452 5293 in
489 5240 750 5316 calicibus
781 5239 1231 5316 Christianorum,
1288 5239 1518 5316 superne
1572 5247 1782 5309 visitur,

207 5309 347 5387 collo
371 5310 641 5387 sustinens
669 5326 842 5387 ovem,
869 5313 1121 5387 utrinque
1151 5309 1368 5370 astante
1384 5316 1450 5370 ad
1479 5317 1645 5387 pedes
1675 5317 1782 5370 Pa—

209 5381 372 5433 storis
409 5380 948 5457 ovieulasive‘agno‘,
978 5380 1068 5457 qui
1094 5389 1340 5457 eunnlem
1367 5380 1616 5457 respicit;
1665 5402 1788 5442 nec-

212 5452 744 5527 non-emisidentibtts
764 5452 1128 5527 in’sellis‘hinc
1156 5456 1279 5511 inde
1306 5452 1496 5526 positis
1518 5459 1620 5514 SS.
1651 5474 1780 5527 apo-

210 5519 364 5600 stolis
388 5519 546 5574 Petro
568 5531 668 5600 __et_
697 5521 881 5586 Paulo,
915 5521 1064 5591 cujus
1103 5519 1338 5600 secundi
1370 5530 1539 5600 figura
1571 5519 1777 5598 integra

211 5598 267 5670 et
308 5604 498 5670 nomen
548 5592 803 5670 distincte
846 5597 1250 5670 recognoscitur
1306 5592 1527 5653 Paiilus.
1574 5592 1784 5670 Ellig'ies

213 5657 338 5713 boni
376 5658 615 5740 Pastoris
779 5657 1093 5740 l'ragme'ntis
1121 5684 1264 5740 Aqua:
1315 5680 1605 5739 supersunt
1658 5657 1790 5724 satis

211 5733 524 5801 conspicua,
557 5733 748 5789 similis
787 5746 871 5789 est
923 5734 1036 5802 jam
1067 5733 1228 5791 editis
1257 5756 1354 5808 per
1382 5733 1536 5794 'viros
1581 5743 1792 5797 clawiss.

1891 4613 2245 4688 comprobare
2268 4612 2422 4682 juvat
2449 4612 2594 4688 facto
2611 4623 2677 4688 et
2700 4612 2860 4688 dic—tis
2889 4615 2949 4670 Β.
2983 4615 3179 4688 Saturi
3194 4615 3469 4688 martyris,

1892 4681 2141 4756 legendis
2177 4681 2501 4756 inter_gesta
2551 4685 2681 4756 $8.4
2723 4685 3001 4756 Perpetua:
3039 4696 3095 4740 et
3139 4681 3471 4748 Felicitatis,

1890 4756 2034 4824 edita
2063 4753 2296 4824 primum
2327 4752 2509 4808 ltonne
2541 4768 2640 4824 per
2659 4752 2864 4811 Lucam
2903 4755 3256 4820 Holstenium,
3283 4756 3474 4811 deinde

1891 4820 2112 4897 Parisiis
2142 4839 2236 4892 per
2261 4822 2461 4897 Lucam
2491 4820 2811 4897 Dieberium
2839 4828 2981 4881 inter
3006 4826 3139 4881 Acta
3173 4836 3471 4897 martyrum

1889 4893 2104 4964 sincera
2133 4902 2186 4946 et
2225 4893 2442 4948 selecta.
2477 4895 2641 4964 Cujus
2676 4897 2926 4952 secunda:
2965 4897 3217 4952 editionis
3247 4893 3474 4951 numero

1888 4961 1952 5015 21
1995 4963 2226 5019 Saturus
2273 4965 2339 5018 ad
2377 4961 2580 5022 bestias
2632 4967 2918 5021 daumalus
2959 4984 3080 5022 cmn
3128 4968 3320 5031 sociis,
3368 4968 3472 5021 leo-

1889 5035 2058 5107 pardo
2107 5033 2376 5107 objicitur,
2406 5050 2436 5088 a
2477 5051 2584 5105 quo
2622 5052 2803 5092 morsu
2834 5037 3108 5107 impetitus
3152 5048 3302 5092 tanto
3348 5053 3476 5092 san-

1889 5104 2437 5178 guine_perlundi_tu_r,
2467 5104 2528 5162 nit
2555 5123 2584 5178 a
2617 5107 2812 5177 populo
2844 5104 3182 5178 inspectante
3207 5108 3469 5164 acclama-

1895 5186 2008 5226 tum
2055 5173 2259 5228 fuerit:
2295 5173 2512 5231 Salvum
2549 5173 2737 5244 latinia,
2767 5173 2974 5234 solvunt
3021 5180 3204 5234 totum.
3246 5179 3473 5234 Pudenti

1895 5243 2052 5297 militi
2096 5245 2338 5316 traditur
2363 5247 2654 5303 semivivus
2701 5249 3088 5304 custodiendus
3115 5290 3132 5316 ,
3181 5259 3240 5304 ut
3274 5249 3326 5304 in
3367 5251 3472 5304 line

1893 5315 2486 5386 spcctaculijuguletur.
2510 5317 2737 5374 Saturus
2752 5321 2820 5374 ad
2840 5315 3134 5374 Pudentem
3158 5335 3471 5385 conversus,

1895 5399 2056 5460 quem
2092 5387 2395 5460 constantia
2436 5397 2746 5460 martyrum
2801 5399 3107 5460 permotum
3156 5390 3352 5446 inﬂecti
3394 5392 3476 5444 vi-

1893 5456 2054 5530 debat
2090 5457 2158 5510 ad
2215 5456 2374 5530 ﬁdem
2421 5456 3023 5516 Cbrisiianatn'secum
3073 5464 3468 5530 proﬁtendam:

1893 5525 2098 5598 Memor
2128 5539 2260 5593 esto,
2284 5529 2472 5598 inquit,
2522 5531 2646 5598 ﬁdei
2673 5547 2820 5594 mew,
2860 5542 2905 5585 et
2939 5547 3002 5584 ne
3032 5525 3086 5584 té
3109 5533 3213 5586 ista
3254 5543 3471 5588 conlur-

1891 5596 2008 5673 gent
2035 5638 2050 5662 ,
2096 5605 2186 5673 sed
2240 5596 2566 5673 conﬁrment.
2622 5601 2824 5656 Deinde
2873 5603 3128 5657 annulmn
3183 5604 3250 5659 de
3293 5603 3474 5673 digitis

1895 5664 2154 5722 Pudentis
2176 5664 2363 5732 eximi,
2379 5671 2586 5744 sibique
2606 5673 2846 5726 conti-adi
2871 5683 3056 5728 curat:
3084 5690 3242 5744 quem
3265 5664 3470 5728 vulneri

1902 5749 2000 5795 suo
2029 5754 2135 5794 non
2173 5749 2379 5796 tantum
2410 5742 2704 5808 admotum,
2734 5744 2827 5798 sed
2853 5744 3016 5799 etiam
3057 5742 3390 5811 inunersnm,
3417 5754 3474 5798 ut
