3970 6316
225 303 364 362 M31

881 297 1196 355 HISTORIA
1237 295 1324 351 DE
1362 291 1538 351 VITIS
1575 288 1736 344 [{0}].
1776 288 1974 344 PON'I‘.
2013 323 2085 336 —
2125 289 2440 352 QANCTUS
2481 285 2702 345 CAIUS.

3351 281 3372 334 1
3388 282 3488 336 £58

223 413 394 468 clausi
426 411 768 466 loculamentt
808 425 1004 478 corpus
1051 409 1300 479 martyris
1335 413 1665 479 asservantts
1686 405 1808 479 ,_in-
1837 403 1884 464 A
1914 421 2065 479 papa;
2096 407 2146 460 in
2182 406 2397 479 Regest.
2439 403 2529 479 lib.
2563 417 2750 479 vr,._c.
2797 399 2889 479 {98,
2924 395 3231 479 tpstimomo
3259 403 3488 479 cptjlstat.

226 484 452 551 telligel,
486 483 550 535 ad
582 474 930 551 testimonium
959 479 1081 551 ﬁdei
1124 490 1168 551 et
1190 474 1504 551 'memoriaut
1536 474 1806 543 sanguinis

222 566 326 621 pro
348 548 578 606 'Cbristo
608 550 731 614 fusi,
783 565 971 618 nempe
1001 550 1066 603 ad
1094 548 1510 621 vindicationem
1560 554 1613 598 et
1661 559 1811 621 coen-

224 613 607 694 probationem
645 613 886 694 martyrii
910 613 1013 694 'per
1039 618 1285 694 ennuleln
1321 616 1409 694 Dei
1433 630 1666 694 servum
1703 613 1809 694 ior-

228 684 358 745 iiter
403 690 644 753 tolerati,
692 698 746 743 et
769 684 848 741 'ad
877 684 1061 757 pignus
1092 686 1266 740 tutelm
1295 684 1532 757 ejusdem
1559 725 1572 746 ,
1622 685 1747 757 inde
1776 701 1807 739 a

227 761 478 815 ﬁdelibus
519 755 900 829 reportandum
933 755 1214 829 immersis
1259 755 1442 829 in__illo_
1486 755 1704 829 linteis,
1754 764 1809 829 et

225 831 504 896 brandeis,
555 823 607 882 e't
643 828 878 891 annulis,
925 835 1016 881 aut
1055 827 1355 895 hujusmodi
1400 823 1627 896 cinwliis
1665 825 1808 879 domi

225 895 530 962 servandis,
557 909 609 952 et
640 898 1018 951 contradendis
1048 897 1281 966 posteris
1309 896 1420 951 suis
1451 895 1808 966 fuisserappo-

226 971 332 1023 sita
372 969 633 1037 ejusmodi
686 968 898 1020 vascula
934 1008 948 1029 ,
1016 965 1116 1021 sub
1167 966 1493 1021 conscientia
1545 965 1806 1037 episcopi,

228 1036 686 1120 tternpe.l_egitima
722 1038 1028 1120 cognitione
1063 1038 1340 1120 praemissa
1375 1047 1422 1089 et
1465 1036 1810 1120 uindicatioue

223 1105 468 1179 martyrii
492 1105 529 1162 ε’
563 1108 714 1176 cujus
745 1105 819 1179 rei
869 1107 1038 1176 gratia
1066 1105 1448 1175 ’Eutycbianus
1481 1107 1530 1179 in
1576 1120 1673 1158 suo
1714 1105 1811 1179 de-

225 1175 387 1233 creto
411 1181 508 1232 hac
538 1179 588 1230 in
629 1175 1199 1231 sectione’memorato
1229 1191 1332 1230 non
1373 1176 1529 1228 modo
1569 1175 1809 1243 prmcipit

224 1249 442 1316 sepeliri
478 1257 765 1319 martyrem
804 1246 1156 1319 eumclilt_)l)io
1183 1245 1808 1319 purpurato,_sedetiam

213 1314 515 1373 certiorem
557 1314 632 1370 se'
653 1317 769 1372 ﬁeri
801 1317 866 1370 de
897 1317 998 1369 ritu
1044 1317 1116 1368 ita
1157 1327 1369 1369 servato
1395 1317 1445 1369 in
1478 1314 1807 1384 singulorum

225 1399 526 1458 martyrum
573 1388 890 1457 sepultura:
939 1385 1076 1457 quod
1100 1398 1273 1440 tamen
1309 1386 1376 1440 ad
1420 1386 1658 1439 notitiam
1710 1387 1810 1439 sibi

224 1459 607 1528 divulgaretur.

857 1525 1170 1582 CIACONII.

301 1619 423 1674 Lin.
453 1621 475 1672 l
504 1629 556 1674 et
583 1619 637 1674 2.
659 1649 732 1659 -—-
753 1618 899 1674 Sedit
926 1635 1092 1672 annos
1117 1628 1252 1672 octo.
1281 1617 1508 1672 Fallitur
1529 1619 1806 1683 Eusebius,

219 1691 321 1760 qui
359 1700 481 1744 octo
511 1704 722 1744 menses
759 1689 931 1760 solum
964 1689 1352 1758 Eutycbianum
1387 1689 1591 1760 sedisse
1623 1689 1812 1756 refert,

223 1758 314 1814 vel
355 1761 536 1813 decem
570 1775 673 1814 non
703 1760 768 1812 ad
801 1759 959 1812 ﬁnem
1007 1760 1338 1827 perduxisse.
1383 1758 1631 1827 Quinque
1669 1760 1810 1813 enim

224 1830 598 1885 ordinationes
625 1845 808 1884 mense
843 1829 1150 1883 Decembris
1177 1829 1351 1888 factm,
1391 1845 1492 1882 non
1524 1839 1813 1896 potuerunt

225 1900 333 1954 nisi
366 1900 732 1968 quinquennio
774 1899 911 1953 ﬁeri.
951 1899 1130 1965 Quare
1164 1899 1610 1968 acquiescendum
1643 1901 1813 1970 magis

229 1971 298 2024 iis
347 1971 434 2036 qui
474 1979 596 2022 octo
645 1985 815 2022 annos
869 1978 923 2023 et
967 1984 1178 2023 menses
1229 1970 1432 2036 aliquot
1464 1969 1578 2037 ejus
1639 1971 1812 2038 ponti-

228 2039 411 2094 ﬁcatui
461 2040 703 2093 tribuunt
730 2058 742 2093 :
776 2041 915 2094 inter
939 2055 1076 2108 quos
1104 2048 1186 2093 est
1213 2039 1502 2094 Panvinius
1552 2050 1608 2094 et
1634 2042 1810 2094 cardi-

229 2109 369 2163 nalis
396 2109 674 2181 Baronius.
693 2109 897 2181 Quibus
909 2111 1070 2164 etiam
1090 2110 1227 2181 ratio
1242 2109 1518 2181 consulum
1544 2110 1811 2181 suffraga-

232 2189 340 2242 tur,
357 2189 484 2232 etex
503 2179 882 2249 ecclesiasticis
901 2179 1135 2248 antiquis
1151 2179 1344 2233 tabulis
1360 2179 1810 2249 tacitecolligitur.

302 2249 468 2304 Linea
503 2249 555 2302 4.
596 2279 667 2289 —
714 2248 816 2302 Hic
853 2251 1123 2303 constituit
1152 2260 1208 2302 ut
1241 2249 1414 2318 fruges
1465 2267 1620 2316 super
1647 2248 1813 2306 altare

227 2329 433 2372 tantum
463 2319 600 2388 faba:
640 2329 689 2372 et
720 2337 832 2373 uva:
862 2320 1306 2383 benedicerentur;
1348 2330 1406 2372 ut
1437 2321 1642 2374 scilicet
1667 2337 1815 2376 erro-

230 2389 384 2442 ribus
411 2388 830 2443 Manichzeorum
863 2390 1035 2454 magis
1064 2389 1460 2455 adversaretur,
1494 2391 1584 2459 qui
1611 2407 1639 2443 a
1676 2393 1815 2447 malo

230 2459 501 2528 principio
548 2470 828 2513 creaturas
881 2467 1098 2513 exortus
1150 2459 1435 2524 dicerent,
1506 2468 1667 2528 atque
1723 2480 1816 2518 eas

227 2528 597 2584 exsecrabiles
636 2528 1001 2594 aﬂirmarent;
1047 2529 1160 2597 ipse
1190 2539 1376 2583 contra
1431 2532 1772 2587 benediceret
1797 2575 1810 2597 ,

225 2613 299 2662 ac
325 2599 487 2652 verbo
514 2599 877 2654 sanctiﬁcat-et
904 2639 916 2662 ,
965 2608 1018 2653 et
1051 2600 1252 2668 gratias
1286 2615 1472 2669 agens,
1507 2615 1536 2652 a
1571 2601 1816 2658 ﬁdelibus

227 2683 393 2740 super
433 2669 605 2722 altare
629 2669 847 2740 efferri,
899 2681 953 2722 et
981 2685 1014 2740 a7
1048 2671 1328 2724 sacerdote
1359 2685 1478 2723 cum
1517 2672 1812 2740 gratiarum

226 2739 447 2812 actione
472 2739 721 2812 be_ned_ici_
755 2738 942 2812 voluit.
984 2739 1085 2804 Qui
1132 2740 1346 2812 quidem
1395 2738 1816 2812 ususfantiquus

229 2808 403 2878 viguit
438 2810 489 2860 in
521 2808 783 2870 Ecclesia,
815 2810 948 2863 adeo
975 2818 1032 2862 ut
1061 2825 1162 2862 non
1194 2811 1400 2878 primus
1425 2810 1495 2862 sit
1537 2808 1816 2868 habendus

233 2877 739 2952 Eutychianus,qui
771 2881 886 2952 haae
927 2877 1487 2952 servanda’statuerit,
1516 2883 1607 2935 sed
1639 2884 1816 2952 potius

232 2962 334 3002 suo
363 2949 580 3002 decreto
605 2950 778 3002 denuo
804 2950 1093 3003 roborarit.

306 3017 470 3072 Linea
511 3018 562 3070 6.
589 3049 657 3058 ——
689 3018 791 3092 Qui
826 3020 1232 3092 hocconstituit,
1261 3030 1316 3072 ut
1360 3020 1653 3092 quicunque
1687 3023 1816 3090 fide-

1913 464 2062 541 Qu'od
2096 464 2423 545 usquevazleo
2450 474 2581 542 ipse,
2617 471 2722 524 alio
2744 470 2888 545 edito
2922 467 3161 528 decreto,
3194 464 3488 545 prohibuit,

1911 533 1970 598 ιῖι
1998 533 2229 599 vetuerit
2274 546 2434 598 etiam
2471 533 2703 611 corpora
2744 540 3109 611 Romanorum
3156 533 3491 604 pentiﬁcum,

1910 630 2030 669 cum
2061 615 2420 686 perferuntur,
2447 612 2552 682 tegi
2577 609 2891 666 dalmatieis.

2608 699 2807 756 PAGII.

1983 795 2145 851 Linea
2179 795 2231 850 6.
2261 825 2328 835 -—
2365 791 2432 864 Ut
2480 789 3046 864 quicunque‘ﬁdelium
3087 795 3370 864 martyrem
3402 801 3494 864 _se-

1911 866 2112 937 peliret.
2149 865 2259 918 sine
2284 854 2566 918 dalmatica
2595 854 2917 937 gut'colobjo
2951 858 3024 929 (id
3053 867 3136 937 est
3163 854 3346 937 tunica
3373 854 3488 935 sine

1914 923 2162 1003 ntanicis)
2190 943 2478 1004 purpurato
2513 931 2810 1004 nullatenus
2844 923 3059 1004 faceret.
3095 923 3245 1004 Quod
3276 923 3496 1004 honoris

1913 1022 2076 1060 causa
2102 997 2452 1059 constitutum
2489 1009 2591 1055 est.
2625 1000 2728 1055 Sed
2765 1014 2885 1053 cum
2936 998 3075 1051 idem
3107 997 3277 1050 honos
3321 997 3492 1060 ponti-

1918 1077 2126 1137 ﬁcibus,
2152 1091 2215 1128 ac
2239 1074 2366 1142 ipsis
2389 1073 2550 1126 etiam
2572 1068 3257 1142 diaconistribueretur,_ut
3287 1063 3343 1118 S.
3372 1062 3499 1117 Gre-

1915 1135 2335 1214 gorius‘imlieat
2379 1143 2471 1214 lib.
2516 1139 2831 1214 tv__Dialog._
2869 1154 2987 1214 cap.
3031 1136 3120 1214 4Q,
3154 1135 3368 1189 decreto
3405 1147 3501 1187 suo

1916 1205 2056 1269 idem
2097 1216 2185 1268 lib.
2231 1231 2305 1276 tv,
2357 1213 2514 1281 epist.
2557 1210 2644 1272 44,
2685 1205 2949 1283 εθῐῖςίγὶιζ
2976 1221 3042 1283 ne
3082 1205 3502 1283 feretrum,.qno

1915 1286 2142 1338 Romani
2180 1273 2449 1352 pontiﬁcis
2490 1296 2687 1352 corpus
2736 1280 2803 1334 ad
2851 1277 3216 1348 sepeliendum
3262 1273 3509 1335 ducitur,

1917 1356 2220 1410 dalmatieis
2259 1362 2546 1422 tegeretur.

1987 1425 2174 1479 Sancti
2210 1412 2523 1504 EutS’cbiapi
2556 1435 2753 1504 corpus
2784 1418 2835 1473 in
2865 1417 3091 1504 patriam
3118 1415 3324 1504 Lungm
3368 1412 3500 1467 rela-

1919 1502 2063 1560 tum,
2113 1509 2254 1548 mmo
2305 1485 2576 1546 invenitur
2627 1485 2814 1560 atque
2866 1485 3162 1560 honoratur
3225 1485 3502 1560 Sarzanag,

1918 1553 2060 1618 urbe
2084 1564 2294 1628 vicina,
2332 1561 2550 1616 ditionis
2605 1553 3094 1634 Genitensis,_qu:e
3134 1555 3310 1634 Lume
3354 1553 3507 1634 peni:

1922 1644 2008 1687 tus
2079 1622 2335 1688 desolatm
2388 1634 2779 1700 destructaeque
2839 1630 2890 1682 in
2952 1622 3506 1700 lumore__cat_liedrali

1923 1705 2200 1758 successit.
2274 1692 2708 1774 Eutyrbianus,‘
2771 1700 3009 1774 quinque
3072 1692 3503 1774 ordinatiogtibus

1923 1789 2107 1828 mense
2166 1763 2443 1828 Decembri
2497 1763 2722 1833 habilis,
2777 1763 3270 1840 presbyteros“,
3325 1763 3509 1840 diaeo-

1921 1861 2017 1898 nos
2070 1845 2102 1897 5
2161 1844 2320 1904 fecit,
2368 1843 2648 1911 episcopos
2694 1831 2916 1912 ver'o9_
2943 1831 3052 1912 'per
3098 1836 3334 1912 diversa
3360 1831 3503 1912 loca.

1918 1915 2170 1976 Sepultus
2199 1923 2280 1968 est
2311 1914 2363 1968 in
2397 1905 2707 1967 conpeterio
2734 1910 2919 1983 Calisti
2951 1905 3055 1983 ivia
3084 1906 3274 1976 Appia.
3301 1905 3506 1983 θεείυῄςὶ

1916 1973 2224 2040 Decretalcs
2267 1984 2610 2038 ascribuntur
2638 1999 2649 2034 :
2681 1981 2855 2050 prima
2899 1980 2964 2032 ad
3005 1973 3190 2032 omnes
3227 1991 3323 2046 per
3348 1973 3507 2050 Batti:

1918 2070 2035 2110 cam
2073 2055 2405 2125 provinciam
2450 2043 2770 2107 constitutos
2818 2050 3137 2125 episcopos;
3176 2043 3407 2124 secunda
3438 2043 3504 2123 ad

1915 2119 2194 2194 episcopos
2235 2123 2452 2188 Siciliae,
2480 2139 2618 2194 quae
2646 2119 2998 2194 supposititiae
3026 2126 3192 2194 sunt;
3214 2129 3335 2170 cum
3361 2119 3413 2166 in
3440 2119 3508 2194 iis

1917 2187 2274 2262 posteriorum
2313 2187 2627 2264 pontificum
2668 2187 2784 2264 loca
2813 2191 3035 2264 integra
3085 2187 3411 2248 recitentur,
3454 2190 3510 2236 et

1918 2261 2020 2319 alia
2055 2265 2220 2320 multa
2249 2261 2637 2334 suppositionis
2666 2261 2858 2316 indicia
2890 2262 3209 2314 habeantur.

2547 2371 2875 2428 SOMMIER.

1990 2465 2152 2519 Linea
2193 2465 2246 2519 4.
2284 2496 2353 2504 -
2394 2463 2497 2518 llic
2540 2465 2803 2518 constituit
2837 2473 2889 2517 ut
2931 2463 3104 2533 fruges
3144 2476 3299 2529 super
3341 2458 3509 2533 altare

1919 2546 2120 2588 tantum
2163 2537 2299 2604 faba?
2347 2545 2394 2588 et
2442 2552 2554 2588 uvw
2600 2529 3039 2588 benedicerentur.
3081 2534 3364 2604 Decretum
3406 2529 3510 2604 hoc

1919 2598 2172 2659 veterem
2191 2607 2534 2660 traditionem
2561 2604 2890 2658 conﬁrmans
2916 2617 3076 2673 super
3106 2602 3299 2673 eadem
3321 2598 3506 2673 Eccle-

1920 2677 2013 2729 sim
2040 2676 2213 2744 praxi,
2238 2677 2440 2730 editum
2464 2674 2648 2744 procul
2675 2674 2838 2728 dubio
2861 2673 2958 2728 fuit
2979 2668 3507 2744 occasionehzeresis

1920 2741 2341 2800 Manichmorum
2393 2741 2520 2799 tunc
2572 2744 2891 2813 prodeuntis
2943 2763 2956 2798 :
3015 2758 3135 2812 qua:
3177 2741 3509 2813 innitebatur

1919 2816 2094 2870 errori
2120 2817 2347 2869 duorum
2392 2809 2780 2884 principiorum
2821 2809 3082 2876 universi,
3111 2812 3333 2884 omnino
3357 2809 3508 2884 iude-

1918 2886 2269 2954 pendentium
2314 2879 2476 2940 etiam
2524 2879 2777 2955 in'terise,
2821 2885 2976 2955 juxta
3027 2885 3238 2955 illorum
3283 2879 3506 2950 placita,

1921 2955 2042 3009 boui
2078 2955 2302 3019 scilicet,
2357 2971 2421 3010 ac
2467 2955 2614 3008 mali.
2660 2954 2865 3008 Bonum
2908 2954 3183 3009 asserebat
3232 2959 3508 3005 auctorem

1919 3025 2090 3089 lueis,
2133 3034 2186 3080 et
2233 3035 2604 3081 creaturarum
2654 3025 2776 3079 inde
2817 3025 3167 3079 formatarum
3195 3022 3347 3090 juxta
3387 3035 3507 3074 eam

230 3085 363 3165 lium
390 3098 694 3164 martyrem,
716 3090 826 3165 sine
856 3089 1163 3165 daln_tatica,
1189 3101 1279 3144 aut
1303 3085 1504 3165 colobia
1525 3085 1811 3165 purpurato
1843 3103 1886 3162 ί)
1919 3085 2276 3159 sententiam;
2312 3096 2513 3148 Malum
2537 3111 2664 3148 vero
2695 3095 2999 3165 appellabat
3032 3085 3328 3165 principem
3359 3099 3509 3144 tene-

235 3156 385 3210 vzulla
416 3156 616 3211 ratione
658 3157 911 3227 sepeliret.
959 3159 1087 3212 Erat
1117 3170 1294 3214 autem
1337 3156 1814 3218 dalmatica'vestis

233 3227 354 3280 sine
381 3229 629 3282 manicis.
658 3237 712 3282 et
737 3229 1004 3283 colobium
1041 3230 1203 3283 etiam
1233 3231 1459 3284 manicis
1486 3233 1722 3295 carebat,
1759 3244 1815 3287 et

231 3298 604 3365 episcoporum
624 3308 912 3360 mucetam,
933 3315 1073 3352 Intnc
1096 3301 1316 3364 dictam,
1347 3301 1677 3356 imitabatur.
1705 3303 1813 3358 Sed

233 3367 506 3440 religionis
553 3376 815 3440 prietertu
865 3379 1277 3440 praetergressus
1305 3381 1387 3425 est
1433 3382 1614 3440 postea
1655 3373 1812 3428 Chri-

231 3437 441 3490 stianus
465 3438 688 3508 populus
711 3439 970 3506 ejusmodi
993 3437 1191 3494 decreti
1218 3442 1370 3502 ﬁnes,
1394 3437 1452 3494 ui
1475 3459 1578 3496 non
1605 3451 1811 3496 tantum

231 3516 538 3580 sanctorum
567 3517 862 3579 martyrum
899 3523 1123 3580 corpora
1154 3509 1434 3564 dalmatica
1469 3521 1808 3580 tegerentur;

233 3576 325 3630 sed
350 3591 625 3632 sacrorum
657 3576 817 3632 etiam
856 3578 1222 3633 ministrorum
1249 3599 1260 3632 :
1288 3590 1343 3634 ut
1373 3576 1546 3635 sancti
1570 3581 1813 3652 Gregorii

1921 3166 2161 3228 brarum,
2189 3176 2243 3221 et
2270 3181 2449 3220 rerum
2479 3182 2615 3233 quas
2637 3162 2996 3219 contendebat
3031 3162 3154 3220 inde
3194 3162 3506 3233 productas,

1919 3237 2081 3290 veluti
2122 3245 2318 3290 terram
2371 3246 2426 3291 et
2470 3231 2626 3288 terrae
2666 3235 2891 3290 fructus.
2925 3235 3106 3290 Manes
3146 3231 3508 3288 bteresiarcha

1923 3305 2222 3361 doctrinam
2250 3309 2388 3360 hanc
2421 3306 2677 3359 hauserat
2704 3320 2770 3358 ex
2798 3307 2986 3375 magis,
3019 3305 3306 3375 Persarum
3337 3301 3510 3375 philo—

1923 3377 2126 3446 sophis,
2153 3378 2291 3447 apud
2333 3391 2468 3447 quos
2494 3375 2772 3447 educatus,
2791 3385 2851 3447 et
2873 3370 2923 3428 in
2951 3390 3177 3447 quorum
3208 3370 3390 3447 schola
3418 3370 3511 3447 diu

1927 3440 2388 3514 perseveraverai,
2446 3445 2895 3515 quemadmodum
2941 3440 3368 3515 ostendimusin
3402 3440 3512 3515 do-

1926 3509 2156 3636 lgqiatica
2176 3509 2720 3586 religionis'ﬂistoria,
2739 3515 2830 3570 lib.
2863 3531 2923 3581 ιι,
2949 3530 3064 3586 cap.
3093 3511 3378 3584 deorigine
3401 3509 3510 3564 idov

1945 3602 1975 3636 0
1998 3595 2168 3636 alme.

1945 3595 2168 3640 Olall‘liB.

255 3679 3511 3706 ——-—————————————-——-————_—————————

1248 3761 1518 3837 XXIX.
1585 3760 1909 3837 SANCT
1925 3762 2045 3838 US
2100 3763 2428 3840 CAIUS.

1093 3911 1256 3954 LNNO
1300 3909 1547 3953 CHRISTI
1591 3892 1733 3964 283,
1780 3909 1992 3952 CARINI
2041 3912 2121 3954 ET
2165 3913 2522 3956 nuncnum
2568 3896 2622 3954 1.

476 4039 587 4110 29
629 4033 850 4108 Caius,
903 4036 1156 4096 natione
1213 4036 1522 4108 Dalmata,
1577 4058 1653 4098 ex
1720 4057 1933 4118 genere
1989 4037 2369 4100 Diocletiani
2447 4035 2876 4115 imperatoris,
2935 4053 3012 4095 ea:
3071 4040 3256 4113 patre
3316 4029 3502 4104 Gaio,

399 4131 556 4192 sedit
637 4150 833 4193 annos
916 4133 1250 4210 undecim,
1331 4156 1557 4197 menses
1633 4146 1948 4217 quatuor,
2025 4137 2152 4198 dies
2222 4154 2438 4197 novem
2501 4148 2550 4196 ⁸.

1178 4253 1215 4293 a
1286 4233 1384 4296 die
1462 4254 1575 4297 xxv
1637 4235 1905 4296 Kal-end.
1976 4235 2320 4309 Januarii,
2395 4254 2434 4293 a
2510 4233 2844 4296 consulatu
2917 4229 3058 4292 Cari
3119 4227 3387 4291 secundi
3447 4231 3509 4288 et

396 4230 544 4291 Cari
617 4239 673 4291 et
743 4230 961 4294 Carini
1015 4236 1042 4276 ι’
1075 4279 1092 4308 ,

2624 4122 2775 4194 Fuit
2850 4140 3053 4193 autem
3125 4127 3508 4208 temporibus

396 4326 612 4390 Carini
679 4329 889 4409 usque
959 4329 1027 4392 in
1077 4330 1246 4393 diem
1321 4351 1360 4394 x
1426 4332 1860 4396 Kalendarum
1919 4335 2184 4406 Maiar.,
2251 4333 2650 4396 Diocletiano
2711 4336 2940 4410 quarto
2991 4340 3014 4368 ο
3064 4335 3127 4391 et
3185 4329 3508 4390 Constan-

317 4429 357 4489 5
401 4429 488 4489 tio
538 4431 846 4492 secundo.
906 4428 1028 4490 Hic
1090 4430 1424 4492 constituit
1481 4438 1547 4491 ut
1600 4432 2038 4495 ordinationes
2073 4438 2100 4478 d
2147 4449 2371 4495 omnes
2424 4433 2491 4494 in
2547 4431 2827 4494 Ecclesia
2870 4429 2962 4492 sic
3021 4428 3443 4492 ascenderant
3488 4445 3504 4483 :

399 4526 459 4586 Si
541 4527 688 4605 quis
773 4527 1114 4608 episcopus
1204 4545 1346 4592 esse
1423 4538 1826 4605 mereretur,
1905 4539 1972 4592 ut
2053 4539 2223 4594 esset
2280 4532 2626 4606 ostiarius,
2681 4532 2918 4604 lector,
2976 4528 3344 4600 exorcista,
3411 4540 3512 4585 se-

397 4646 604 4708 quens
665 4648 689 4675 ο
757 4630 1232 4705 subdiaconus,

1327 4630 1682 4701 diaconus.
1752 4632 2126 4710 presbyter,
2199 4640 2262 4695 et
2337 4633 2574 4694 exinde
2658 4631 3000 4710 episcopus
3078 4627 3508 4707 ordinaretur_.

399 4730 518 4792 Hie
573 4731 871 4808 regiones
926 4732 1145 4794 divisit
1203 4732 1602 4795 diaeonibus.
1667 4735 1792 4795 Hic
1850 4736 2098 4815 fugiens
2151 4737 2642 4814 persecutionem
2698 4731 3076 4796 Diocletiani
3153 4732 3220 4791 in
3273 4726 3512 4807 cryptis

401 4828 787 4904 habﬂando,

869 4832 1173 4911 martyrio
1251 4839 1590 4896 coronatur
1656 4849 1826 4893 anno
1897 4849 2092 4895 nono.
2166 4834 2288 4894 Hic
2349 4835 2494 4912 fecit
2557 4831 2983 4895 ordinatio-nes
3061 4837 3336 4912 quatuor
3393 4843 3513 4906 per

286 4933 362 4991 10
403 4949 660 4991 mensem
725 4933 1154 5001 Decembrem;
1232 4933 1641 5014 presbyteros
1702 4933 1934 5012 viginti
1988 4934 2337 5014 quinque,
2384 4933 2694 4995 diaconos
2753 4939 2895 4996 octo
2937 4976 2953 5007 ,
3019 4931 3346 5010 episcopos
3394 4944 3510 5006 per

401 5030 644 5093 diversa
703 5033 841 5095 loca
897 5040 1171 5096 numero
1241 5035 1580 5114 quinque,
1618 5034 1732 5114 qui
1799 5039 1940 5113 post
1970 5051 2208 5096 annum
2251 5034 2663 5095 undecimum
2723 5050 2868 5096 eum
2919 5030 3274 5094 Gaviniano
3311 5034 3331 5071 ε
3388 5025 3513 5087 fra-

402 5138 495 5192 tre
549 5150 669 5193 suo
735 5141 993 5213 propter
1033 5133 1224 5194 ﬁliam
1262 5134 1489 5194 Gavini
1524 5139 1554 5176 ε
1587 5133 1978 5213 presbyteri,
2011 5118 2273 5195 nomine
2315 5134 2710 5205 Susannam,
2775 5132 3079 5212 martyrio
3137 5135 3505 5196 coronatur,

403 5230 526 5302 Qui
580 5232 768 5294 etiam
828 5231 1107 5311 sepultus
1153 5239 1238 5292 est
1283 5233 1349 5292 in
1401 5231 1736 5294 eameterio
1794 5230 2060 5306 Calixti,
2121 5229 2225 5291 via
2265 5230 2517 5309 Appia,
2573 5248 2616 5292 Χ
2653 5228 2986 5292 Kalendas
3020 5227 3204 5290 Maii.
3241 5227 3325 5287 Et
3386 5241 3512 5286 ces-

407 5336 568 5395 savit
622 5338 1018 5413 episcopatus
1081 5335 1211 5397 dies
1256 5335 1542 5397 undecim

1333 5455 1598 5496 NOTULE
1643 5453 2042 5496 MARGINALES
2099 5452 2413 5495 FABROTTI
3150 5499 3162 5509 ν

318 5553 346 5580 ι
387 5539 454 5603 Β,
493 5558 584 5594 an.
620 5542 718 5605 12,
749 5557 822 5594 m.
865 5541 931 5608 4,
965 5541 1017 5593 d.
1063 5541 1117 5595 5.
1196 5541 1222 5580 δ
1258 5540 1332 5606 Β,
1379 5541 1594 5606 Carini,
1626 5540 1968 5604 Numeriani,
2013 5539 2364 5605 Diocletiani,
2411 5548 2466 5594 et
2505 5537 2725 5593 Maxim.
2776 5551 2946 5608 usque
2975 5534 3310 5608 ad_Dioclet.
3362 5546 3416 5608 vt
3453 5536 3508 5582 et

245 5605 624 5665 Constantium
695 5626 839 5667 coss.

259 5675 353 5732 ιο
414 5679 642 5737 Gabinio
692 5692 746 5738 et
781 5682 1008 5737 Gabino.
1092 5683 1115 5721 ε
1145 5681 1219 5745 C,
1265 5680 1478 5736 Gaoini.

917 5624 938 5651 ε
974 5609 1046 5675 C,
1096 5621 1269 5666 sexto.
1347 5611 1374 5649 d
1409 5612 1448 5664 C
1491 5612 1570 5674 B,
1611 5612 1880 5666 ordines.

1955 5600 2204 5664 aBaron.
2262 5600 2500 5664 ad'ann.
2573 5608 2730 5663 Dom.
2778 5600 2908 5664 296.
2991 5605 3126 5674 0C,
3195 5600 3500 5676 acolythus.

1567 5680 1695 5736 Vide
1738 5680 1937 5736 Baron.
1975 5681 2073 5736 loc.
2107 5681 2208 5759 cit.
