3892 5254
97 195 205 251 H‘il

787 194 1101 253 HISTORIA
1139 195 1228 252 DE
1272 193 1444 251 VITIS
1481 194 1644 249 ROM.
1687 193 1886 248 PONT.
1921 220 1992 232 -——
2029 191 2343 251 SANCTUS
2380 193 2602 252 CAIUS.

3203 202 3225 256 Ι
3235 199 3325 256 V32

95 304 392 377 improbant,
423 311 478 377 et
507 304 715 375 culpan.
744 306 962 377 quidam
986 307 1038 360 in
1066 306 1332 377 Cypriano
1357 307 1644 377 suggillare
1671 309 1720 368 Α
1749 305 2064 377 constituit,
2089 316 2147 360 ut
2173 307 2253 362 vel
2284 307 2498 376 regibus
2518 307 2860 362 sacrificaret.
2894 308 3124 364 Sanetus
3144 323 3322 367 autem

93 374 171 428 visi
199 383 335 435 sunt,
366 383 424 427 ut
454 374 678 444 innuere
705 374 1167 444 videturﬁpistola
1193 379 1314 430 data
1343 374 1488 432 clero
1512 377 1644 432 Car-

91 444 366 516 thagintntsi
385 460 415 516 _a
437 443 580 516 clero
598 444 860 508 Romano,
879 443 1002 499 sede
1021 455 1243 501 vacante
1255 449 1323 502 ob
1339 447 1652 516 martyrium

89 510 242 586 sancti
270 510 511 576 Fabiani,
545 530 640 582 pro
665 531 771 586 qua
820 516 1074 569 diluenda
1120 517 1299 586 plures
1347 510 1503 586 dedit,
1533 516 1650 586 epi-

89 583 336 654 stolas,et
369 597 490 654 eam
518 585 784 654 praecipue
836 585 933 652 ipsi
970 583 1136 640 clero'
1159 587 1419 650 Romano,
1459 585 1547 639 ubi
1569 583 1654 639 sic

87 667 191 720 cap.
214 652 273 705 l5
303 669 317 705 :
345 670 362 702 ι
398 652 531 706 Nam
554 655 691 707 sicut
713 653 920 708 Domini
945 656 1196 709 mandata
1223 657 1513 718 instruunt,
1537 663 1656 708 orto

85 724 250 793 statim
297 723 618 793 turbationis
658 725 856 793 impetu
893 725 1086 793 primo,
1131 741 1252 780 cum
1296 740 1380 779 me
1417 724 1654 779 clamore

86 792 303 845 violento
335 791 669 874 frequenter
737 791 964 874 populus
1006 795 1346 874 flagitasset,
1369 809 1494 874 _non
1543 802 1651 848 tam

83 876 243 935 meam
273 861 521 935 salutem,
553 878 712 930 quam
731 861 973 935 quietem
1003 861 1229 918 fratrum
1260 865 1527 935 publicam
1557 879 1653 918 co-

82 932 264 1004 gitans,
298 931 510 986 interim
542 933 768 1004 secessi,
811 948 878 988 ne
918 949 1012 1003 per
1048 931 1462 989 inverecimdam
1515 949 1653 1004 prte-

81 1001 296 1054 sentiam
325 1010 584 1074 nostram,
617 1003 811 1074 seditio
829 1001 958 1074 quin
983 1011 1222 1074 cmperat
1232 1004 1367 1074 plus
1392 1001 1650 1073 provoca-

83 1080 240 1142 retur,
259 1082 374 1142 etc.
417 1092 435 1123 ι
471 1071 669 1126 Eadem
701 1072 988 1142 disciplina
1034 1071 1155 1127 cum
1207 1071 1521 1128 valerianus
1553 1074 1650 1127 Deo

79 1141 224 1210 ciana
257 1140 308 1192 in
329 1142 613 1210 episcopos
646 1140 931 1203 edicta,‘et
965 1143 1018 1196 in
1056 1142 1346 1198 nobiliores
1374 1158 1442 1196 ex
1462 1143 1651 1197 ordine

79 1209 326 1282 laicormn
368 1209 612 1282 vulgaret
634 1211 893 1265 bonorum
922 1213 1390 1282 proscriptionem,
1421 1227 1651 1282 cumque

79 1280 143 1350 ab
161 1280 342 1334 exsilio
389 1253 554 1335 redux
591 1291 736 1336 esset
782 1253 1002 1336 sanctrus
1039 1253 1311 1347 antistes:
1335 1253 1650 1350 audiretque

83 1348 277 1420 Uticam
300 1365 419 1404 esse
448 1361 572 1420 ante
590 1351 964 1420 proconsulem
990 1353 1308 1415 sistendmn,
1326 1348 1577 1414 secessit,
1594 1362 1650 1405 ut

78 1418 380 1502 neti_Urirat,
411 1419 502 1475 sed
519 1418 812 1502 inproprie
841 1423 967 1502 sede
989 1422 1303 1502 martyrium
1327 1423 1647 1502 susciperet,

78 1499 128 1542 et
160 1491 220 1543 de
250 1491 550 1544 istiusmodi
581 1491 856 1560 proposito
893 1491 1170 1545 admonuit
1214 1493 1265 1545 in
1305 1492 1489 1544 ultima
1535 1492 1646 1559 epi-

80 1559 203 1614 stola
228 1561 430 1614 clermn
471 1561 973 1630 Carthaginiensem.
1012 1562 1103 1615 Sic
1138 1563 1280 1615 enim
1313 1562 1398 1616 ille
1425 1576 1646 1616 causam

81 1631 378 1715 posterioris
401 1645 648 1715 secessus
678 1632 863 1711 pandit
894 1648 907 1684 :
943 1651 960 1682 ι
991 1631 1123 1713 Qum
1162 1631 1423 1712 perlatum
1436 1632 1519 1715 'a'd
1549 1646 1646 1685 nos
1684 1659 1726 1715 η

80 1699 364 1754 fuisset.....
400 1699 780 1754 frumentarios
805 1716 926 1754 esse
956 1699 1176 1762 missos,
1207 1702 1296 1770 qui
1324 1717 1407 1755 me
1436 1700 1645 1756 Uticam

81 1772 446 1840 perducerent,
479 1779 532 1824 et
571 1771 800 1825 consilio
843 1771 1283 1826 charissimorum
1333 1785 1650 1838 persnasmn

80 1853 232 1902 esset,
255 1849 311 1893 ut
331 1841 400 1895 de
425 1841 596 1894 hortis
621 1842 820 1895 nostris
843 1841 1057 1895 interim
1083 1843 1480 1906 secederemus,
1505 1841 1650 1910 justa

83 1913 463 1964 interveniente
508 1926 670 1964 causa
716 1911 1002 1974 consensi,
1050 1926 1116 1965 eo
1161 1912 1303 1979 quod
1356 1920 1648 1979 congruat,

79 1983 400 2050 episcopum,
433 1982 484 2050 in
507 1996 569 2035 ea
598 1981 837 2046 civitate,
868 1981 918 2050 in
951 1996 1054 2048 qua
1081 1981 1335 2036 Ecclesia:
1360 1981 1651 2036 Dominicae

80 2049 285 2120 priecst,
318 2052 427 2104 illic
463 2049 747 2104 Dominum
787 2049 1057 2115 confiteri,
1093 2061 1148 2105 et
1195 2050 1402 2121 plebem
1436 2051 1651 2105 univer-

81 2138 186 2192 sam
227 2121 830 2192 praepositipriesentis
868 2120 1208 2192 confessione
1250 2120 1645 2176 clariﬁcari.....

80 2191 711 2246 Carterum’mutilabitur
762 2192 933 2246 honor
977 2191 1232 2245 Ecclesiae
1292 2201 1487 2245 nostra:
1541 2199 1650 2244 tam

82 2262 335 2330 gloriosae,
371 2262 416 2316 si
448 2275 548 2329 ego
572 2261 852 2330 episcopus
896 2260 1118 2317 alterius
1146 2261 1401 2330 Ecclesiae
1442 2276 1650 2330 praepo-

83 2328 228 2396 Situs,
255 2328 504 2400 accepta,
526 2333 666 2400 apud
697 2328 910 2400 Uticam
951 2346 1112 2400 super
1158 2328 1496 2386 confessione
1533 2328 1656 2385 sen-

83 2403 255 2466 tentia,
287 2399 485 2458 exinde
523 2399 730 2469 martyr
770 2399 910 2468 apud
940 2399 1224 2454 Dominum
1253 2401 1583 2470 proficiscar.
1630 2421 1648 2452 ι

80 2471 248 2526 Potuit
273 2489 337 2528 ex
383 2471 646 2526 similibus
667 2471 844 2524 causis
867 2471 1166 2539 permoveri
1200 2470 1434 2540 pontifex
1461 2471 1652 2536 Caius,

81 2552 136 2596 ut
161 2545 439 2598 recederet
467 2541 532 2594 ad
560 2541 987 2595 subveniendum
1020 2541 1292 2596 Ecclesize.

150 2612 566 2666 Persecutionem
621 2609 950 2664 Diocletiani.
993 2610 1306 2666 Persecutio
1331 2626 1468 2675 utne,
1516 2611 1657 2666 unde

80 2682 298 2738 celebris
324 2681 711 2736 Diocletianma
740 2681 944 2751 epocha
971 2681 1263 2751 primordia
1296 2683 1654 2751 recognoscit,

84 2769 179 2805 non
204 2762 284 2807 est
313 2753 528 2819 incepta
557 2751 660 2805 nisi
705 2759 826 2817 post
867 2750 1069 2803 obitum
1121 2750 1268 2815 Caii;
1319 2750 1658 2806 nee’Diocle-

83 2823 252 2876 tiauus
297 2822 495 2876 edictis
535 2830 660 2874 ante
715 2835 914 2872 annum
969 2819 1071 2890 504
1121 2821 1549 2890 persecutionem
1603 2823 1655 2874 in

83 2891 370 2946 Ecclesiani
417 2891 746 2953 commovit,
797 2898 852 2943 ct
899 2889 1330 2957 quidem’ductis
1379 2890 1548 2944 initiis
1591 2891 1658 2945 ab

84 2961 315 3016 Oriente.
351 2961 552 3016 Verum
593 2959 786 3028 duplex
833 2959 1046 3013 videtur
1093 2960 1401 3029 persecutio
1449 2961 1656 3015 Diocle-

85 3008 291 3085 tvianvazav
315 3008 694 3094 numeranda,r
721 3029 870 3098 prior
914 3008 1276 3099 partietrtlaris.
1325 3045 1428 3083 non
1478 3032 1654 3086 edicto
1684 3008 1730 3072 (εἶ

84 3101 254 3168 aliquo
282 3101 530 3171 vulgata;
579 3101 845 3170 posterior
873 3098 1166 3171 sele-mnis,
1198 3100 1390 3155 edictis
1428 3116 1523 3170 per
1559 3102 1656 3155 im-

83 3171 280 3240 perium
319 3168 633 3241 universum
679 3168 1253 3241 promulgatis._Prior
1288 3168 1654 3241 cousignanda

85 3239 145 3293 ad
173 3242 404 3309 primum
431 3239 638 3310 imperii
668 3239 988 3310 decennium
1025 3239 1340 3310 Diocletiani
1364 3239 1506 3296 anno
1527 3241 1652 3303 ἓως

83 3308 186 3377 quo
216 3321 476 3379 tempore,
500 3308 558 3364 ut
580 3311 657 3363 ait
684 3308 946 3379 Eusebius
969 3310 1020 3362 in
1046 3309 1316 3365 Chronico
1342 3327 1356 3363 :
1395 3330 1412 3361 ι
1445 3310 1659 3365 Primus

85 3377 440 3435 Diocletianus
469 3379 682 3435 adorari
711 3395 768 3433 se
796 3387 854 3432 ut
891 3377 1080 3449 Deum,
1111 3389 1167 3432 et
1208 3395 1449 3449 gemmas
1491 3381 1660 3434 vesti-

83 3450 197 3513 bus,
247 3459 301 3504 et
344 3449 724 3505 calceamentis
762 3449 920 3502 inseri
969 3447 1147 3513 jussit,
1197 3447 1317 3503 cum
1367 3459 1493 3503 ante
1534 3465 1657 3505 eum

81 3533 263 3574 omnes
295 3519 654 3588 imperatores
681 3519 732 3572 in
766 3517 981 3572 modum
1002 3516 1244 3588 judicum
1269 3518 1654 3588 salutarentur,

83 3587 486 3661 ett-blamydem
511 3603 835 3661 purpuream
859 3589 1129 3661 a_p‘riv_ato
1158 3587 1276 3661 plus
1317 3587 1596 3661 haberent.
1637 3607 1654 3640 ο

85 3657 286 3712 Similia
323 3657 767 3728 Eutropiuscum
797 3659 860 3710 de
899 3657 1218 3728 Diocletiani
1257 3657 1496 3712 moribus
1543 3657 1578 3710 l.
1603 3673 1658 3728 v,

83 3743 200 3799 pag.
244 3728 351 3782 226
390 3748 402 3782 :
441 3747 458 3779 ‹
493 3725 600 3795 Qui
641 3728 691 3781 in
725 3726 947 3799 imperio
986 3725 1228 3799 Romano
1253 3728 1460 3799 primus
1503 3727 1664 3798 regiae

82 3797 483 3854 consuetudinis
505 3799 731 3853 formam
758 3797 928 3866 magis
950 3812 1107 3866 quam
1129 3798 1381 3852 Romana:
1400 3797 1664 3853 libertatis

85 3870 304 3932 invexit,
351 3869 673 3936 adorarique
706 3881 764 3921 se
792 3867 972 3935 jussit,
1013 3883 1133 3922 cum
1172 3876 1296 3921 ante
1321 3881 1442 3921 eum
1485 3868 1664 3922 cuncti

84 3937 484 3994 Salutarentur:
527 3946 842 4006 ornamenta
877 3950 1208 4006 gemmarum
1253 3938 1512 4002 vestibus,
1557 3938 1666 3992 eal-

85 4009 485 4078 ecamentisque
517 4006 728 4061 indidit.
761 4005 898 4060 Nam
926 4008 1075 4074 prius
1114 4007 1323 4078 imperii
1370 4007 1577 4077 insigne
1611 4008 1664 4061 in

85 4077 365 4159 chlamyde
379 4077 645 4158 purpurea
663 4084 868 4129 tantum
899 4085 1044 4130 erat:
1069 4077 1269 4146 reliqua
1289 4078 1658 4158 communia...

85 4147 156 4201 Ea
184 4147 329 4201 enim
359 4147 801 4210 occasione,cum
827 4160 976 4200 more
1004 4157 1259 4202 consueto
1286 4147 1664 4202 assentationi-

85 4217 181 4271 bus
196 4233 393 4271 novum
409 4217 574 4272 Deum
599 4215 774 4285 populi
801 4228 1274 4284 prosequerentur,
1299 4226 1355 4272 et
1376 4217 1667 4273 Christiani

88 4286 332 4364 insanam
376 4287 690 4364 populorum
732 4285 1168 4364 superstitionem
1205 4295 1655 4364 exsecrarentur,

1759 376 1852 430 Dei
1882 385 2086 446 martyr
2113 393 2415 446 sermonem
2449 377 2565 446 ejus
2603 378 2902 446 despiciens
2932 396 2944 432 :
2975 378 3213 438 llomeri.
3245 382 3325 436 in-

1756 447 1895 514 quit,
1929 445 2113 500 versus
2141 447 2326 502 dicens
2350 467 2361 500 :
2397 445 2508 500 Non
2537 456 2619 500 est
2645 445 2842 500 bonum
2868 447 3060 504 multos
3079 448 3325 506 dominos

1757 531 1895 586 esse.
2059 555 2070 567 .
2117 556 2137 586 ,γ
2175 515 2285 569 lloc
2314 517 2478 571 verbo
2528 516 2925 586 atrditopquasi
2956 519 3046 586 qui
3087 518 3318 574 infausta

1761 585 1812 638 in
1855 585 2066 652 regibus
2111 582 3210 654 deprompsisset,jussujiuiieis'ducitnr
3254 591 3318 642 ad

1759 664 2007 708 mortem.
2051 675 2067 706 ι
2096 654 2391 709 Proclivcm
2430 655 2816 709 Diocletianum
2867 657 2932 709 ad
2985 657 3085 710 ista
3129 666 3183 711 et
3228 675 3322 711 au-

1756 725 1946 778 dienda
1993 732 2047 776 et
2072 724 2313 778 facienda
2346 723 2501 779 docet
2550 724 2746 779 factum
2767 765 2782 785 ,
2807 726 2947 793 quod
2974 726 3150 780 evenit
3185 741 3326 780 anno

1753 793 1874 855 298,
1908 793 2178 848 relatuma
2208 793 2484 848 Lactantio
2512 795 2577 848 de
2610 795 2870 850 mortibus

1754 864 1843 918 ubi
1873 863 1992 918 sic:
2031 883 2048 914 ε
2085 864 2217 918 Cum
2261 873 2446 933 ageret
2492 864 2544 918 in
2595 863 2837 933 partibus

1753 941 1871 1003 erat
1897 949 1996 1003 pro
2032 935 2222 987 timore
2247 942 2517 988 scrutator
2551 949 2727 988 rerum
2757 933 3059 988 futurarum
3079 973 3094 998 ,
3127 935 3322 990 immo-

1753 1002 1912 1056 labat
1927 1003 2182 1073 pecudes,
2211 1012 2267 1058 et
2309 1004 2361 1057 in
2394 1003 2665 1068 jecoribus
2690 1019 2876 1058 eorum
2905 1012 3132 1060 ventura
3179 1019 3324 1073 quae-

1755 1071 2089 1127 rebat.’Tum
2112 1074 2330 1142 quidam
2360 1073 2728 1127 ministrorum
2757 1075 2988 1129 scientes
3017 1071 3320 1136 Domitium,

1754 1143 2235 1213 cumrassisterent
2285 1143 2608 1206 immolanti,
2652 1143 3018 1213 imposuerunt
3057 1143 3326 1198 frontibus

1753 1212 1864 1283 suis
1890 1212 2422 1283 inimortale_signum
2447 1213 2464 1282 (
2485 1213 2662 1267 crucis
2685 1212 2905 1282 nempe,
2951 1229 3058 1283 quo
3085 1213 3327 1282 epitheto

1755 1281 1922 1352 utitur
1965 1283 2160 1350 Stepins
2199 1281 2510 1336 Lactantius
2542 1283 2593 1336 in
2623 1281 2823 1336 eodem
2842 1281 3102 1352 opusculo
3123 1281 3173 1350 ί).
3210 1283 3328 1349 Quo

1754 1350 1915 1422 facto,
1945 1351 2140 1422 fugatis
2165 1353 2517 1416 daemonibus,
2548 1367 2699 1407 saera
2725 1350 2936 1407 turbata
2963 1361 3107 1407 sunt.
3139 1352 3328 1421 Trepi-

1754 1421 1954 1474 dabaut
1975 1421 2270 1490 aruspices,
2294 1437 2392 1476 nec
2421 1422 2605 1477 solitas
2627 1423 2677 1476 in
2705 1423 2846 1476 extis
2878 1432 3033 1478 notas
3055 1423 3323 1486 videbant;

1752 1500 1806 1544 et
1834 1491 1987 1560 quasi
2015 1508 2120 1545 non
2164 1491 2442 1554 litassent,
2473 1493 2669 1560 smpius
2714 1492 3080 1546 innnolabant.
3125 1492 3325 1546 Verum

1752 1560 2042 1615 identidem
2086 1570 2333 1614 mactata:
2365 1563 2552 1616 hostia:
2582 1561 2715 1615 nihil
2746 1563 3125 1626 ostendebant,
3156 1562 3327 1617 donec

1755 1631 2010 1702 magister
2035 1631 2120 1702 ille
2144 1632 2456 1702 aruspicum
2493 1632 2696 1702 Tayas,
2734 1647 2826 1686 seu
2868 1631 3206 1702 suspicione,
3233 1648 3327 1687 seu

1757 1700 1906 1763 visu,
1948 1703 2022 1755 ait
2053 1701 2253 1755 idcirco
2298 1716 2401 1754 non
2435 1700 2756 1769 respondere
2787 1700 2972 1765 sacra,
3001 1701 3141 1768 quod
3171 1701 3330 1755 rebus

1755 1770 1950 1824 divinis
1979 1771 2189 1841 profani
2215 1772 2456 1826 homines
2480 1772 2818 1825 interessent.
2849 1771 3000 1826 'l‘unc
3029 1773 3106 1825 ira
3127 1770 3328 1835 furens,

1755 1841 2066 1896 sacrificare
2103 1856 2206 1895 non
2231 1856 2323 1896 eos
2355 1850 2560 1895 tantmn
2589 1842 2677 1910 qui
2711 1841 2880 1896 sacris
2913 1841 3329 1906 ministrabant,

1753 1911 1847 1964 sed
1873 1912 2153 1966 universos
2187 1912 2276 1980 qui
2308 1920 2466 1965 erant
2504 1911 2554 1964 in
2586 1910 2782 1981 palatio
2804 1911 2997 1980 jussit;
3027 1919 3082 1966 et
3101 1911 3162 1981 fin
3194 1927 3287 1965 eos
3312 1952 3328 1975 ,

1753 1981 1797 2034 si
1839 1982 2260 2045 detrectassent,
2304 1980 2620 2036 verberibus
2653 1981 3008 2035 animadverti
3036 1998 3048 2034 :
3079 1980 3331 2048 datisque

1754 2051 1820 2104 ad
1848 2053 2162 2121 prmpositos
2192 2051 2415 2116 litteris,
2440 2051 2598 2106 etiam
2633 2050 2830 2105 milites
2857 2050 2974 2120 cogi
3001 2049 3066 2102 ad
3097 2048 3329 2121 nefanda

1756 2119 2020 2191 sacrificia
2054 2122 2347 2191 praacepit,
2391 2131 2445 2175 et
2491 2122 2583 2191 qui
2628 2137 2732 2174 non
2777 2119 3085 2190 paruissent
3137 2119 3328 2191 militia

1756 2190 2114 2246 solverentur.
2154 2211 2171 2242 ›

1759 2261 2031 2329 impellere
2051 2261 2291 2330 judiees,
2318 2271 2374 2314 ut
2402 2262 2591 2316 insano
2617 2261 2844 2330 principi
2871 2259 3336 2330 divinosrhonores

1756 2327 1856 2386 sibi
1892 2327 2182 2387 vindicanti
2215 2331 2584 2385 blandirentur
2617 2327 2682 2382 ad
2721 2327 3048 2384 smviendum
3085 2329 3138 2382 in
3171 2327 3329 2383 Chri-

1757 2401 1980 2456 stianos.
2025 2401 2161 2456 Hinc
2193 2402 2624 2470 persecutionum
2656 2400 2948 2467 primordia
2975 2399 3133 2470 jacta
3163 2407 3327 2470 sunt;

1756 2479 1812 2524 et
1838 2472 1978 2537 hmc,
2003 2481 2058 2526 ut
2083 2468 2221 2532 reor,
2240 2479 2389 2524 notat
2416 2471 2502 2526 hic
2530 2470 2689 2523 Liber
2708 2468 3037 2524 l’ontilicalis
3059 2486 3072 2521 :
3093 2468 3210 2524 istis
3239 2485 3333 2522 au-

1760 2549 1865 2596 tem
1889 2543 1955 2597 de
1983 2542 2162 2597 causis
2186 2541 2347 2595 Caius
2381 2548 2600 2595 coactus
2621 2547 2705 2596 est
2729 2539 3004 2594 secedere.

2933 803 3324 876 erseeutorum,

2930 874 3116 919 rientts
3138 903 3154 929 ,
3201 881 3325 919 cum

2247 2192 2549 2246 onsuetudo
2574 2190 2756 2258 itaque
2786 2200 2914 2246 tunc
2952 2191 3136 2258 vigens
3162 2190 3335 2258 potuit

1829 2611 1994 2667 Linea
2022 2612 2075 2666 9.
2105 2641 2172 2652 —-
2197 2609 2452 2678 Martyrio
2481 2621 2767 2663 coronatur
2786 2625 2924 2662 anno
2957 2625 3115 2678 nono.
3146 2609 3202 2662 In
3238 2622 3330 2676 ge-

1759 2691 1963 2738 storum
1994 2683 2136 2737 serie
2166 2677 2448 2735 manifeste
2484 2679 2962 2748 deprehenduntur
2988 2677 3144 2748 factae
3181 2678 3331 2730 addi-

1762 2755 1968 2812 tiones,
1997 2767 2131 2820 quas
2154 2751 2465 2820 desumptas
2488 2747 2566 2802 vel
2598 2765 2662 2804 ex
2691 2748 2982 2820 ratalogis,
3016 2747 3333 2820 vel_marty-

1760 2817 2031 2902 rologiis,
2052 2821 2140 2902 vel
2176 2821 2312 2875 actis
2347 2817 2662 2901 sanctorum
2690 2859 2704 2882 ,
2739 2817 2989 2902 catalogo
3035 2817 3192 2902 vulgo
3228 2817 3332 2898 Da-

1761 2889 1901 2947 masi
1944 2891 2272 2959 posteriores
2303 2905 2493 2945 manus
2531 2890 2830 2959 inseruere.
2865 2889 2920 2942 ln
2959 2889 3147 2959 eadem
3184 2889 3331 2959 enim

1762 2964 1903 3018 serie
1929 2957 2200 3032 gestorum
2253 2960 2451 3032 dicitur
2485 2975 2500 3013 :
2543 2977 2561 3011 ι
2625 2958 2776 3014 Sedit
2811 2973 2986 3032 annos
3036 2957 3283 3032 undecim
3317 2996 3332 3020 ,

1765 3026 1976 3087 menses
2013 3039 2264 3100 quatuor,
2308 3030 2423 3084 dies
2474 3044 2697 3100 novem;
2740 3050 2756 3080 ι
2791 3027 2986 3100 deinde
3013 3043 3086 3100 τ’(
3117 3028 3225 3100 llic
3252 3026 3336 3100 fu-

1757 3104 1907 3173 giens
1935 3097 2362 3170 persecutionem
2396 3099 2709 3154 Diocletiani
2735 3100 2786 3152 in
2812 3098 3021 3173 cryptis
3046 3097 3336 3173 habitando

1758 3165 2019 3243 martyrio
2045 3179 2337 3243 coronatur
2372 3185 2515 3223 anno
2557 3185 2783 3243 ft()l'l0._D
2811 3165 3049 3222 Tandem
3086 3165 3336 3243 martyrii

1757 3236 1975 3298 causam
2006 3242 2200 3311 repetit
2226 3248 2443 3309 pr0pter
2462 3248 2704 3311 sa_nctam
2728 3239 3029 3311 Susannam
3055 3254 3069 3290 :
3095 3236 3197 3302 Qui
3223 3246 3339 3305 post

1759 3329 1956 3367 annum
1996 3307 2337 3365 undecimum
2353 3327 2468 3363 cum
2496 3307 2787 3363 Gaviniano
2834 3309 2997 3375 fratre
3034 3322 3162 3370 suo,
3211 3321 3335 3374 pra-

1757 3393 1871 3452 ptcr
1893 3381 2060 3450 ﬁliam
2086 3378 2592 3452 Gavini__presbyteri
2604 3379 2831 3452 nomine
2851 3375 3172 3452 Susauuam,
3196 3391 3338 3452 mar-
3381 3419 3383 3421 .

1759 3445 1903 3532 tyrio
1929 3461 2233 3532 coronatur.
2266 3445 2363 3532 Ubi
2383 3445 3156 3532 .ex'variis‘actibuscolleeta:
3185 3445 3335 3499 addi.

1763 3517 1935 3574 tiones
1966 3519 2282 3587 produntur.
2308 3517 2462 3571 Prior
2484 3527 2569 3571 est
2593 3517 2794 3587 veteris
2825 3517 3073 3586 catalogi,
3109 3530 3336 3587 concor-

1761 3585 2100 3658 datque‘eum
2124 3586 2604 3658 catalogoreginze
2631 3585 2839 3658 Sue_ci-.e
2864 3585 3082 3658 editoag
3113 3585 3336 3640 Schcle-

1762 3655 1930 3714 stra'te
1973 3666 2027 3713 et
2056 3675 2084 3712 a
2111 3655 2500 3725 Papebrochio.
2533 3656 2782 3709 Secunda
2828 3655 3030 3709 additio
3054 3655 3334 3725 desumpta

1763 3731 1974 3806 videtur
1994 3743 2069 3806 ex
2112 3723 2275 3806 veteri
2303 3725 2691 3806 Itnartyrologio
2721 3726 2920 3805 regina:
2939 3765 2954 3788 ,
2980 3725 3068 3803 ubi
3096 3739 3161 3806 ex
3201 3723 3334 3806 llol-I

1763 3799 1938 3854 steuio
1976 3799 2062 3853 die
2108 3812 2179 3851 vtt
2220 3795 2336 3850 Kal.
2369 3792 2530 3850 Maias
2576 3792 2870 3864 legitur'in
2908 3793 3236 3864 ianimadver.
3269 3792 3337 3864 ad

1763 3881 1982 3949 martyr.
2024 3883 2145 3949 pag.
2171 3866 2236 3921 67
2263 3881 2278 3920 :
2317 3885 2340 3949 ε
2365 3865 2550 3947 Retine
2585 3863 2765 3946 passio
2790 3864 2848 3918 S.
2890 3863 3002 3919 Caii
3032 3878 3180 3949 papa:
3204 3903 3219 3928 ,
3248 3863 3342 3949 qui

1765 3933 2216 3995 cum'Ecclesiam
2236 3937 2481 3992 undecim
2510 3937 2685 3999 annis,
2713 3950 2924 3988 menses
2951 3941 3199 4002 quatuor,
3228 3933 3344 3988 dies

1766 4008 2048 4062 duodecim
2088 4008 2345 4072 rexisset,
2398 4005 2656 4074 martyrio
2676 4013 2964 4074 coronatur
3001 4003 3099 4058 sub
3129 4003 3343 4058 Diocle-

1769 4079 1913 4132 tiano
1944 4078 2184 4148 principe
2227 4093 2347 4148 cum
2385 4073 2593 4130 Gabino
2623 4074 2812 4148 fratre.
2854 4093 2870 4123 ι
2921 4073 3100 4148 Tertia
3141 4074 3344 4148 additio

1766 4143 2137 4203 consarcinata
2187 4147 2398 4201 videtur
2435 4160 2500 4199 ex
2549 4145 2686 4200 actis
2707 4152 2906 4199 sanctze
2951 4143 3243 4207 Susannze,
3277 4145 3344 4198 de

1767 4233 1994 4287 quorum
2045 4218 2322 4272 identiiate
2359 4216 2631 4287 disputant
2679 4214 2894 4268 eruditi.
2930 4213 3223 4287 Retinenda
3265 4224 3346 4267 ta-

1771 4283 1890 4342 men
1919 4288 2130 4343 videtur
2154 4289 2302 4344 orior
2331 4285 2538 4356 epocha
2577 4285 2860 4340 dcsumota
2896 4301 2959 4338 ex
2991 4283 3228 4352 antiquis
3252 4300 3343 4342 ea.-

86 4356 198 4410 sive
228 4357 344 4426 ipse
375 4354 704 4426 imperator,
731 4354 846 4410 sive
874 4354 1058 4426 aulici,
1086 4365 1179 4411 aut
1200 4355 1431 4423 judices,
1467 4365 1523 4410 ut
1559 4356 1656 4409 im-
1689 4357 1735 4414 D
1765 4357 1976 4424 talogis.

89 4422 320 4494 peratori
353 4422 681 4496 superbieuti
706 4465 721 4489 ,
769 4432 823 4478 et
862 4422 1130 4480 aﬂ‘eetanti
1179 4422 1388 4482 divinos
1427 4428 1658 4496 honores

88 4510 198 4550 rem
226 4495 436 4566 gratam
479 4497 751 4558 facerent,
775 4495 1034 4566 persequi
1082 4505 1362 4566 coeperunt
1397 4495 1659 4551 Christia-

89 4579 203 4630 nos,
233 4565 389 4636 qttosi
413 4567 666 4622 videbant
705 4565 962 4636 refragari
1001 4573 1056 4636 et
1085 4565 1338 4636 aul‘ugere
1361 4567 1428 4619 ab
1455 4566 1538 4619 his
1568 4581 1656 4618 sa-

90 4634 329 4690 crificiis.
361 4635 690 4690 Consuetum
725 4635 867 4688 enim
897 4645 1012 4688 erat
1045 4635 1095 4687 in
1134 4634 1282 4690 hisce
1315 4634 1468 4689 festis
1493 4636 1659 4704 impe-

91 4715 366 4776 ratorum,
395 4707 672 4776 uuiversos
694 4704 758 4776 ad
791 4704 1052 4776 sacrificia
1084 4720 1296 4776 cogere.
1325 4704 1541 4759 .Iudices
1565 4720 1660 4776 au-

94 4783 198 4828 tem
238 4773 550 4830 alfectantes
590 4774 887 4842 principum
933 4773 1176 4829 favorem
1218 4776 1554 4830 insaniebant
1604 4774 1657 4829 in

92 4844 471 4914 refragatores.
507 4841 658 4914 Unde
693 4841 750 4895 S.
781 4841 1061 4914 Marcellus
1095 4845 1360 4909 centurio,
1395 4845 1535 4914 apud
1558 4843 1661 4897 Su-

95 4913 231 4968 rium
247 4913 329 4968 ⁷50
365 4913 552 4970 Octob.
581 4913 706 4967 dum
751 4913 915 4984 adea
943 4913 1081 4984 festa
1127 4913 1664 4984 persolvenda_eoar-

97 4992 361 5052 etaretur,
389 4985 642 5039 audacter
662 4982 882 5052 restitit,
917 4983 993 5036 uti
1024 4982 1242 5050 fate—tur,
1271 4982 1619 5052 antejudices
1645 5003 1657 5038 :

100 5069 120 5124 ς
153 5050 272 5106 Jam
296 5053 383 5106 die
400 5068 476 5124 xu
507 5052 622 5124 Kal.
645 5050 1024 5124 Augustarum,
1059 5057 1274 5124 quando
1302 5050 1441 5108 diem
1466 5053 1664 5108 festum

98 5121 443 5186 imperatoris
463 5122 624 5177 vestri
641 5121 976 5200 celelil'astis,
1004 5121 1216 5200 publica
1233 5139 1361 5180 voce
1389 5124 1660 5200 respondi:

1348 5210 1372 5214 .-
1388 5209 1406 5214 ..
1419 5210 1471 5216 ..σε
1495 5207 1634 5220 ροισι...

1835 4421 2002 4482 Linea
2025 4428 2121 4481 'lz.
2151 4458 2219 4467 —
2256 4427 2474 4495 Propter
2502 4424 2668 4495 ﬁliam
2697 4421 2884 4495 Gavini
2913 4422 3213 4495 presbyteri,
3235 4439 3342 4495 rio:

1766 4498 1902 4550 mine
1948 4495 2268 4551 Susannam.
2311 4489 2370 4550 Si
2412 4489 2536 4548 vera
2580 4495 2649 4548 sit
2695 4494 2812 4548 lucc
2851 4489 3092 4564 martyrii
3133 4491 3190 4545 S.
3225 4489 3340 4564 Caii

1766 4567 2175 4621 circumstantia
2222 4568 2502 4634 desumpta
2545 4580 2612 4618 ex
2659 4565 2826 4634 actis
2857 4562 2913 4634 S_.
2950 4562 3234 4623 Sbsannte,
3267 4563 3348 4634 di-

1768 4638 1998 4692 cendum
2044 4637 2152 4690 erit
2195 4652 2223 4690 a
2273 4631 2619 4697 Maximiano,
2645 4632 2776 4687 Caio
2817 4631 3046 4694 infenso,
3089 4631 3347 4700 martyrio

1769 4715 2107 4762 coronatura.
2161 4707 2378 4762 Poterat
2414 4705 2664 4772 pontifex
2694 4703 2969 4772 suscipere
2999 4701 3059 4753 S.
3088 4699 3349 4772 Susanna:

1768 4776 2224 4840 sollicitudinem;
2270 4789 2389 4827 cum
2415 4769 2577 4828 'enim
2617 4771 2704 4825 illa
2736 4769 3094 4839 virginitatem
3125 4769 3236 4822 Deo
3261 4770 3348 4840 di-

1768 4856 1978 4920 casset,
2026 4846 2092 4920 ad
2149 4838 2440 4920 ipsumoex
2492 4843 2776 4920 episcopali
2818 4838 3354 4920 munere__spectabat

1768 4915 1886 4983 ejus
1924 4907 2688 4983 tutelam'susciperefQuo’
2721 4908 2874 4983 titulo
2915 4907 3136 4983 Pontius
3179 4914 3357 4958 tuetur

1769 4974 2003 5056 priorem
2161 4974 2417 5062 Cypriani
2472 4974 2766 5062 secessum,
2793 4981 2929 5062 inter
2943 4974 3057 5062 alia

1770 5043 1966 5109 ίηθηεῖ
2013 5070 2030 5102 ⁸
2060 5043 2227 5122 Quis
2245 5043 2535 5122 'virsiues
2575 5051 2636 5105 ad
2679 5043 3050 5122 congruentem
3099 5043 3372 5122 pudicitiae

1769 5108 2268 5199 ρἰοξριἱηαςῇξᾜι
2316 5108 2536 5199 hihi“;
2585 5108 3190 5199 sanctiiimnigtmdlg‘ntt—m.
3230 5108 3382 5161 νυιυὶ

1771 5181 1938 5247 freni’s
1985 5181 2351 5254 qui[,‘..:.t-,un
2400 5184 2670 5242 lectionis
2713 5181 2978 5238 dominicae
3031 5193 3118 5206 *ουκ
