3970 6316
128 380 164 436 1
181 379 276 434 ΞΠ

881 369 1197 428 HISTORIA
1237 369 1324 424 DE
1363 368 1540 424 vms
1576 345 1741 424 non.
1771 356 1981 425 Poma
2018 395 2090 406 -
2127 365 2185 420 s.
2226 365 2731 423 MARCELLINUS.

3267 371 3404 427 H78

123 485 475 560 praeciperet.
505 482 860 560 intelligimus
896 482 1093 560 itaque
1119 489 1392 560 .vexatft‘nn
1442 477 1608 532 fuisse
1646 476 1718 532 lo-
1746 481 1791 539 Α
1821 474 2393 560 ρωιιίιοιιεκᾳῑρίιίεἰς)
2421 475 2636 560 indutus
2664 476 2715 528 in
2744 475 2982 560 concilio
3005 490 3064 531 se
3097 477 3316 560 stiterit,
3345 490 3402 535 et

130 549 263 613 'cum
303 549 368 610 ex
400 556 550 609 Actis
582 549 943 608 divérsimode
983 549 1260 606 breviatis.
1286 549 1418 602 Cum
1450 563 1578 602 vero
1608 563 1720 602 me-

129 636 382 681 moretur
414 627 465 678 in
493 622 890 692 exemplaribus
912 621 1161 692 indicatis
1193 619 1249 673 S.
1290 618 1475 692 Petrus
1501 618 1720 692 electio-

130 712 264 749 nem
297 694 455 762 hujus
486 694 586 747 loci
627 688 952 762 p'm’cipicns,
1001 691 1114 762 sive
1137 688 1307 762 juxta
1323 688 1457 762 alios
1481 689 1717 762 codices,

129 756 445 834 pra'parnns
474 765 526 832 in
549 756 836 836 cmngeterio
869 759 1130 836 Priscilla!
1157 761 1238 812 via
1261 756 1518 836 _S_alaria;
1552 767 1606 812 et
1632 759 1720 836 ¹εἰ·

129 828 425 904 ,gnil'icetur
472 828 814 903 pwnite'nlia;
868 830 1148 904 legendum
1197 828 1451 904 arbitror,
1503 829 1718 904 quod‘et

129 898 251 973 ipse
275 904 334 958 S.
365 898 553 956 Petrus
575 898 961 973 prmparaverdt
985 898 1370 973 paenitentibus,
1398 898 1523 973 dn_m
1546 898 1721 950 trahe-

131 967 286 1027 felur
313 974 380 1025 ad
409 967 734 1025 occisioneni-
755 972 808 1024 in
859 979 1062 1039 crypta,
1101 977 1205 1021 etc.
1233 967 1510 1034 Quomodo
1538 977 1717 1020 autem

131 1052 254 1096 tum
288 1043 345 1096 S.
379 1042 590 1104 Petrus,
645 1049 753 1094 tum
806 1037 1148 1093 Marcellinus
1196 1051 1330 1106 papa
1385 1052 1720 1106 prcharave-

131 1113 252 1165 rint
282 1112 457 1166 locum
487 1109 874 1180 pmnitentihus
906 1109 957 1161 in
996 1108 1179 1161 eadem
1205 1117 1388 1180 crypta
1421 1108 1716 1180 cegmcterii

129 1182 400 1236 Priscillae
423 1177 508 1234 via
541 1181 749 1235 Salaria
775 1221 790 1244 ,
831 1179 920 1234 ubi
957 1187 1077 1247 post
1102 1177 1420 1246 martyrium
1453 1177 1720 1230 Marcelli-

131 1267 244 1306 nus
267 1251 506 1321 sepultus
535 1250 654 1310 fuit,
694 1249 804 1317 jam
833 1262 1118 1321 exponam.

214 1313 474 1390 Repetere
512 1313 740 1391 Oportet,
781 1313 1100 1391 mariyrium
1136 1315 1177 1369 Β
1238 1313 1527 1369 Marcellini
1567 1331 1719 1391 papa:

125 1387 429 1462 eontigisse
464 1387 606 1462 circa
630 1391 770 1462 diem
806 1390 872 1462 l6
902 1387 1101 1462 Ma_r_tii,
1141 1393 1196 1438 ut
1238 1401 1398 1453 supra
1425 1388 1632 1462 ostendi
1655 1387 1738 1462 in-

126 1455 316 1515 Notis'
335 1460 745 1529 chronologicis,
804 1458 1188 1529 depositionem
1245 1470 1370 1529 vero
1413 1455 1586 1529 fuisse
1634 1456 1716 1529 di-

125 1530 303 1585 latam
341 1533 528 1585 diebus
559 1525 722 1583 xiiva
751 1525 900 1594 (sive
925 1527 1086 1580 etiam
1123 1540 1265 1577 xxxx
1290 1525 1306 1593 )
1335 1525 1528 1592 quibus
1548 1526 1720 1594 jacuit

113 1599 285 1668 jussu
331 1609 733 1670 persecutorum
775 1597 1092 1667 insepultus,
1129 1605 1292 1670 ures
1315 1595 1466 1647 Actis
1491 1611 1717 1670 premo-

123 1664 291 1725 rabat
332 1664 803 1731 ’Βίιιιὶοιιιροιιι·ἰιιε,
841 1664 1066 1736 eamque
1098 1664 1446 1736 pariaricimi
1471 1666 1556 1718 die
1589 1681 1716 1718 xxvi

119 1739 334 1809 Aprilis
359 1757 460 1809 qua
479 1741 692 1793 colitur.
719 1739 918 1809 Eodem
947 1733 1088 1809 anno
1117 1734 1316 1809 Christi
1349 1733 1473 1797 504,
1510 1736 1714 1809 Pascha

119 1805 512 1864 celebrandum:
545 1819 661 1863 erat
692 1810 776 1864 die
807 1809 840 1862 9
879 1807 1098 1874 Aprilis.
1133 1805 1310 1870 Quare
1341 1819 1436 1874 per
1460 1820 1553 1858 eos
1578 1807 1712 1868 dies,

120 1879 329 1948 quibus
381 1880 720 1934 Marcellinus
763 1873 973 1948 delatus
1013 1877 1078 1929 ad
1105 1874 1358 1948 tribunal
1393 1873 1718 1948 Diocletiani

122 1944 351 2018 (utique
379 1960 498 2019 post
518 1949 786 2003 Kalendas
802 1947 998 2010 Martii,
1026 1945 1223 2019 quibus
1245 1959 1302 1997 se
1324 1944 1568 2019 primum
1584 1960 1718 2019 con-

119 2013 467 2088 Spiciciidiini
501 2021 721 2074 dederat
745 2013 1406 2088 imperator—esdiuturna
1443 2015 1716 2088 regritndi-

122 2084 198 2144 ne
221 2106 326 2143 non
351 2090 485 2144 satis
504 2084 868 2149 conﬁrmatus,
903 2095 960 2140 ut
988 2085 1332 2153 intelligimus
1355 2097 1419 2135 ex
1455 2085 1519 2137 L.
1549 2084 1714 2138 Calci-

121 2159 201 2214 lio
230 2161 294 2212 de
323 2159 582 2215 Mortibus
611 2165 1194 2229 persecutorum,teste
1218 2153 1545 2229 synchrono)
1571 2156 1717 2229 cogi-

122 2229 350 2283 tandum
376 2229 448 2283 illi
473 2224 748 2297 fuit,'qno
789 2228 904 2283 loco
955 2224 1137 2280 tutiori
1165 2233 1366 2297 posset,
1398 2225 1716 2280 adveniente

118 2299 376 2354 Paschali
397 2297 553 2366 l'esto,
577 2295 954 2353 administrare
971 2297 1036 2351 de
1059 2310 1205 2350 more
1225 2295 1551 2366 baptismum
1565 2303 1713 2366 eate-

120 2371 412 2422 clmmenis
467 2364 697 2423 intesta
751 2366 1160 2438 persecutionis.
1213 2364 1435 2438 Oblatas
1480 2364 1555 2438 illi
1613 2365 1715 2438 fuit

119 2439 361 2493 celebris
419 2439 510 2493 ille
566 2439 713 2492 locus
752 2433 832 2492 'ad
890 2436 1257 2492 cmmeterium
1324 2433 1578 2488 Priscillae
1628 2437 1712 2490 via

122 2509 362 2573 Salaria,
403 2509 494 2563 tibi
538 2509 911 2563 memorabant
947 2523 1066 2561 cum
1117 2505 1500 2560 vetustioribus
1545 2504 1710 2559 docu-

120 2579 327 2633 mentis
384 2579 745 2647 apostolorum
800 2578 1098 2648 principem
1136 2575 1503 2648 ibaptizasse,
1550 2589 1710 2648 quem

119 2649 305 2702 locum
329 2645 489 2704 etiam
519 2645 849 2719 appellarunt
874 2645 1241 2719 cmmetcrium
1273 2645 1529 2719 Ostriani.
1563 2647 1711 2719 Cele-

117 2719 263 2789 bris,
290 2720 528 2789 inquam,
553 2717 858 2772 habebatur
895 2718 1061 2789 locus,
1092 2717 1222 2789 etin
1250 2717 1711 2789 persecutionibus

115 2787 297 2858 videri
348 2785 557 2858 poterat
607 2797 720 2842 tuto
769 2788 1065 2843 adeundus.
1119 2785 1175 2858 ιιι
1205 2785 1600 2858 euim_con_stat
1644 2803 1707 2841 ex

118 2856 286 2913 Actis
337 2855 532 2915 Liberii
582 2873 752 2929 papae,
809 2873 968 2928 quem
1019 2873 1048 2910 a
1100 2855 1414 2929 Constantio
1471 2856 1711 2929 Augusto

117 2937 180 2980 et
211 2930 282 2982 ab
312 2930 525 2984 Arianis
557 2923 778 2998 perinde
803 2923 1085 2998 q'uazsitum
1117 2927 1183 2980 ad
1226 2923 1430 2998 necem,
1463 2923 1588 2998 dum
1617 2945 1710 2980 cx-

120 3007 211 3051 tra
247 2998 442 3054 Urbem
476 3016 534 3055 se
558 2996 851 3068 recepisset
883 2999 934 3051 in
962 3007 1176 3068 cryptas
1206 2996 1288 3048 via
1308 2996 1519 3068 _$alaria
1545 3014 1708 3066 appe-

121 3076 280 3122 tente
307 3069 548 3124 Paschali
583 3064 741 3132 festo,
767 3071 902 3123 Acta
929 3064 1222 3137 ostendunt
1242 3064 1464 3137 collecto
1491 3064 1709 3137 pre—shy-

122 3139 273 3192 terio
308 3140 526 3210 consilia
550 3141 782 3210 agitasse
803 3154 924 3210 cum
953 3138 1096 3191 clero
1119 3137 1186 3190 de
1215 3135 1479 3210 baptismo
1513 3135 1707 3191 ibidem

1825 544 2011 620 ansam
2035 544 2410 620 dederit‘scrjs
2436 547 2665 620 posteris
2709 546 2950 620 ejusdem
2982 556 3159 620 errata
3190 544 3400 620 etpa-

1823 616 2104 670 nitentiam
2137 615 2462 668 attribuendi
2493 615 2736 669 Romano
2769 616 3008 684 pontiﬁci
3051 615 3398 683 Marcellino;

1822 700 1888 738 an
1921 701 2107 740 revera
2133 685 2246 754 ipse
2275 684 2612 738 Marcellinus
2636 701 2768 755 papa
2788 687 2877 754 qui
2902 687 3149 741 humana:
3178 688 3407 746 inﬁrmi-

1826 756 1952 810 tatis
1975 756 2118 808 vices
2142 763 2396 823 expcrtus
2427 754 2478 808 in
2503 754 2872 822 persecutione
2919 758 3300 823 succubuerit,
3341 767 3400 815 et

1823 827 2002 879 divina
2028 825 2228 878 Christi
2255 827 2425 893 gratia
2460 826 2727 878 relevatus
2750 826 2837 888 sit,
2866 826 2992 879 dum
3037 828 3245 895 puldiea
3273 843 3404 884 eon-

1820 896 2054 950 feSsione
2091 895 2300 965 veniam
2335 896 2434 948 sibi
2476 896 2750 962 impetrari
2780 912 2806 948 a
2843 897 2950 950 Deo
2977 911 3073 965 per
3105 896 3402 952 Ecclesiam

1819 965 2055 1033 postulat
2102 964 2154 1017 in
2210 974 2552 1018 sacramento
2611 964 2986 1034 paenitentiae;
3032 981 3153 1020 cum
3195 967 3405 1023 libratis

1821 1036 2073 1102 utrinque
2108 1035 2414 1105 rationibus
2443 1035 2717 1105 asserendi
2752 1050 2815 1089 ac
2854 1036 3079 1105 negandi
3119 1037 3268 1090 card.
3295 1036 3403 1090 Ba-

1822 1105 2005 1158 ronius
2035 1104 2209 1156 valide
2243 1113 2506 1171 proponat
2527 1103 2763 1171 ejusdem
2792 1103 3106 1159 innocentia:
3133 1115 3402 1160 momenta

1818 1175 2099 1241 Augustini
2128 1175 2430 1227 testimonio
2462 1174 2700 1238 suffulta,
2736 1189 2907 1242 neque
2941 1191 2970 1226 a
3013 1174 3272 1230 Petiliano
3301 1177 3405 1231 Do-

1820 1247 2141 1298 natistarum
2168 1251 2397 1312 patrono
2427 1244 2689 1313 impetita,
2714 1245 2813 1313 nisi
2835 1244 3137 1305 calumniis,
3155 1260 3396 1300 commu-

1822 1315 1980 1368 nibus
2008 1313 2280 1373 Marcello.
2307 1312 2606 1377 Melchiadi,
2642 1329 2705 1367 ac
2729 1312 3011 1378 Silvestre,
3036 1330 3170 1382 quos
3194 1322 3406 1369 constat

1823 1383 1987 1438 fuisse
2039 1382 2106 1436 ab
2160 1384 2418 1452 imputate
2448 1383 2674 1437 crimine
2717 1383 3020 1445 immunes;
3054 1385 3243 1453 hisque
3290 1400 3406 1440 nio-

1821 1455 2018 1508 mentis
2044 1453 2318 1522 productis
2343 1454 2393 1505 in
2420 1454 2675 1516 medium,
2693 1454 2934 1507 modeste
2954 1453 3201 1508 cohibeat
3223 1463 3403 1509 tantus

1821 1523 2110 1577 cardinalis
2140 1525 2205 1576 de
2250 1524 2478 1576 veritate
2523 1522 2670 1586 facti,
2703 1538 2766 1576 ac
2795 1524 2926 1576 vitio
2974 1523 3228 1578 Actorum
3263 1526 3404 1580 l'erre

1821 1594 2143 1646 sententiam
2168 1608 2182 1656 ;
2214 1608 2318 1645 non
2342 1595 2513 1646 audeo
2537 1594 2673 1646 ultra
2699 1603 2869 1647 metas
2893 1593 2960 1645 ab
2992 1594 3106 1661 ipso
3133 1595 3401 1648 constitu-

1823 1673 1905 1717 tas
1929 1678 2238 1717 excurrere.
2267 1663 2563 1716 Contentus
2589 1678 2681 1716 ero
2730 1663 2782 1716 id
2829 1662 3108 1731 perlicere,
3145 1666 3286 1733 quod
3333 1664 3400 1718 ad

1820 1733 2052 1787 ofﬁcium
2100 1733 2470 1803 commentarii
2513 1734 2683 1787 nostri
2714 1741 2796 1803 _et
2817 1733 3251 1803 Observationum
3281 1748 3405 1803 per-

1753 1829 1794 1887 B
1825 1804 1990 1865 tinet,‘
2017 1819 2207 1884 nempe
2239 1801 2476 1887 indicare
2504 1801 2760 1871 quantula
2793 1803 2864 1855 sit
2889 1803 2970 1856 vis
2996 1802 3114 1882 ejus
3143 1801 3403 1887 vocis—aut

1821 1874 2104 1926 connnatis
2146 1873 2286 1942 quod
2332 1873 2440 1941 ipse
2475 1882 2859 1942 prwpararerat
2913 1877 3160 1942 paenitens
3198 1887 3212 1924 :
3260 1875 3402 1942 quod

1820 1941 2064 1996 forsitam
2091 1941 2488 1995 inconsiderate
2514 1941 2892 2011 transcriptum
2917 1941 2981 1995 ex
3010 1943 3116 1996 alio
3138 1941 3210 1995 ita
3232 1941 3404 1997 enun-

1820 2013 1928 2066 tian
1940 2025 1988 2067 te
2011 2015 2148 2082 quod
2177 2013 2282 2080 ipse
2312 2023 2692 2081 prmpmat‘eml
2722 2012 3082 2080 pwnilentibus
3107 2052 3122 2074 ,
3151 2014 3408 2082 occasio-

1819 2099 1937 2136 nem
1982 2081 2110 2136 dare
2136 2083 2308 2149 potuit
2355 2082 2680 2134 attribuendi
2732 2084 2958 2135 aliorqu
3007 2081 3286 2145 criminis,
3339 2097 3404 2137 ac

1816 2153 2165 2221 pmuitentiae,
2195 2162 2379 2206 nostro
2402 2152 2640 2219 pontifici
2675 2151 3002 2205 Marcellino.

1889 2223 2181 2276 Paravcrat
2217 2223 2394 2290 igitur,
2436 2222 2668 2275 instante
2702 2221 2948 2277 Paschali
2988 2221 3148 2284 festo.
3181 2221 3404 2276 Marcel-

1816 2291 1956 2346 linus
1986 2307 2119 2363 papa
2147 2293 2249 2345 hoc
2277 2293 2667 2355 carnieterium,
2693 2293 2907 2346 celebre
2933 2293 3072 2363 apud
3121 2292 3304 2363 lideles
3329 2307 3398 2346 ex

1815 2361 2116 2431 baptismo,
2171 2378 2199 2415 a
2232 2363 2472 2431 principe
2511 2363 2876 2430 apostolorum
2915 2361 3158 2431 pluribus
3206 2361 3402 2415 ibidem

1817 2429 2366 2495 administrate,dum
2400 2429 2594 2500 hospes
2623 2432 2882 2486 Pudentis
2918 2429 2991 2486 iac
3029 2429 3290 2485 Priscilla:
3343 2434 3398 2486 in

1816 2503 1932 2570 ejus
1959 2518 2087 2573 agro
2119 2503 2448 2561 suburbano.
2499 2503 2722 2570 perinde
2761 2517 2825 2556 ac
2848 2503 2988 2554 domi
3034 2502 3172 2554 intra
3207 2501 3402 2556 lii-ben:

1815 2575 1881 2627 ad
1915 2573 2210 2642 Exquilias,
2241 2587 2337 2642 pro
2369 2581 2666 2640 temporum
2689 2573 3090 2641 opportunitate
3118 2573 3396 2626 conversis

1816 2645 1881 2696 ad
1935 2645 2090 2698 iidem
2144 2643 2376 2696 salutare
2429 2643 2624 2696 Christi
2675 2643 2944 2696 lavacrum
2995 2643 3315 2710 aperiebat:
3349 2652 3402 2696 et

1814 2724 2025 2768 mature
2051 2712 2274 2784 collecto
2303 2713 2657 2784 presbyterio,
2692 2711 2940 2768 fortassis
2980 2713 3142 2765 etiam
3173 2713 3403 2784 concilio

1814 2785 2199 2852 proximiorum
2219 2783 2348 2838 Urbi
2366 2783 2759 2852 episcoporum,
2777 2797 3010 2837 canones
3023 2783 3405 2850 pra-scribebat

1815 2855 2142 2924 piriiitentia:
2193 2853 2353 2922 lapsis
2385 2853 2485 2924 ad
2518 2853 2771 2907 Ecclesia:
2816 2865 3004 2924 pacem
3057 2853 3404 2924 admittendis

1807 2921 1978 2996 juxta,
2002 2921 2331 2996 singulorum
2379 2923 2730 2996 indigentiam
2763 2924 2815 2976 in
2841 2923 3086 2991 proximo
3116 2922 3252 2975 festo
3272 2921 3401 2996 ,_Pa-

1815 2993 2007 3052 Schali.
2036 2995 2169 3048 Dum
2197 2996 2310 3048 haec
2340 2993 2577 3063 pararet,
2610 2994 2858 3047 inventus
2891 3007 2920 3045 a
2971 2993 3404 3063 persecutoribus

1811 3065 2127 3137 producitur
2153 3066 2220 3119 ad
2252 3062 2482 3118 tribunal
2526 3063 2859 3137 Diocletiani,
2884 3071 2940 3137 et
2978 3062 3404 3137 ultiino_suppli-

1813 3132 1896 3191 cio
1912 3136 2159 3189 addictus
2175 3144 2401 3188 mortem
2424 3149 2522 3204 pro
2537 3135 2751 3188 Christo
2774 3132 3224 3204 fortiterpatitur,
3253 3136 3399 3186 circa

123 3195 686 3274 administrandorita
718 3207 1031 3263 consulente
1071 3195 1431 3277 praeﬁcaiiteris
1459 3207 1707 3272 Damaso,
1739 3195 1781 3254 C
1817 3209 1956 3277 diem
1996 3206 2056 3259 l6
2085 3206 2166 3258 vel
2193 3205 2259 3259 l9
2283 3195 2456 3277 Martii
2485 3245 2498 3267 ,
2533 3219 2652 3259 cum
2685 3204 2880 3277 sociis,
2919 3219 2946 3255 a
2988 3195 3404 3256 Bibliotliccario

125 3285 265 3350 tunc
308 3283 622 3350 presbytero
672 3288 726 3334 et
774 3279 974 3350 vicario
1023 3276 1244 3350 Liberii.
1289 3276 1498 3350 Locum
1535 3289 1714 3332 autem

124 3345 484 3419 ita_aniplurn
523 3351 575 3404 in
617 3365 678 3404 ea
711 3356 893 3419 crypta
924 3346 1159 3403 Ostriani
1204 3345 1500 3419 cremeterii
1531 3350 1717 3419 (parte

125 3414 350 3474 scilicet
395 3420 688 3474 cmmeterii
738 3414 1015 3480 P'riscilla‘,
1071 3425 1128 3470 ut
1179 3417 1362 3470 videre
1412 3414 1716 3486 licet—apud

123 3487 449 3558 Aringhium
483 3489 665 3544 Roma:
718 3489 950 3542 subterr.
985 3486 1324 3558 tomoAll,lih.
1355 3502 1429 3549 iv,
1458 3504 1576 3558 cap.
1618 3488 1714 3558 51)

126 3566 185 3612 et
217 3555 467 3628 capacem
499 3559 870 3614 concurrentis
904 3558 1072 3628 turba:
1119 3555 1387 3628 ﬁdelium,
1425 3568 1481 3612 ut
1525 3555 1714 3610 iisdem

125 3629 183 3682 in
215 3626 359 3682 Actis
381 3630 577 3683 Liherii
609 3629 845 3698 quinque
875 3627 1147 3698 hominum
1175 3626 1338 3678 millia
1377 3626 1572 3682 ibidem
1589 3627 1718 3698 bap-

125 3699 296 3752 tizata
349 3699 513 3754 fuisse
553 3697 659 3752 uno
691 3701 742 3752 in
792 3697 1052 3752 Pascbate
1091 3697 1354 3750 dicantur.
1398 3698 1526 3751 Erat
1554 3697 1715 3750 etiam

125 3784 300 3822 causa
345 3769 651 3823 Marcellino
689 3766 989 3822 destinandi
1037 3763 1296 3832 ejusmodi
1343 3767 1516 3822 locum
1558 3783 1719 3835 capa-

124 3854 254 3892 cem
292 3840 360 3894 ad
399 3839 828 3908 congregandum
865 3837 1280 3908 presbyterium,
1314 3837 1425 3892 sive
1452 3839 1612 3892 etiam
1651 3837 1718 3908 ad

125 3909 397 3980 synodum
448 3907 822 3978 episebporum
866 3907 1222 3974 colligendam
1259 3921 1294 3980 e
1317 3909 1578 3975 proximis
1615 3907 1719 3961 sal-

129 3976 248 4033 tem
286 3976 562 4042 Ecelesiis,
591 3976 646 4032 ut
675 3980 739 4032 de
768 3981 1034 4031 communi
1067 3976 1333 4030 sententia
1365 3988 1712 4042 statueretur,

127 4048 270 4117 quid
295 4059 439 4104 esset
485 4050 537 4103 in
585 4049 830 4118 proximo
860 4047 1120 4118 Paschate
1166 4051 1530 4116 peragendum
1573 4049 1715 4102 circa

128 4119 505 4187 pwnilentiam
534 4117 695 4188 lapsis
731 4117 1206 4188 administrandam
1235 4133 1330 4186 per
1356 4121 1572 4174 eosdem
1603 4120 1717 4173 dies

129 4190 358 4258 majoris
405 4187 776 4252 hebdoiuadw,
831 4187 896 4242 de
951 4195 1103 4258 more
1141 4190 1436 4243 destinatos
1480 4200 1589 4243 tum
1649 4190 1716 4242 ad

130 4256 461 4327 baptismum
492 4258 896 4314 catechumenis
935 4256 1339 4321 conferendum,
1374 4269 1482 4313 tum
1515 4259 1582 4312 ad
1622 4274 1718 4328 pu-

132 4327 305 4384 blicos
362 4331 684 4399 paenitentcs
736 4328 1184 4399 reconciliandos,
1249 4344 1449 4398 eosque
1503 4329 1555 4383 in
1602 4327 1716 4397 pri-

133 4401 264 4470 mis,
296 4398 386 4470 qui
436 4409 823 4470 tormentorum
851 4398 922 4460 vi,
964 4406 1222 4470 aut_i_nctu
1270 4399 1480 4466 perciti,
1529 4415 1556 4451 a
1592 4400 1717 4470 lidci

131 4467 459 4538 Christianae
505 4469 650 4524 cultu
701 4468 1031 4522 defecerant.
1067 4467 1179 4522 Hoc
1209 4485 1400 4538 nempe
1432 4469 1716 4523 concilium

1817 3288 1872 3332 et
1895 3276 1962 3329 ab
1987 3285 2207 3330 auctore
2221 3275 2458 3344 Catalogi
2484 3274 2814 3328 memoratis.
2842 3274 3398 3344 Corporamartyrum

1818 3364 1938 3402 cum
1965 3346 2263 3415 jacuissent
2291 3341 2528 3412 exjussu
2575 3344 2868 3415 principis
2893 3341 3406 3415 inScpultainloro

1818 3420 1884 3472 ad
1913 3411 2217 3485 exemplum
2241 3411 2670 3485 Christianorum
2698 3411 2794 3483 per
2822 3413 2936 3485 dies
2957 3411 3403 3485 56velfi’0,intra

1817 3503 1952 3558 quos
1990 3482 2214 3556 contigit
2238 3486 2511 3558 abdicatio
2544 3482 2856 3538 Diocletiani
2882 3483 2999 3536 Kal.
3024 3482 3244 3558 Aprilis,
3271 3498 3398 3558 mox

1818 3552 1978 3612 etiam
2015 3552 2260 3610 recessus
2307 3559 2373 3609 ab
2423 3555 2600 3618 Urbe,
2654 3564 3001 3622 posteaquam
3039 3553 3154 3621 ejus
3199 3552 3404 3622 collega

1819 3627 2172 3680 Maximianus
2203 3624 2496 3679 Herculeus
2519 3625 2604 3677 die
2624 3624 2869 3677 Paliliqu
2892 3625 2952 3676 2|
2986 3624 3224 3692 ejusdem
3250 3640 3404 3676 men-

1818 3699 1893 3750 sis
1939 3696 2138 3766 Aprilis
2195 3696 2418 3766 imperio
2475 3694 2724 3766 similiter
2781 3703 3064 3757 cesserat;
3117 3694 3406 3766 pra-iectus

1821 3767 1947 3823 Urbi
1982 3763 2211 3834 novique
2243 3765 2512 3834 principes
2542 3763 2737 3817 ominis
2761 3778 2924 3834 causa
2959 3763 3174 3831 purgari
3224 3763 3399 3834 fartim

1818 3839 1903 3892 die
1931 3836 2088 3890 natali
2122 3832 2278 3890 Urbis
2309 3845 2362 3888 et
2382 3835 2587 3904 imperii
2611 3833 2693 3887 sui
2718 3849 2823 3887 non
2851 3832 3407 3904 illibcnter_accipien-

1820 3918 1921 3971 tes,
1944 3915 2000 3960 ut
2027 3921 2124 3976 par
2145 3915 2229 3959 est
2251 3902 2492 3965 credere,
2529 3904 2690 3976 tacite
2719 3905 3083 3976 permiserunt
3122 3902 3397 3976 Marcello,

1817 3987 1876 4031 ut
1906 3974 2158 4046 reliquias
2188 3992 2445 4029 czcsorum
2479 3974 2773 4044 colligeret,
2803 3982 2857 4027 et
2907 3975 3042 4028 intra
3094 3975 3404 4026 arcnarium

1817 4051 2072 4103 conderet
2105 4047 2155 4099 in
2187 4046 2500 4100 eteineterio
2527 4046 2803 4110 Priscillae,
2855 4054 2945 4097 aut
2974 4052 3122 4097 certe
3167 4059 3272 4097 non
3310 4059 3393 4099 ve-

1819 4127 2055 4173 tuerunt.
2092 4117 2239 4170 Ilanc
2265 4118 2459 4170 seriem
2493 4124 2764 4185 gestorum
2796 4130 2863 4170 ex
2900 4114 3128 4166 indicata
3165 4113 3261 4168 loci
3309 4114 3404 4167 de-

1817 4191 2140 4260 signatione,
2168 4197 2222 4241 et
2262 4187 2408 4240 Petri
2453 4184 2672 4260 nomine
2710 4186 2765 4260 in
2823 4184 3090 4260 aliquibus
3121 4185 3405 4260 codicibus

1818 4254 2136 4320 ineinorato,
2172 4272 2269 4311 nec
2299 4273 2402 4311 non
2426 4271 2490 4310 ex
2524 4255 2798 4310 Paschalis
2822 4254 2944 4308 festi
2971 4254 3190 4317 vicinia,
3223 4263 3277 4308 et
3304 4269 3401 4305 vc-

1821 4332 1949 4385 teris
1995 4327 2248 4383 Ecclesiae
2292 4327 2572 4396 disciplina
2598 4326 2697 4380 sub
2743 4324 2996 4396 Cornelio
3039 4333 3285 4396 recentcr
3317 4325 3408 4376 tir-

1818 4410 1962 4455 mata
1987 4400 2272 4454 occasione
2326 4393 2670 4452 dissidiorum
2707 4411 2830 4450 cum
2876 4395 3116 4448 Ecclesia
3151 4393 3403 4447 Africana

1821 4474 1886 4525 de
1913 4470 2098 4540 lapsis,
2119 4468 2378 4540 videmur
2415 4481 2572 4540 posse
2604 4468 2787 4540 tutius
2818 4465 3100 4535 colligere,
3143 4473 3402 4534 quantum

134 4536 238 4592 fuit
286 4540 385 4609 (ex
411 4539 726 4612 peritiorum
768 4540 1032 4612 sententia
1049 4539 1150 4612 )__i_n
1181 4536 1364 4612 crypta
1406 4540 1711 4612 collectum,
1748 4545 1793 4604 Ι)
1819 4536 2090 4612 conjicere
2119 4539 2243 4612 licet
2270 4555 2336 4592 ex
2358 4536 2574 4612 ρυιιοὶδο
2602 4537 3085 4612 indicio_act_ori_1m
3117 4550 3216 4612 per
3259 4543 3406 4589 cata-

131 4607 503 4678 prmse'nte’ac
535 4610 850 4679 praesidente
887 4607 1194 4679 Marcellino
1224 4607 1466 4662 Romano
1502 4610 1716 4678 pontiﬁ-

134 4694 198 4732 ce
222 4695 238 4743 ;
271 4695 374 4734 non
398 4678 612 4748 quidem
637 4680 688 4732 in
709 4688 892 4748 crypta
920 4678 1292 4748 CleOpatriensi
1322 4680 1458 4748 apud
1498 4680 1721 4733 Sinves-

135 4764 251 4801 sani
284 4751 366 4819 (ut
393 4751 556 4819 aliqui
584 4749 883 4819 autumant)
913 4757 1160 4820 vetustati
1191 4750 1401 4818 penitus
1429 4751 1628 4820 ignota,
1665 4761 1719 4805 et

141 4835 251 4886 quo
274 4820 530 4874 accedere
564 4828 618 4874 et
639 4835 968 4890 congregare
997 4819 1287 4884 ducentos,
1310 4830 1403 4874 aut
1439 4819 1717 4876 trecentos

138 4891 422 4959 episcopos
452 4892 589 4945 intra
620 4892 733 4943 dies
763 4905 828 4942 xv
848 4889 945 4944 ille
983 4907 1088 4944 non
1117 4899 1327 4960 poterat
1351 4891 1403 4945 in
1431 4901 1563 4945 aastu
1598 4906 1719 4960 per-

137 4961 472 5016 secutionis.
529 4970 587 5014 ut
643 4961 877 5031 prudens
939 4961 1166 5031 quisque
1217 4960 1371 5015 facile
1423 4962 1716 5031 intelligit;

138 5045 316 5101 neque
376 5031 708 5101 paenitentia:
745 5046 905 5085 causa
953 5031 1304 5099 suscipienda:
1337 5047 1366 5084 a
1416 5032 1722 5086 Marcellino

140 5099 449 5172 iiiiiocente,
478 5113 532 5156 et
561 5104 627 5156 ab
657 5102 947 5171 impietatis
968 5101 1192 5172 crimine
1235 5101 1392 5172 longe
1423 5104 1625 5172 alieno,
1664 5112 1723 5156 ut

143 5167 203 5241 ξ.
232 5169 568 5241 Augustinus
589 5188 617 5224 a
645 5167 793 5226 card.
833 5172 1058 5226 Baronio
1102 5171 1303 5226 relatus
1331 5167 1546 5238 inonet;
1595 5171 1721 5226 Vide

137 5237 347 5294 Baron:
392 5243 462 5295 ad
501 5253 696 5295 annum
735 5242 872 5313 502,
924 5258 1066 5295 num.
1109 5240 1229 5313 967;
1257 5243 1348 5296 sed
1395 5237 1722 5313 pmnitcntize

142 5325 306 5383 causa
336 5326 399 5366 ex
430 5313 685 5367 Ecclesia:
713 5311 1158 5383 indulgentinper
1185 5311 1551 5368 Marcellinum
1582 5330 1716 5383 pon-

146 5381 343 5454 tiﬁcem
367 5384 833 5454 administrantur},
851 5381 902 5435 et
933 5397 996 5454 cx
1029 5381 1308 5451 disciplina
1328 5425 1342 5447 ,
1384 5400 1558 5454 nuper
1585 5381 1718 5438 con-

146 5447 357 5528 ﬁrmata
387 5454 486 5507 sub
505 5452 776 5528 Cornelio,
822 5452 987 5521 lapsis
1023 5463 1129 5528 tam
1161 5447 1344 5528 laicis,
1379 5447 1536 5522 quam
1565 5454 1722 5508 cleri-

144 5521 254 5593 cis,
276 5521 384 5575 imo
413 5533 467 5578 et
491 5523 862 5578 sacerdotibus
903 5531 958 5577 et
985 5523 1251 5592 episcopis
1275 5565 1287 5585 ,
1322 5521 1550 5593 quarum
1587 5540 1724 5578 non-

148 5591 322 5646 nullos
349 5593 402 5645 in
430 5595 650 5647 immani
675 5594 761 5647 illa
802 5591 1175 5662 persecutione
1216 5591 1588 5657 thurilicasse,
1630 5604 1723 5648 aut

148 5674 328 5717 Sacr-os
357 5665 570 5719 codices
597 5666 879 5719 tradidisse
903 5673 1114 5720 constat
1135 5679 1200 5717 ex
1217 5664 1416 5719 Caecilii
1435 5666 1722 5728 Lactantii,

149 5730 483 5810 aliorumque
506 5735 825 5810 scriptorum
879 5735 1205 5810 testimonio.
1240 5735 1493 5810 Fueritue
1528 5735 1724 5810 aliquis

151 5805 286 5858 inter
314 5805 410 5859 hos
438 5805 651 5861 nomine
700 5805 1072 5872 Marcellinus,
1109 5807 1198 5875 qui
1246 5807 1464 5860 admissi
1506 5807 1725 5860 sceleris

1821 4605 1970 4684 logos
1997 4611 2391 4684 breviatorurn.
2427 4608 2618 4684 llostes
2646 4623 2773 4661 vero
2814 4607 3068 4684 Ecclesia:
3113 4605 3368 4684 Romamn
3387 4645 3402 4669 ,

1821 4675 2121 4753 praesertim
2157 4681 2214 4743 ii,
2247 4680 2335 4749 qui
2353 4680 2765 4753 Donatistarum
2817 4678 3006 4730 haeresi
3037 4675 3402 4753 patrocinium

1823 4745 2319 4820 aCanuodarunt,
2345 4750 2541 4802 frustra
2583 4748 2782 4820 conati
2805 4755 2930 4820 sunt
2968 4745 3291 4820 calumniam
3323 4745 3404 4820 ιιι-

1825 4815 2031 4878 tentare
2075 4821 2486 4876 thurilicatiouis
2512 4835 2575 4872 ac
2609 4817 2911 4872 traditionis
2941 4816 3139 4870 nostris
3179 4815 3401 4868 sanctis-

1824 4895 1974 4948 simis
2012 4891 2354 4963 pontilicihus
2400 4888 2716 4963 Marcellino
2736 4929 2749 4952 ,
2785 4887 3066 4951 Marcello,
3101 4885 3401 4949 Melchiadi,

1823 4959 2108 5027 Silvestre,
2157 4971 2290 5017 teste
2320 4962 2638 5030 Augustino.
2678 4959 2823 5030 Cum
2847 4973 2971 5030 vero
3015 4973 3111 5030 per
3151 4965 3403 5026 quartum

1823 5045 1879 5089 et
1924 5035 2170 5104 quintum
2216 5029 2466 5087 szcculuin
2509 5029 3182 5104 accusatoribusinesisset
3220 5041 3356 5095 aqua
3385 5065 3400 5090 ,

1824 5099 1996 5175 neque
2022 5103 2360 5175 calumniam
2376 5109 2774 5175 promoverent,
2803 5101 2869 5175 ab
2915 5099 3214 5175 Augustino
3238 5137 3252 5160 ,
3295 5106 3347 5149 et
3374 5112 3402 5150 a

1823 5170 2032 5246 publica
2058 5173 2310 5246 Ecclesia:
2338 5171 2478 5226 fama
2505 5171 2637 5246 satis
2665 5170 2962 5246 depulsam,
2985 5173 3156 5222 visum
3178 5177 3404 5246 est_po_s_t

1822 5238 2050 5301 alterum
2115 5243 2368 5299 saeculum
2447 5238 2842 5295 transformatis
2893 5249 3136 5293 actorum
3211 5238 3405 5292 tabulis

1823 5315 2190 5370 Marcellinum
2248 5314 2505 5368 exhibere
2567 5312 2772 5380 lapsum
2831 5327 2896 5365 ac
2948 5309 3297 5380 pmniteutem
3350 5308 3406 5360 in

1823 5387 2050 5442 concilio
2077 5387 2428 5440 ducentorum
2455 5391 2546 5436 aut
2593 5379 2964 5435 trecentorum
3004 5379 3398 5448 episc0porum,

1823 5473 1959 5525 quos
1987 5459 2126 5510 intra
2160 5470 2359 5525 paucos
2387 5456 2502 5508 dies
2532 5469 2560 5506 a
2613 5451 2888 5525 Kalendis
2910 5447 3084 5525 Martii
3109 5447 3239 5525 ante
3281 5447 3408 5525 ldus

1825 5519 2064 5593 ejusdem
2106 5519 2308 5580 Iliensis
2340 5525 2390 5578 in
2427 5523 2801 5595 persecutione
2849 5520 3103 5576 Ecclesia:
3149 5519 3408 5595 citissiiuc

1825 5587 2183 5667 congregasse
2237 5587 2727 5667 dicendiis__csset;
2776 5607 2898 5646 cum
2941 5599 3116 5667 tamen
3166 5589 3268 5667 5:18
3299 5587 3410 5667 Pa-

1830 5657 2178 5737 tresviuvpaec
2210 5667 2460 5721 Ecclesiae
2483 5664 2685 5737 Nicmac
2708 5657 3078 5737 convenerint
3102 5661 3268 5737 multo
3299 5657 3411 5709 len-

1827 5741 1950 5803 tius,
1979 5731 2104 5792 licet
2156 5739 2312 5806 equis
2348 5733 2986 5806 publiceidispositisaiti
3033 5731 3235 5806 eisdem
3284 5740 3409 5796 per-

1828 5799 2066 5864 mitteret
2093 5799 2406 5880 imperato'r,
2427 5805 2654 5862 Eusebio
2678 5799 2812 5859 teste
2834 5803 2927 5859 lib.
2953 5816 3013 5856 ιιι
3043 5801 3106 5855 de
3120 5799 3236 5854 Vita
3261 5812 3406 5850 cons.
