3970 6316
146 360 281 415 “8!

901 355 1218 416 HISTORIA
1258 354 1347 412 DE
1385 351 1564 411 VITIS
1602 348 1765 409 ROM.
1806 345 2009 405 PONT.
2052 373 2119 385 -ο
2159 340 2217 399 S.
2259 338 2691 399 MARCELLUS.

3274 335 3417 392 “82

148 477 383 536 nominis
415 473 706 547 peculiaris
727 483 813 547 est
842 470 998 547 abiis
1029 485 1145 539 qure
1167 470 1435 547 pertinent
1466 468 1529 520 ad
1556 464 1728 535 publi-
1757 468 1801 526 A
1832 462 2037 547 §ioncm
2067 473 2161 547 pf?"
2188 466 2368 547 ﬁcium
2395 454 2734 547 i90!013"im;
2769 451 3169 547 Sﬁdpunquﬁm
3202 453 3417 547 άῖοεῑυς

147 565 272 605 cum
303 538 517 610 munus,
554 561 673 599 cum
712 542 1006 612 Augustino
1033 538 1579 612 contra_Pet_iliai_mm
1602 550 1723 612 cap.

148 622 217 674 lli
247 620 319 673 ita
350 606 620 671 scribente
646 633 656 667 :
693 632 709 663 ι
746 606 969 666 Prorsus
995 610 1178 678 quales
1224 610 1442 678 fuerint
1462 606 1724 678 Marcelli-

146 705 272 751 nus,
307 685 606 748 Marcellus,
662 682 940 742 Silvester.
1000 676 1341 751 Melcliiades,
1396 676 1724 751 Mensurius,

145 747 484 817 Caecilianus,
512 747 672 824 atqiie
703 753 814 815 alii,
846 751 1040 824 quibus
1085 749 1344 824 objiciunt
1392 747 1727 824 (“enatis-tm)

146 845 248 897 pro
267 843 362 881 sua
395 816 700 897 defensione
725 816 877 891 quod
900 820 1103 897 volunt,
1130 820 1261 873 nihil
1294 816 1728 897 priejtnlicatﬁc-

146 884 328 953 'clesia:
353 896 651 954 catholicae,
681 884 793 946 toto
839 893 971 946 orbe
1026 884 1541 944 terrarum'dill‘usze.
1574 884 1729 939 Nullo

146 970 309 1023 modo
354 982 538 1019 eorum
594 962 896 1017 innocentia
943 976 1269 1015 coronamur
1307 977 1319 1012 :
1378 957 1524 1012 nullo
1573 955 1731 1008 modo

143 1054 336 1091 eorum
365 1036 644 1104 iniquitate
671 1034 1008 1085 damnamur.
1037 1031 1091 1084 Si
1120 1029 1243 1084 boui
1268 1028 1484 1104 fuerint,
1510 1027 1563 1078 in
1592 1040 1732 1104 area;

145 1107 431 1162 catholiczc
458 1094 658 1158 tritura
702 1112 955 1170 tanquam
997 1116 1161 1170 grana
1215 1098 1457 1152 mundati
1486 1106 1647 1150 sunt:
1686 1094 1730 1170 si

147 1177 275 1233 mali
304 1176 522 1239 fuerint,
572 1175 625 1227 in
654 1188 793 1227 areae
816 1165 1094 1226 catholica:
1120 1170 1312 1224 tritura
1345 1179 1598 1237 tanquam
1638 1165 1733 1219 sti-

1831 524 2200 599 interpositam
2230 527 2297 580 ab
2331 541 2396 580 eo
2420 525 2585 599 fuisse
2614 524 2994 599 auctoritatem
3019 524 3163 599 sedis
3186 539 3316 599 sum,
3342 527 3412 580 ad

1830 594 2208 655 stabiliendum
2258 608 2350 651 aut
2401 594 2805 665 approbantium
2864 595 3062 665 cultum
3114 594 3407 662 idolorum;

1833 681 1923 725 aut
1970 672 2142 739 ipsum
2178 669 2229 721 in
2263 663 2576 739 particulari
2618 665 2931 739 lncreticuui
2976 663 3411 739 luissetautdm

1830 733 2011 796 cuissé
2032 733 2301 807 quidpiam
2328 749 2515 791 contra
2547 737 2795 805 dogmata
2837 733 3129 807 religionis.
3159 734 3412 800 Quinimo

1832 812 1921 880 qui
1968 803 2176 878 lapsum
2198 816 2475 880 asserunt,
2515 803 2764 880 asserunt
2797 820 3011 880 quoque
3042 803 3273 880 celerem
3300 818 3418 873 pcn-

1832 873 2136 935 tiitentiam.
2186 877 2313 930 Post
2360 892 2553 945 paucos
2600 876 2710 928 dies
2740 873 3039 944 paenitentia
3071 873 3279 945 ductus,
3304 884 3414 930 etc.

1836 952 1934 1018 Qui
1960 966 1990 1003 a
2018 948 2266 1003 Patribus
2290 944 2501 1001 concilii
2552 944 2861 1018 Sinvessani
2892 944 3150 1018 damnari
3182 958 3418 1018 nonpo-

1837 960 1934 1018 Qui
1960 966 1990 1003 a
2018 960 2266 1003 rati-mus
2290 960 2501 1001 concnn
2552 960 2861 999 amvessam
2904 960 3150 997 uanmari
3182 960 3287 997 non
3359 960 3417 997 o-

1837 1021 2001 1076 tuisse
2027 1026 2271 1078 narrant.
2305 1024 2526 1070 narrant
2560 1032 2589 1069 a
2620 1030 2679 1070 se
2722 1017 2836 1085 ipso
2873 1015 3187 1069 damnatum
3233 1031 3245 1067 :
3293 960 3417 1068 [son

1832 1091 2122 1160 possum'in
2150 1087 2332 1160 ordine
2374 1087 2700 1160 sacerdotum
2748 1102 2878 1139 esse.
2993 1085 3294 1160 Damnatam
3322 1099 3421 1160 au;

1835 1151 1935 1214 tem
1978 1171 2025 1213 et
2069 1156 2410 1212 Marcellinus
2456 1157 2724 1224 episcopus
2770 1172 2865 1210 suo
2900 1154 3126 1224 judicio.
3180 1151 3416 1222 (Concil.

1836 1231 2063 1285 Sinuess.
2097 1229 2151 1282 in
2176 1227 2329 1297 line.)
2361 1228 2662 1282 Coronatus
2712 1226 2941 1281 subinde
2991 1226 3092 1279 fuit
3135 1224 3417 1297 martyrio,

1872 1303 1926 1355 ui
1973 1304 2097 1353 dum
2140 1293 2369 1368 pergeret
2420 1299 2489 1351 ad
2546 1298 2839 1366 passionem
2903 1312 3053 1368 suam
3082 1336 3112 1368 ,_
3154 1293 3421 1368 adjnravit

1836 1320 1926 1424 Ζὶιι
1973 1320 2097 1353 (tum
2140 1320 2367 1368 pergeret
2420 1320 2488 1351 aa
2546 1320 2839 1366 passwnem
2903 1320 3095 1357 suum,
3154 1320 3419 1363 ιιυμυυινη

1842 1442 1851 1445 Α
1896 1371 2155 1445 ar_rellum_
2168 1370 2546 1445 presbyterum,
2572 1377 2625 1445 ut
2660 1377 2916 1445 pra'cepla
2968 1364 3280 1443 Diocletiani
3315 1378 3422 1442 non

1833 1430 2224 1510 impleretalit
2256 1430 2476 1510 sanctus
2511 1430 2738 1510 eolitur,
2793 1430 3015 1503 ejusque
3061 1433 3319 1510 memoria
3363 1430 3421 1486 in

1835 1503 1999 1564 veteri
2031 1508 2348 1562 Calendario
2372 1509 2687 1578 consignata
2725 1515 2830 1573 est,
2869 1517 3032 1576 atque
3080 1506 3132 1560 in
3158 1503 3422 1574 Martyro-

1834 1581 1992 1652 logiis
2014 1579 2275 1636 Ecclesia:
2296 1578 2572 1633 Roman-.e.

143 1248 271 1317 pula
301 1246 611 1317 comminuti
632 1252 782 1317 sunt.
797 1262 834 1317 _s

222 1317 297 1370 ιω
352 1314 641 1369 Marcellini
705 1313 869 1373 actio,
919 1310 1010 1381 qui
1065 1307 1320 1363 violentia
1379 1316 1729 1381 tyrannorum

145 1388 397 1447 adactus,
427 1395 476 1437 et
509 1383 787 1455 perculsus
808 1376 1229 1455 timore__tnorti_s_
1253 1393 1315 1433 ac
1344 1376 1611 1455 supplicii,
1635 1376 1735 1455 pb-

150 1456 340 1509 tulisse
369 1446 566 1509 dicitur
607 1455 882 1506 incensum
910 1451 1086 1512 idolis,
1118 1449 1316 1503 nullam
1365 1450 1538 1502 labem
1572 1446 1735 1499 infert

145 1524 487 1587 auctoritati,
546 1540 610 1579 ac
654 1523 865 1591 jnribus
910 1530 1113 1574 sanare
1162 1520 1323 1574 sedis.
1378 1518 1445 1591 Ut
1473 1518 1734 1591 bomo_est

144 1586 517 1667 particularis,
541 1596 629 1665 qui
654 1586 865 1649 crimen
891 1592 1131 1645 admittit
1157 1598 1342 1644 contra
1367 1588 1489 1643 lidei
1517 1586 1732 1641 confes-

171 1817 3424 1866 MM

1058 2004 1332 2083 XXXI.
1396 2002 1855 2084 SANCTUS
1918 2002 2549 2083 MARCELLUS.

995 2226 1165 2273 anno
1209 2227 1457 2271 cuuisrt
1501 2207 1640 2283 30h,
1686 2188 2057 2268 «sensuum
2105 2223 2182 2267 ετ
2223 2222 2475 2269 ελιειιιι
2524 2206 2620 2266 10.

402 2600 499 2675 3]
664 2591 931 2655 arcellus
969 2635 986 2666 ,
1066 2592 1321 2654 natione
1408 2590 1775 2666 Romanus,
1870 2609 1949 2652 ea:
2031 2596 2218 2671 patre
2310 2590 2703 2665 Benedicto,
2793 2591 2873 2655 de
2958 2592 3223 2671 regione
3307 2593 3430 2658 Via

324 2702 474 2775 lata,
530 2699 698 2763 sedit
746 2715 949 2761 annos
1004 2698 1318 2779 quinque,
1372 2714 1627 2783 menses
1674 2713 1814 2769 sex,
1852 2697 1993 2759 dies
2027 2696 2250 2775 viginti
2292 2715 2516 2759 unum.
2577 2698 2731 2757 Fuit
2777 2704 2990 2760 autem
3047 2698 3429 2778 temporibus

325 2804 681 2869 Constantii
739 2809 800 2864 et
858 2801 1092 2863 Galerii
1158 2806 1218 2862 et
1279 2799 1617 2873 Maxentii,
1684 2819 1713 2861 e
1779 2800 2110 2861 consulatu
2193 2801 2507 2863 Maxentii
2579 2810 2803 2882 quarto
2868 2811 2922 2864 et
2990 2804 3263 2865 Maximi
3324 2822 3433 2868 us-

335 2930 447 2991 que
505 2908 588 2970 ad
644 2907 1045 2970 consulatum
1113 2928 1163 2965 ι.
1230 2905 1350 2968 Hic
1420 2906 1660 2984 rogavit
1714 2905 2053 2986 quamdam
2122 2914 2503 2979 matronam,
2562 2906 2824 2968 nomine
2891 2908 3284 2982 Priscillam,
3370 2915 3433 2971 et

251 3018 290 3078 5
329 3013 478 3076 fecit
529 3010 892 3075 cmmeteria
955 3008 1056 3069 via
1110 3007 1371 3081 Salaria,
1411 3015 1474 3071 et
1523 3027 1658 3071 xxv
1713 3007 1937 3071 titulos
1983 3008 2050 3069 in
2107 3011 2266 3071 urbe
2318 3013 2515 3073 Roma
2546 3012 2904 3088 constituit,
2961 3013 3146 3093 quasi
3190 3014 3432 3076 dimce-

331 3129 484 3184 ses,
554 3116 812 3191 propter
869 3108 1261 3189 baptismum
1320 3114 1383 3171 et
1442 3108 1880 3188 pmnitentiam
1960 3109 2306 3172 multorum
2371 3111 2484 3190 qui
2569 3115 3106 3177 convertebantur
3174 3132 3254 3177 ex
3323 3132 3433 3196 pa-

331 3210 535 3289 ganis,
562 3214 623 3270 et
646 3213 905 3288 prepter
940 3207 1302 3285 sepulturas
1335 3215 1712 3287 martyrum.
1748 3209 1867 3269 Hic
1889 3208 2212 3272 ordinavit
2253 3210 2475 3288 viginti
2529 3230 2643 3274 sex
2671 3214 2699 3253 δ
2729 3214 3137 3292 presbyteros
3172 3214 3237 3275 in
3276 3215 3433 3278 urbe

330 3309 529 3368 Roma
582 3323 697 3384 per
738 3322 995 3364 mensem
1040 3304 1426 3380 Decembris,
1476 3306 1773 3368 diaconos
1830 3306 1989 3368 duos
2046 3315 2100 3369 et
2157 3310 2482 3390 episcopos
2544 3330 2658 3392 per
2716 3312 2963 3374 diversa
3011 3315 3149 3376 loca
3204 3316 3436 3396 viginti

329 3426 543 3468 unum.
609 3406 731 3468 Hic
788 3412 1143 3468 coarctatus
1204 3414 1300 3469 est
1343 3414 1406 3470 et
1462 3415 1677 3471 tentus
1730 3425 1807 3472 eo
1867 3410 2043 3491 quod
2103 3411 2452 3473 Ecclesiam
2515 3415 2863 3487 ordinaret,
2924 3415 3429 3495 comprehensus

214 3508 292 3570 1ο
333 3525 366 3570 a
428 3504 754 3569 Maxentio
785 3548 802 3579 ,
861 3511 929 3565 ut
965 3512 1223 3583 negaret
1288 3523 1358 3567 se
1410 3524 1553 3569 esse
1608 3507 2010 3587 episc0pum,
2056 3516 2118 3571 et
2166 3510 2493 3572 sacriﬁciis
2545 3527 2613 3573 se
2649 3510 3017 3577 humiliaret
3074 3516 3436 3579 daemonio-

342 3629 482 3674 rum
542 3633 557 3672 :
624 3610 740 3691 qui
805 3622 1061 3685 semper
1138 3608 1561 3665 contemnens
1600 3647 1617 3676 ,
1694 3604 1999 3667 deridens
2066 3606 2231 3668 dicta
2298 3615 2361 3669 et
2416 3618 2729 3688 praecepta
2785 3614 3114 3688 Maxentii,
3184 3616 3441 3681 damna-

340 3717 446 3772 tus
497 3714 592 3770 est
647 3709 714 3769 in
752 3705 1046 3769 catabulo
1097 3718 1149 3777 ε,
1204 3702 1317 3783 qui
1354 3701 1507 3763 dum
1564 3702 1784 3763 multis
1819 3703 2049 3766 diebus
2099 3706 2394 3783 serviret,
2455 3708 2523 3768 in
2572 3710 2867 3771 catabulo
2917 3714 3320 3777 orationibus
3369 3727 3433 3780 et

324 3808 594 3889 jejuniis
658 3805 935 3869 Domino
998 3802 1240 3865 servire
1297 3817 1430 3862 non
1492 3802 1803 3863 cessabat.
1864 3803 2085 3866 Mense
2140 3812 2357 3867 autem
2410 3824 2584 3871 nono
2656 3819 2845 3873 nocte
2910 3823 3229 3877 venerunt
3292 3818 3432 3881 cle-

332 3913 447 3975 rici
496 3912 637 3992 ejus
694 3927 920 3973 omnes
978 3913 1040 3969 et
1098 3910 1393 3970 emerunt
1455 3921 1604 3967 eum
1637 3904 1665 3945 ά
1704 3906 1782 3968 de
1834 3906 2147 3970 catabulo.
2199 3910 2489 3973 Matrona
2551 3920 2765 3976 autem
2804 3917 3122 3996 quaedam,
3167 3923 3432 3986 nomine

213 4019 292 4083 15
332 4016 594 4089 Lucina,
622 4032 768 4094 quae
816 4012 1053 4075 fecerat
1086 4021 1110 4051 θ
1140 4026 1285 4073 cum
1341 4009 1479 4071 viro
1532 4026 1653 4072 suo
1699 4011 1912 4073 Marco
1942 4028 2142 4076 annos
2168 4014 2539 4094 quindecim
2572 4025 2633 4080 et
2668 4018 2735 4079 in
2768 4009 3078 4089 vidu'itate
3109 4042 3222 4088 sua
3247 4027 3437 4093 habe-

334 4126 437 4188 bat
470 4140 677 4188 annos
713 4138 944 4184 novem
976 4117 1184 4182 decim
1220 4117 1501 4198 suscepit
1532 4116 1791 4179 beatum
1820 4118 2215 4192 Marcellum,
2247 4136 2391 4199 quas
2420 4120 2681 4183 domum
2722 4140 2903 4184 suam
2951 4130 3214 4193 nomine
3262 4131 3433 4193 beati

340 4230 623 4295 Marcelli
690 4227 950 4291 titulum
1015 4224 1362 4299 dedicavit,
1427 4224 1539 4287 ubi
1612 4224 1715 4285 die
1785 4231 2113 4304 noctuque
2196 4224 2457 4304 hymnis
2538 4234 2600 4289 et
2671 4229 3072 4294 orationibus
3154 4236 3445 4298 Domino

333 4338 491 4400 Jesu
558 4334 811 4398 Christo
876 4332 1362 4396 conﬁtebantur.
1420 4330 1556 4391 Hoc
1619 4329 1840 4392 audito
1920 4330 2291 4393 Maxentius
2350 4331 2529 4393 misit
2588 4339 2649 4394 et
2711 4335 2918 4396 tenuit
2974 4335 3205 4399 iterum
3278 4340 3435 4403 bea-

335 4451 473 4506 tum
528 4439 925 4513 Marcellum,
978 4445 1038 4500 et
1091 4437 1289 4517 jussit
1350 4436 1419 4497 in
1471 4435 1692 4499 eadem
1732 4434 2000 4499 ecclesia
2055 4437 2287 4500 iterum
2344 4437 2601 4516 plancas
2665 4440 2686 4480 ί
2740 4442 3047 4517 exsterni,
3089 4452 3159 4505 ut
3194 4445 3434 4508 ibidem

214 4552 297 4614 20
340 4545 641 4611 animalia
699 4543 975 4606 catabuli
1032 4549 1409 4621 congregata
1460 4548 1753 4616 starent,
1814 4550 1875 4605 et
1936 4544 2093 4624 ipsis
2145 4546 2369 4608 beatus
2428 4546 2771 4609 Marcellus
2833 4548 3189 4613 deservier
3230 4598 3246 4627 ,
3322 4553 3436 4633 qui

341 4654 592 4717 tandem
653 4650 721 4711 in
779 4647 1043 4711 servitio
1093 4646 1467 4709 animalium
1531 4646 1749 4709 nudus
1789 4647 2062 4709 amictus
2098 4649 2314 4712 cilicio
2362 4650 2709 4713 defunctus
2761 4658 2879 4712 est.
2941 4653 3144 4731 Cujus
3202 4670 3436 4734 corpus

338 4758 596 4837 collegit
658 4757 845 4817 Beata
898 4754 1166 4823 Lucina,
1221 4760 1283 4814 et
1322 4753 1621 4833 sepelivit
1671 4754 1738 4813 in
1803 4755 2139 4815 cameterio
2206 4754 2540 4829 Priscilla,
2604 4756 2709 4817 via
2770 4756 3046 4831 Salaria,
3100 4777 3233 4819 xvn
3300 4758 3440 4819 Ka-

335 4836 544 4925 lendas
568 4858 754 4922 Febr.
789 4868 846 4921 et
892 4857 1150 4920 cessavit
1196 4857 1591 4937 episcopatus
1640 4854 1854 4919 diebus
1895 4859 2148 4937 viginti.
2188 4861 2213 4901 ⁸
2262 4860 2507 4924 Lucina
2562 4878 2713 4926 vero
2744 4862 3208 4942 proscriptione
3251 4836 3438 4926 dam-4

333 4973 480 5031 nata
512 4972 635 5030 est.
2574 4980 2577 4987 .

1251 5083 1726 5149 CATALOGUS
1768 5086 1909 5150 SUB
1952 5086 2297 5151 LIBERIO.

254 5216 591 5283 Marcellus
620 5230 789 5275 anno
818 5231 863 5287 ι,
896 5210 1228 5274 mensibus
1258 5229 1345 5282 vr,
1377 5210 1609 5273 diebus
1642 5230 1750 5273 xx.
1803 5211 1950 5273 Fuit
1986 5212 2381 5290 temporibus
2413 5213 2717 5275 Maxentii
2755 5232 2791 5276 a
2843 5214 3182 5278 consulatu
3228 5216 3439 5279 Maxi-

171 5327 375 5395 miani
406 5319 707 5388 Herculei
740 5338 807 5393 x,
850 5324 914 5380 et
946 5316 1317 5379 Maximiani
1366 5315 1602 5379 Galerii
1636 5334 1748 5390 vn,
1780 5332 1989 5396 usque
2020 5324 2166 5397 post
2200 5318 2608 5381 consulatum
2644 5338 2686 5380 x
2711 5326 2774 5382 et
2816 5338 2929 5383 vn.

1248 5502 1512 5546 NOTULB
1553 5502 1951 5546 MARGINALBS
1990 5504 2329 5550 FABROTTI.

246 5629 275 5660 ι
309 5615 371 5680 B,
403 5627 571 5671 mens.
600 5612 649 5675 l,
679 5609 730 5664 d.
756 5608 935 5680 25,7et
961 5604 1522 5680 Constant_ini_ii_nper.
1568 5619 1599 5659 a
1638 5620 1778 5680 coss.
1802 5605 2045 5680 Dioclet.
2074 5606 2146 5661 IX
2188 5617 2243 5663 et
2288 5607 2506 5680 Maxim.
2536 5606 2649 5664 Vill
2692 5610 2757 5665 ad
2790 5609 2999 5667 Maxen.
3027 5622 3082 5668 ct
3112 5614 3429 5671 Maximum.

172 5675 375 5767 Bent-on.
400 5684 468 5737 ad
497 5680 815 5767 ann.'l).o'm.
842 5679 945 5767 30g)
968 5678 1194 5767 initio}:
1220 5675 1315 5767 h‘C
1344 5675 1527 5767 Βὶὶὲ.
1607 5688 1628 5715 c
1664 5677 1980 5767 catabuluﬂ.
1999 5719 2013 5743 ,
2044 5680 2215 5767 una;
2250 5679 2513 5735 ειαυαιωη
2549 5682 2931 5752 “memorum,
3031 5682 3057 5722 ά
3088 5682 3177 5739 CB
3198 5726 3213 5754 ν
3242 5697 3426 5743 una“.

179 5726 601 5825 tamen"
630 5726 1319 5805 (natanata;ma.
1344 5726 1373 5729 "
1396 5726 2215 5805 is’aaon.n"z.;.‘“at;n'."36§;
2251 5726 2511 5735 "mw"
3089 5726 3213 5754 “’”’

502 5849 774 5912 Ριτιυι..
822 5844 1136 5907 CXXVII.
1742 5906 1763 5925 I

1854 5922 1889 5933 -
2002 5926 2032 5933 ν.
2356 5904 2414 5933 .c.
3038 5852 3113 5912 Ιιῖ

1854 5922 1889 5936 ά

2259 5932 2343 5941 ον...
