3970 6316
147 287 284 347 I509

870 287 1187 348 IIISTORIA
1224 289 1312 346 DF.
1353 289 1532 348 VITIS
1573 292 1737 351 IiOM.
1775 293 1972 352 PONT.
2006 324 2073 334 —-
2099 295 2158 354 S.
2196 297 2648 359 MELCIIIADES.

3277 309 3423 368 1510

145 418 360 489 manus
401 401 970 489 imponentenFeliee”
995 404 1415 489 Aptun‘giutanq
1440 408 1729 489 ‘episeqpo,
1764 415 1806 473 Α
1839 410 2204 489 rebaptizasse
2249 423 2323 489 et_
2333 414 2598 489 episcopis
2628 413 2794 489 lapsis
2823 429 3040 489 manum
3071 415 3417 488 imposuisse.

147 477 458 546 ordinatur,
497 492 514 525 ι
559 483 664 527 etc.
696 472 1272 546 Persecutioniautem
1308 476 1359 530 in
1389 472 1567 531 Africa
1613 472 1733 533 linis

147 544 708 615 impositusestanno
741 544 947 615 tantum
982 544 1106 606 5I2,
1140 554 1199 597 ut
1243 549 1436 615 probat
1490 547 1736 602 Adnota-

148 612 502 670 torBaronii.
551 613 746 667 Botrus
769 612 1158 685 'et_Celensius,
1207 612 1329 669 cum
1381 632 1478 685 spe
1528 633 1623 670 sua
1673 634 1733 672 se

146 686 388 753 deiectos
415 685 692 747 viderent,
741 682 1028 749 conjurare
1069 686 1330 740 adversus
1360 682 1728 750 Ciecilianum,

143 757 453 826 ordinatum
494 755 800 826 episcopum
850 754 1370 826 Carthaginiensem,
1428 767 1727 826 cmperunt.

145 834 204 879 et
235 824 472 894 adhibita
499 823 550 894 in
577 825 890 894 societatem
938 823 1140 878 Lucilla
1165 865 1180 887 ,
1231 823 1602 894 potentissima
1653 828 1732 881 l'e-

147 895 319 966 tnina,
351 893 639 966 Caeciliano
664 891 893 966 infensa,
923 909 984 966 ac
1011 891 1315 966 senioribus
1339 896 1510 966 plebis
1540 897 1729 951 catho-

144 965 285 1024 liczc.
341 965 534 1033 quibus
573 963 892 1028 Mensurius,
937 963 1208 1019 Cmciliani
1252 963 1522 1030 decessor,
1565 984 1729 1021 orna-

145 1045 334 1106 mcnta
375 1033 626 1106 Ecclesia:
660 1034 1151 1106 commemlaverat.
1205 1037 1485 1106 episcopos
1534 1036 1722 1091 Numi-

143 1105 272 1176 tIi:e,
299 1103 387 1172 qui
423 1119 526 1176 non
559 1104 883 1176 mediocrem
916 1104 1164 1172 injuriam
1192 1103 1291 1160 sibi
1316 1103 1512 1162 factam
1571 1120 1727 1176 puta-

139 1172 300 1236 bant,
328 1175 470 1243 quod
499 1176 564 1226 ad
609 1173 879 1228 Cmciliani
917 1176 1312 1230 ordinationem
1357 1172 1584 1232 evocati
1618 1195 1722 1230 non

143 1244 398 1307 fuissent,
426 1244 808 1316 Carthaginem
836 1245 1123 1316 convenire
1152 1256 1428 1312 curarunt,
1475 1249 1565 1316 qui
1621 1265 1720 1300 nu-

142 1330 300 1368 mero
337 1315 673 1384 septuaginta
698 1315 1034 1384 congregati,
1055 1315 1399 1370 Ca:cilianum
1422 1315 1720 1382 absentem,

138 1385 290 1454 quod
321 1383 574 1438 evocatus
600 1385 781 1454 venire
808 1383 1084 1454 noluisset,
1138 1386 1557 1451 daumaverunt;
1616 1389 1721 1442 duo

138 1452 373 1508 erimina
418 1454 490 1507 illi
531 1452 1143 1525 oltjieicntes.Primum
1199 1459 1340 1525 quod
1379 1472 1408 1510 a
1450 1457 1722 1511 traditori-

138 1525 247 1580 Ims
269 1525 548 1578 ordinatus
577 1524 773 1578 luisset
811 1524 1128 1594 cpiscopus;
1177 1524 1370 1581 deinde
1413 1528 1554 1594 quod
1594 1544 1716 1581 cum

135 1604 287 1648 esset
314 1594 592 1666 diaconus,
624 1595 823 1666 victum
856 1593 1035 1666 allia-ri
1070 1598 1401 1666 martyribus
1432 1593 1484 1650 in
1535 1608 1721 1652 custo-

135 1666 245 1745 ¢_l_ia.
261 1664 450 1745 positis
471 1664 847 1745 prohibuisset.
872 1663 1000 1745 Post
1025 1667 1138 1720 haec
1243 1667 1413 1745 locum
1445 1668 1714 1745 Cteciliaui

134 1733 462 1820 λιεῄὸτίιξιηιὶ
487 1735 807 1820 ordinarunt
830 1736 1137 1820 episcopum
1155 1737 1456 1820 ingratiam
1473 1737 1714 1820 _L.ucilla.3,
1750 1763 1793 1820 Β

136 1804 298 1872 cujus
335 1803 666 1859 domesticus
694 1812 832 1858 erat.
868 1805 980 1859 Hoc
1017 1803 1108 1858 est
1155 1806 1364 1860 initium
1410 1808 1718 1863 schismatis

136 1873 572 1946 Donatistarum,
592 1875 682 1946 sic
703 1875 969 1946 dictorum
1006 1891 1036 1928 a
1064 1875 1270 1930 Donato
1303 1893 1332 1930 a
1361 1877 1514 1930 Casis
1541 1877 1720 1946 Nigris

131 1946 412 2016 episeopo.
444 1944 688 2016 Illajorini
712 1945 1043 2016 ordinatore,
1077 1961 1238 2014 quem
1282 1944 1631 2016 Augustinus
1666 1948 1719 2002 in

132 2013 418 2069 Breviario
455 2015 773 2070 Collationis
806 2015 995 2075 tertiae,
1029 2013 1168 2070 et’iu
1199 2016 1336 2071 libro
1358 2013 1723 2072 Rctraclatio—

134 2099 271 2138 num
293 2087 500 2148 scribit,
523 2085 811 2139 Carciliano
831 2086 1007 2138 adhuc
1029 2087 1254 2141 diacono
1277 2087 1510 2141 schisma
1529 2086 1722 2142 fecisse

133 2156 491 2226 Carthagine,
537 2154 766 2227 ejusque
801 2154 1057 2227 facinoris
1101 2171 1251 2210 reum
1305 2167 1497 2227 postea
1537 2157 1721 2211 convi-

134 2235 289 2295 ctum
319 2224 481 2280 fuisse
516 2228 566 2278 in
603 2225 805 2295 synodo
852 2224 1092 2279 Romana
1141 2224 1363 2281 sedente
1403 2226 1718 2282 Melchiade.

138 2293 251 2348 Sed
281 2297 533 2364 quoniam
566 2293 1001 2349 inordinatione
1025 2296 1298 2350 Caeciliani
1348 2297 1722 2352 vehementius

132 2367 338 2434 erupit,
379 2367 579 2420 idcirco
629 2365 938 2420 schismatis
978 2366 1190 2420 initium
1241 2367 1311 2422 ab
1353 2367 1441 2421 illa
1494 2369 1717 2422 ordina-

135 2436 288 2488 tione
322 2435 640 2490 desumitnr.

211 2503 553 2576 Schismatici
587 2507 842 2560 adversus
885 2503 1228 2559 Cmciliannm
1275 2507 1609 2576 scripserunt
1659 2507 1721 2561 li-

131 2574 325 2646 Iiellos,
382 2586 436 2631 et
474 2576 762 2646 Anulinum
795 2577 990 2630 Africa:
1041 2574 1415 2643 proconsulem
1466 2577 1719 2646 interpel-

131 2645 339 2711 larunt,
398 2655 453 2700 ut
509 2661 602 2700 eos
648 2645 714 2698 ad
763 2646 1197 2708 Constantinum,
1253 2656 1377 2699 tunc
1427 2648 1480 2701 in
1534 2645 1720 2702 Galliis

134 2724 440 2786 agentem,
476 2715 733 2780 mitteret,
787 2715 984 2784 quibus
1034 2731 1156 2786 eum
1206 2717 1491 2786 rogabant.
1548 2728 1606 2771 ut
1652 2720 1719 2773 de

135 2785 307 2839 Gallia
331 2785 540 2856 judices
568 2786 681 2838 dari
709 2787 1045 2856 prarciperet.
1079 2785 1374 2856 Imperator
1415 2787 1566 2841 lectis
1616 2790 1719 2842 Do-

133 2857 456 2909 natistarum
503 2855 733 2919 libellis,
783 2855 1170 2910 subiracumle
1215 2859 1527 2924 respoadit,
1582 2867 1718 2912 teste

129 2925 334 2995 Optato
368 2925 677 2979 Milevitano
707 2943 720 2978 :
772 2944 788 2975 ι
824 2925 1010 2979 Pctitis
1033 2994 1038 2995 γ
1061 2942 1089 2978 a
1131 2942 1214 2982 me
1254 2927 1305 2980 in
1337 2928 1533 2981 smculo
1573 2925 1718 2994 judi-

124 2994 278 3066 cium
306 3036 318 3056 ,
351 3010 473 3050 cum
510 3010 615 3066 ego
641 2995 754 3065 ipse
784 2996 983 3066 Christi
1021 2994 1283 3063 judicium
1311 3007 1636 3064 ettspeclcm.
1689 3016 1706 3047 ι

126 3065 293 3118 Dedit
357 3064 558 3119 tamen
598 3064 808 3132 jndiees
859 3065 1159 3119 Maternum
1216 3067 1708 3135 Agrippinensi-in;

124 3135 440 3188 Itheticium
484 3136 1018 3205 Augustodnuensctn
1050 3147 1104 3190 et
1143 3135 1402 3191 Marinum
1431 3137 1712 3192 Arelaten-

123 3220 248 3258 sem
279 3205 578 3275 episcopos,
615 3206 705 3274 qui
745 3221 866 3259 cum
921 3205 1215 3260 Melchiade
1263 3222 1439 3275 papa,
1490 3216 1546 3262 et
1593 3207 1714 3262 aliis

121 3274 400 3344 episcopis
428 3274 575 3329 Italis
621 3276 688 3329 ab
718 3275 835 3344 ipso
867 3276 1164 3344 deligendis
1190 3274 1408 3330 cansam
1437 3277 1710 3333 Caeciliani

114 3345 452 3416 judicarent.

207 3414 540 3484 Cougregata
564 3423 652 3468 est
673 3414 854 3468 Romze
884 3416 1138 3486 synodus,
1172 3416 1258 3486 die
1284 3417 1520 3486 secunda
1551 3416 1712 3472 Octo-

123 3485 270 3548 liris,
299 3486 429 3539 feria
463 3494 634 3544 sexta,
669 3486 896 3552 ideoque
926 3501 1065 3538 anno
1093 3485 1295 3538 Christi
1331 3489 1712 3542 trecentesimo

122 3556 341 3624 decimo
373 3556 547 3616 tertio,
580 3555 630 3608 in
664 3557 822 3608 domo
848 3553 1063 3608 Fausta:
1093 3555 1144 3607 in
1176 3554 1461 3607 Laterano.
1492 3555 1550 3608 Ei
1575 3571 1712 3624 pim-

125 3625 235 3678 fuit
263 3623 606 3696 Melchiades,
643 3625 1066 3696 cuitassidebant
1097 3633 1222 3696 tres;
1235 3625 1441 3696 praelati
1470 3623 1708 3696 episcopi

120 3703 190 3748 et
215 3695 516 3762 quindecim
560 3695 696 3748 Itali.
732 3695 786 3747 In
816 3694 1076 3748 Donatum
1125 3710 1154 3747 a
1185 3693 1336 3748 Casis
1384 3695 1554 3764 nigris
1605 3693 1709 3749 lata

122 3768 397 3819 sententia
425 3773 510 3818 est
534 3764 954 3835 suifragantibus
999 3764 1295 3835 universis,
1339 3781 1358 3817 ι
1407 3767 1550 3834 quod
1579 3780 1710 3819 con-

124 3836 307 3888 fessus
331 3835 401 3888 sit
446 3834 826 3903 rebaptizasse,
878 3843 931 3889 et
967 3835 1236 3904 episcopis
1288 3834 1450 3904 lapsis
1490 3851 1704 3888 manum

126 3904 493 3974 imposuisse.
543 3908 684 3974 quod
725 3907 793 3958 ab
824 3905 1057 3958 Ecclesia
1103 3906 1333 3958 alienum
1376 3917 1478 3959 est.
1522 3904 1711 3960 Testes

127 3921 206 3958 Illt
282 3919 493 3965 suisse.
543 3919 684 3974 quoa
725 3919 793 3958 ab
824 3919 1057 3958 tacetesra
1103 3919 1333 3958 alienum
1376 3919 1478 3959 est.
1522 3919 1710 3960 't‘eStes

127 3919 335 4029 immiti
378 3991 406 4028 a
441 3975 647 4029 Donato
674 3975 903 4030 confessi
943 3984 1069 4028 sunt
1107 3991 1164 4029 se
1195 3991 1299 4030 non
1337 3975 1536 4029 habere
1567 3977 1710 4044 quod

124 4045 188 4098 in
219 4043 562 4099 Catonianum
591 4046 850 4104 dicerent.
881 4045 1198 4099 Ciccilianns
1238 4047 1476 4100 omnium
1516 4043 1709 4114 supra-

126 4123 551 4185 Inemoratorum
579 4116 864 4170 sententiis
893 4116 1151 4171 innocens
1196 4126 1280 4172 est
1309 4115 1706 4185 pronuntiatus,

123 4185 293 4256 etiam
326 4184 578 4256 Miltiadis
607 4185 893 4248 sententia,
925 4203 1027 4254 qua
1053 4184 1318 4256 judicium
1353 4186 1594 4240 clausum
1625 4195 1709 4241 est

124 4255 216 4310 Itis
242 4256 419 4326 verbis
449 4274 461 4308 :
492 4254 623 4309 Cum
646 4256 952 4326 constiterit
977 4254 1322 4326 Caicilianum
1359 4258 1427 4311 ab
1471 4257 1536 4312 iis
1567 4296 1581 4320 ,
1613 4259 1704 4326 qui

124 4339 250 4379 cum
285 4325 489 4379 Donato
521 4335 798 4388 venerant,
821 4325 971 4393 juxta
1003 4325 1390 4396 professionem
1415 4343 1569 4382 suam
1600 4325 1704 4382 non

123 4399 396 4456 accusari,
429 4411 528 4450 nec
573 4412 603 4449 a
663 4396 866 4452 Donato
915 4399 1218 4450 convictum
1267 4412 1387 4452 esse
1436 4398 1488 4452 in
1523 4398 1704 4466 aliqua

122 4475 282 4536 parte
333 4467 682 4529 constiterit,
743 4482 853 4520 sua:
907 4467 1271 4521 communioni
1314 4463 1704 4523 ICchesiiistictc
1731 4463 1782 4523 D

124 4537 337 4605 integro
402 4547 544 4590 statu
611 4537 947 4591 retinendum
1001 4538 1195 4590 merito
1245 4554 1366 4591 esse
1417 4553 1631 4592 censeo.
1680 4559 1698 4588 ι

124 4605 454 4661 Ileferuntur
483 4609 596 4661 hate
639 4607 709 4660 ob
737 4606 932 4676 Optato
980 4606 1288 4660 Milevitano
1333 4608 1426 4661 lib.
1461 4623 1474 4660 ι
1513 4610 1708 4662 adver-

125 4692 222 4729 sus
251 4676 684 4739 I’armeniamnn,
731 4678 821 4747 qui
877 4677 1102 4731 alteram
1149 4687 1356 4745 partem
1404 4681 1704 4741 sententiae,

124 4749 193 4798 de
225 4747 568 4801 damnatione
618 4748 824 4801 scilicet
871 4747 1098 4810 Donati,
1147 4757 1203 4802 et
1259 4750 1326 4802 de
1366 4751 1706 4816 susceptione

122 4816 498 4889 episcoporum
531 4818 700 4888 partis
725 4818 968 4887 Major-ini
1016 4819 1377 4887 pnctermisit.
1427 4819 1564 4873 IInic
1609 4818 1707 4889 Sy-

122 4888 270 4940 nodo
322 4885 546 4959 Marcus
577 4885 900 4959 presbyter,
949 4885 1156 4959 postea,
1209 4899 1395 4943 sancto
1442 4885 1704 4944 Silvestre

122 4966 363 5046 tnortu‘o,
383 4956 1288 5046 Illotnantis‘pontil'ejxhinterluit,
1327 4961 1593 5046 utlvidere
1618 4968 1702 5046 est

119 5028 268 5098 apud
303 5027 566 5098 Valesiani
607 5029 656 5080 in
685 5027 835 5082 Notis
865 5027 931 5081 ad
962 5029 1154 5082 librum
1177 5045 1216 5081 -x
1251 5029 1462 5083 Eusebii
1496 5046 1614 5098 cap.
1643 5032 1697 5093 8,

121 5095 266 5148 etin
295 5096 492 5150 Critica
539 5097 752 5153 Baronii
795 5114 936 5150 anno
960 5099 1081 5152 5I5.
1130 5098 1332 5152 Ferunt
1383 5111 1492 5152 tum
1528 5095 1700 5152 D'ona-

124 5167 283 5238 tistas
305 5169 709 5230 condemnatos.
739 5185 766 5220 a
797 5172 1061 5222 sententia
1085 5171 1456 5238 episcoporum
1484 5169 1697 5225 concilii

123 5236 197 5309 ad
229 5236 605 5308 Imperatorem
645 5238 937 5309 appellasse
968 5279 983 5302 ,
1026 5236 1336 5308 dicionique
1374 5256 1401 5293 a
1435 5243 1702 5296 Constan-

125 5307 260 5379 tino,
292 5307 413 5361 eum
440 5309 492 5362 id
517 5307 728 5379 accepit
754 5328 786 5379 εί
811 5327 828 5360 ι
893 5308 936 5364 Ο
985 5311 1188 5379 rabida
1215 5307 1412 5364 furoris
1441 5311 1692 5366 audacia!

124 5377 280 5449 Sicut
313 5379 364 5430 in
394 5380 570 5434 causis
613 5377 906 5434 Gentilium
954 5381 1066 5433 licri
1117 5378 1252 5434 solet
1283 5379 1694 5449 appellationem

124 5448 581 5518 interposuerunt.
631 5470 648 5501 ι
695 5451 1004 5519 Disputatur
1069 5451 1208 5504 inter
1279 5448 1502 5513 doctos,
1567 5468 1692 5505 ιιιιιιι

122 5519 358 5590 haecad
411 5522 788 5590 imperatorem
853 5520 1136 5590 appellatio
1201 5520 1337 5574 facta
1411 5522 1569 5577 fuerit
1641 5522 1692 5576 in

124 5591 231 5642 hoc
268 5588 510 5645 Romano
540 5632 554 5657 ,
611 5608 678 5646 an
734 5592 788 5645 in
834 5588 1136 5646 Arelatensi
1173 5592 1403 5646 concilio
1446 5593 1545 5646 sub
1586 5591 1694 5646 Sil-

123 5669 326 5714 \'CSII'0.

198 5731 364 5787 Porro
416 5733 650 5788 Donatus
695 5749 722 5787 a
765 5732 914 5786 Casis
972 5730 1138 5800 nigris
1168 5731 1460 5800 _coul'essns
1500 5743 1580 5788 est
1636 5749 1694 5788 se

1835 481 1959 558 quia
2010 481 2793 558 schismaDoinitistarinn_in
2847 487 3094 558 haeresim
3143 481 3418 558 evaserat,

1833 549 1988 626 cuius
2016 553 2068 626 hi
2104 553 2357 626 principui
2403 569 2639 626 errores.
2687 554 2868 608 Primo
2901 557 3226 626 baptismum
3256 549 3414 617 extra

1833 619 2128 695 Ecclesiant
2161 619 2411 695 collatum
2465 623 2666 677 nullum
2706 640 2823 679 esse
2872 619 3270 682 contendebant
3299 671 3313 695 ,
3360 643 3424 687 et

1833 691 1957 764 quia
2007 691 2304 764 Ecclesiam
2377 694 2524 748 intra
2579 710 2731 748 suam
2774 705 2975 749 sectam
3042 691 3417 764 coarctabant.

1832 759 1952 832 ideo
1979 762 2276 816 catholicos
2303 779 2332 816 a
2361 780 2418 818 se
2443 764 2714 832 deceptos,
2758 781 2962 832 suoque
3009 767 3286 822 schismati
3316 759 3422 824 ἰιιιὲ

1833 830 2045 898 plieitos
2077 833 2504 900 rebaptizahant.
2540 830 2810 893 Secundo,
2838 830 3136 890 Ecclesiam
3168 837 3222 890 in
3249 850 3414 894 czete-

1831 901 1905 956 ris
1927 901 2074 956 oriiis
2103 904 2410 975 regionibus
2442 904 2758 958 traditorum
2788 905 3040 975 contagio
3063 947 3076 966 ,
3124 907 3420 962 malorum-

1827 986 1932 1039 que
1963 974 2341 1044 communione
2387 975 2613 1044 periisse
2667 974 2999 1037 asserebant,
3043 984 3097 1029 et
3142 977 3193 1030 in
3221 978 3417 1034 Africa

1829 1043 2157 1117 remansisse
2189 1044 2240 1096 in
2265 1043 2400 1117 sola
2424 1054 2577 1117 parte
2605 1044 2818 1117 Donati,
2871 1045 3097 1117 ideoque
3141 1047 3421 1117 episcopis

1826 1110 1990 1182 lapsis
2023 1129 2212 1168 maniis
2245 1115 2311 1167 de
2353 1110 2492 1169 novo
2540 1114 2905 1182 imponebaut.
2958 1110 3144 1170 Tertio
3176 1110 3411 1174 'tandein

1826 1181 2122 1236 Ecclesium
2189 1185 2509 1239 catholicam
2576 1181 2919 1239 meretricem
2989 1187 3297 1252 vocabant,
3357 1199 3414 1242 ut

1827 1257 2000 1326 rel'ert
2038 1252 2096 1306 ὃ.
2127 1255 2485 1326 Δ.¹ιιι,‹),ιιειίιιιιδ
2531 1255 2580 1308 in
2633 1255 2906 1326 Concione
2952 1255 3019 1309 de
3070 1256 3235 1326 gestis
3288 1274 3416 1311 cum

1824 1320 2085 1375 Emerito.
2117 1323 2215 1390 Qui
2243 1320 2407 1393 plura
2455 1326 2604 1393 cupit
2660 1326 2725 1378 de
2772 1320 3413 1381 schismate'Donatista-

1824 1407 1961 1455 rum,
1991 1393 2132 1462 legat
2167 1394 2598 1448 dissertationem
2626 1396 2693 1449 ab
2723 1394 2954 1450 Ilenrico
2986 1396 3195 1452 Valesio
3234 1398 3300 1452 de
3340 1413 3412 1453 eo

1820 1463 2043 1530 editam,
2073 1464 2289 1518 Eusebii
2317 1465 2538 1520 editioni
2577 1463 2917 1533 subjunctam

2439 1575 2768 1632 SOIIMIER.

1886 1662 2049 1720 Linea
2080 1664 2133 1720 2.
2171 1696 2240 1706 -
2272 1665 2317 1718 Α
2357 1667 2631 1721 consulatu
2665 1666 2924 1722 Maxentii
2967 1683 3044 1722 ιι.
3070 1667 3202 1724 Cum
3244 1670 3407 1726 ﬁnem

1823 1737 2122 1807 accepisset
2145 1737 2218 1807 Ain
2273 1736 2454 1791 Africa
2512 1739 2814 1807 persecutio
2864 1739 3008 1794 circa
3041 1755 3239 1794 annum
3283 1742 3411 1807 5H,

1820 1805 2088 1875 episcopis
2131 1805 2574 1878 Crartliaginensis
2617 1808 2905 1878 provincia:
2955 1809 3183 1864 liberum
3223 1805 3410 1866 fuitin

1820 1890 1881 1927 ea
1919 1877 2202 1950 metropoli
2235 1878 2524 1950 convenire
2563 1877 2629 1950 ad
2662 1877 2966 1950 eligendum
3001 1879 3252 1935 ll-Iensurii
3297 1883 3412 1950 epi-

1820 1946 2406 2020 scopi_su_ccessorent.
2449 1948 2707 2002 Inseritur
2736 1949 2825 2003 hic
2861 1966 2986 2018 pars
3023 1950 3201 2020 aliqua
3241 1946 3413 2006 hisio-

1822 2015 1915 2068 riae
1969 2015 2224 2072 Ecclesia:
2274 2018 2572 2081 Africaine;
2621 2015 2872 2072 connexa
2896 2035 3016 2073 cum
3056 2015 3128 2074 sii
3168 2021 3409 2076 historiae

1823 2085 2077 2161 [ξοψτιιιω
2133 2087 2296 2161 sedis.
2357 2088 2674 2161 Ca:cilian_us
2740 2088 2903 2161 igitur
2967 2089 3412 2161 Carthagiiumsis

1822 2154 2076 2210 Ecclesiae
2124 2157 2382 2212 diaconus
2420 2159 2680 2212 canonice
2714 2154 2920 2213 el'ectus
2960 2168 3014 2212 et
3062 2154 3410 2215 consecratus

1819 2223 1922 2298 fuit
1973 2227 2256 2297 episc0pns
2303 2227 2432 2298 cleri
2477 2226 2794 2298 sull'ragiis,
2827 2229 2990 2282 totius
3039 2230 3214 2298 populi
3257 2245 3412 2284 acce-

1821 2295 1980 2368 dente
2007 2295 2305 2352 consensu.
2355 2297 2552 2352 Contra
2596 2295 2736 2351 hunc
2788 2295 3300 2368 legitime-electum
3347 2309 3404 2354 et

1823 2365 1924 2436 rite
1963 2378 2338 2421 consecrattnn
2381 2368 2758 2421 seditiosorum
2793 2365 2953 2421 factio
2994 2371 3187 2436 partim
3231 2371 3410 2424 ambi-

1822 2435 1997 2498 tione,
2023 2438 2217 2505 partim
2249 2439 2490 2491 avaritia:
2519 2438 2696 2491 studio
2725 2438 2944 2492 seducta
2964 2435 3065 2502 ,ise
3117 2440 3188 2493 ita
3233 2443 3406 2494 auda-

1819 2516 1934 2578 cter
1979 2508 2172 2578 erexit,
2203 2516 2262 2560 nt
2293 2507 2599 2578 episcopum
2641 2523 3026 2578 recognoscere
3054 2509 3401 2566 detrectaret.

1819 2575 2142 2648 Convocavit
2171 2575 2550 2648 Carthaginem
2582 2575 2866 2647 episcopos
2887 2577 3091 2648 aliquot
3116 2579 3402 2644 Numidim,

1819 2655 1874 2720 et
1917 2646 2213 2720 vicinarum
2256 2646 2532 2720 regionum
2584 2646 2809 2701 numero
2854 2646 3216 2720 septuaginta,
3261 2665 3402 2720 aegre

1817 2714 2054 2770 ferentes
2077 2718 2143 2770 ad
2163 2732 2280 2770 eam
2305 2714 2619 2772 electionem
2653 2733 2708 2772 se
2742 2734 2844 2771 non
2877 2714 3403 2776 fuisse'vocatosflli

1817 2785 1980 2839 veluti
2008 2788 2074 2839 ad
2098 2787 2393 2858 concilium
2421 2788 2752 2858 congregati,
2781 2804 2901 2841 cum
2926 2789 2991 2840 ad
3017 2803 3138 2842 cum
3164 2804 3401 2843 conven-

1821 2866 1932 2908 ttnu
1977 2871 2034 2910 se
2063 2856 2256 2910 sistere
2281 2856 2602 2912 Czeeilianits
2629 2856 2918 2920 renuissct,
2951 2859 3066 2926 ejus
3101 2860 3404 2914 ordinatio-

1817 2941 1940 2999 tiem
1984 2940 2124 2999 esse;
2157 2926 2353 2999 nullam
2399 2929 2692 2999 declarant,
2733 2937 2790 2999 et
2839 2925 3153 2994 lilajorinum
3190 2930 3242 2983 iu
3287 2930 3407 2999 ejus

1817 2994 1993 3050 locum
2047 2995 2396 3050 substituunt.
2458 2998 2607 3050 Datis
2659 2998 2886 3051 subinde
2928 2999 3124 3053 litteris
3168 3001 3234 3053 ad
3274 2994 3398 3053 uni-

1820 3081 2004 3119 versas
2038 3065 2308 3120 Ecclesias
2346 3066 2625 3121 Africanas
2658 3069 2976 3131 suadebant,
3004 3077 3060 3122 nt
3087 3085 3115 3121 a
3145 3084 3396 3124 comnm-

1740 3109 1785 3172 (ἶ
1819 3136 1976 3190 nione
1997 3136 2269 3191 Caeciliani
2301 3139 2636 3208 recedereid,
2660 3147 2725 3208 et
2751 3140 2816 3190 ad
2844 3109 3164 3208 Majorinum
3193 3140 3393 3193 delice-

1815 3216 1956 3277 reut,
2016 3222 2044 3258 a
2091 3221 2150 3260 se
2196 3215 2518 3275 promotum.
2574 3206 2719 3262 Talis
2761 3206 3044 3277 origo'est
3092 3209 3405 3264 schismatis

1813 3275 2236 3330 Donatistarum.

1889 3345 2080 3420 Verum
2132 3346 2238 3401 duo
2293 3346 2472 3420 magni
2532 3347 2787 3420 Ecclesia:
2839 3345 3106 3420 Africana:
3153 3347 3392 3420 episcopi

1813 3431 2006 3484 nempe
2036 3415 2263 3488 Optatos
2292 3417 2632 3471 Milevitanns
2663 3419 3103 3488 etAugustinus,
3130 3415 3220 3488 qui
3260 3415 3397 3472 scri-

1812 3494 2036 3556 pserunt
2082 3487 2279 3540 saeculo
2331 3488 2540 3556 integro
2587 3489 2654 3540 ali
2708 3487 2794 3540 illa
2838 3488 3103 3542 seditione
3149 3487 3393 3543 nondum

1811 3555 2025 3622 penitus
2069 3556 2378 3624 consopita,
2423 3555 2515 3608 sed
2560 3558 2624 3609 ad
2676 3558 2910 3624 ipsorum
2955 3567 3166 3612 aetatem
3218 3559 3397 3615 adhuc

1810 3624 2143 3685 continuata,
2193 3633 2460 3677 testantur
2507 3625 2558 3678 id
2605 3640 2726 3680 esse
2774 3636 3088 3680 constanter
3137 3629 3392 3683 iudicium

1809 3707 2036 3761 eamque
2070 3701 2352 3766 tesseram,
2389 3695 2531 3748 unde
2569 3695 2898 3766 schismatici
2943 3710 3159 3766 semper
3195 3699 3391 3752 detecti

1809 3772 1935 3818 sunt
1983 3772 2144 3830 atque
2188 3765 2455 3835 lueretici;
2495 3779 2718 3833 nempe,
2759 3765 2901 3835 quod
2939 3781 3003 3835 se
3039 3765 3395 3820 subduxerint

1810 3847 1872 3887 ac
1912 3835 2281 3903 separaverint
2314 3834 2382 3888 ab
2423 3835 2617 3888 lllllﬂlte
2661 3834 2788 3888 cum
2822 3834 3063 3890 Ecclesia
3094 3835 3335 3890 Romana
3371 3853 3388 3891 :

1815 3921 1833 3952 ι
1870 3903 2060 3969 Quane
2102 3905 2290 3957 harum
2327 3905 2588 3972 originem
2629 3919 2840 3970 rerum;
2875 3914 2930 3958 et
2967 3907 3210 3960 invenies
3252 3909 3391 3960 hanc

1811 3984 1863 4028 te
1888 3977 1937 4027 in
1969 3989 2063 4027 vos
2085 3975 2284 4027 dixisse
2313 3975 2656 4038 sententiam,
2683 3991 2804 4029 cum
2828 3976 3190 4030 scltismaticis
3218 3977 3391 4031 luere-

1811 4044 1946 4118 ticos
1979 4044 2219 4097 sociasti.
2266 4043 2378 4098 Non
2409 4045 2552 4118 enim
2586 4044 2910 4118 Ciecilianus
2941 4047 3115 4118 exivit
3155 4063 3183 4099 a
3216 4045 3388 4118 Majo~

1809 4115 1957 4176 riuo,
2014 4129 2115 4167 avo
2173 4129 2298 4179 suo,
2356 4117 2448 4168 sed
2497 4114 2790 4182 Major-inus
2837 4132 2865 4168 a
2916 4117 3217 4171 Caeciliano.
3277 4114 3391 4172 Nec

1807 4183 2124 4257 C:c_ci_l_ia_nus
2166 4186 2386 4257 receSsit
2428 4201 2456 4238 a
2503 4188 2757 4238 cathedra
2807 4184 2949 4239 Petri
2987 4186 3067 4240 vel
3109 4186 3386 4257 Cypriani,

1807 4255 1899 4309 sed
1931 4255 2243 4326 Majorinns,
2280 4256 2446 4326 cujus
2473 4264 2524 4307 tu
2547 4256 2860 4310 cathedram
2893 4257 3071 4318 sedes,
3111 4255 3231 4326 qua;
3259 4264 3392 4311 ante

1808 4326 1981 4397 ipsum
2017 4323 2342 4397 lilajorinunt
2372 4325 2635 4397 originem
2676 4341 2782 4397 non
2830 4327 3078 4397 habebat.
3118 4323 3144 4376 ἱ
3174 4324 3383 4397 (Optat.

1807 4394 2027 4448 Milevit.
2053 4401 2266 4466 advers.
2296 4394 2639 4449 Pannonian.
2666 4395 2756 4449 lib.
2792 4395 2858 4466 ι.)

1885 4485 1903 4516 ι
1953 4465 2274 4520 Caecilianus
2337 4475 2519 4535 posset
2575 4481 2678 4519 non
2735 4481 2928 4521 curare
2980 4465 3381 4534 conspirantem

1811 4535 2208 4589 multitudinem
2260 4535 2640 4597 inimicorum;
2681 4551 2801 4590 cum
2847 4551 2904 4590 se
2950 4536 3146 4589 videret
3187 4545 3240 4588 et
3282 4537 3388 4590 lto~

1812 4623 1984 4660 mana!
2018 4605 2290 4669 Ecclesia},
2324 4605 2374 4658 in
2400 4623 2504 4676 qua
2525 4621 2738 4674 semper
2759 4606 3079 4676 .‘spostolime
3099 4606 3388 4676 cathedra)

1809 4677 1977 4744 viguit
2012 4676 2362 4745 principatus,
2405 4675 2455 4730 et
2494 4677 2703 4742 cunctis
2741 4675 2920 4738 terris,
2963 4678 3102 4730 unde
3143 4675 3387 4744 Evange-

1811 4745 1939 4807 lium
1975 4753 2040 4800 ad
2073 4748 2240 4816 ipsam
2271 4745 2507 4816 Africam
2551 4747 2717 4808 venit,
2752 4760 2848 4814 per
2878 4745 3386 4803 eomtmmicatm-ias

1810 4816 2016 4870 litteras
2064 4813 2188 4870 esse
2227 4813 2567 4882 conjunctum
2603 4829 2617 4868 :
2665 4813 3001 4884 nhi’paratus
3039 4823 3182 4869 esset
3229 4831 3384 4873 suam

1809 4903 2025 4940 causam
2058 4887 2260 4946 dioere,
2291 4887 2332 4938 si
2361 4885 2658 4939 adversarii
2693 4886 2808 4952 ejus
2849 4888 2917 4936 ab
2955 4903 3020 4939 eo
3058 4884 3172 4937 illas
3207 4885 3362 4938 Eccle

1807 4958 1918 5011 sias
1947 4957 2182 5009 alienare
2205 4963 2547 5009 conarentur.
2579 4974 2597 5004 ι
2625 4955 2705 5025 (S.
2738 4955 3128 5025 Augustiu._ep,
3164 4954 3313 5025 I62.)

1878 5025 1992 5080 Hoc
2027 5027 2294 5095 negotium
2331 5040 2516 5079 revera
2542 5023 2770 5079 delatum
2809 5025 2909 5078 fuit
2937 5025 3000 5076 ad
3029 5023 3379 5083 Melchiadem

1809 5112 2001 5166 papam
2037 5095 2665 5166 Eusebiisuccessorem,
2705 5105 2823 5165 post
2871 5095 3012 5148 illam
3034 5109 3225 5166 rerum
3259 5110 3377 5148 con~

1809 5164 2139 5223 versionem.
2189 5165 2463 5235 religionis
2503 5166 2642 5221 booo
2681 5164 2716 5219 a7
2759 5166 2864 5220 Deo
2909 5164 3135 5222 feliciter
3169 5174 3372 5235 partam

1809 5237 1860 5290 in
1889 5236 2222 5290 Constantini
2255 5237 2589 5305 promotione
2618 5236 2682 5289 ad
2705 5236 3006 5306 imperium.

1878 5307 1976 5362 llic
2006 5307 2148 5360 enim
2181 5303 2432 5376 princeps
2465 5322 2530 5360 ex
2564 5303 2795 5361 victoria
2815 5305 2914 5360 sibi
2951 5303 3210 5362 divinitus
3243 5318 3375 5376 con-

1803 5393 1954 5432 cessa
1983 5376 2085 5431 sub
2106 5373 2360 5446 auspiciis
2389 5376 2612 5431 viviticte
2636 5376 2833 5439 crucis,
2858 5391 2887 5429 a
2915 5390 2972 5430 se
2990 5385 3044 5428 et
3072 5377 3140 5430 ab
3169 5373 3376 5429 univer-

1803 5463 1864 5502 so
1888 5448 2128 5502 exercitu
2167 5446 2218 5499 in
2240 5447 2378 5500 emlo
2398 5455 2672 5516 spectatae,
2705 5447 3053 5499 continuatus
3081 5446 3131 5497 in
3159 5460 3242 5516 ea,
3274 5459 3377 5512 qua

1803 5533 1926 5589 erga
1979 5516 2317 5589 Christianos
2356 5515 2576 5571 allectus
2607 5525 2755 5589 erat
2783 5515 2944 5589 animi
2990 5515 3378 5589 propensione,

1802 5584 1941 5643 hanc
1987 5603 2091 5642 non
2140 5586 2348 5640 destitit
2395 5586 2675 5640 confestim
2725 5586 2998 5639 declarare
3045 5600 3139 5654 per
3177 5584 3374 5643 edicta,

1803 5658 2028 5713 liberum
2077 5657 2392 5711 exercitium
2439 5657 2709 5725 religionis
2755 5665 2973 5719 nostrae,
3014 5657 3382 5725 bonoruman

1803 5730 2042 5785 Omnium
2073 5728 2462 5780 restitutionem
2487 5724 2721 5794 ejusdem
2744 5738 2944 5780 nostne
2971 5724 3240 5796 religionis
3260 5736 3380 5795 [ιι-οη
