3892 5254
15 253 72 314 l5
734 252 1052 312 HISTORIA
1086 252 1172 310 DE
1213 248 1387 310 VITIS
1428 251 1592 310 R031.
1633 248 1833 310 PONT.
1873 282 1943 292 —
1980 250 2037 308 S.
2077 248 2480 309 SlLVESTER.
3074 240 3218 307 15M

87 374 307 431 santes
363 366 599 449 singuli
662 367 859 431 libras
898 368 1081 430 binas
1120 389 1136 443 ;
1197 385 1371 431 amas
1411 374 1749 445 argenteas
1790 368 1952 430 duas
1977 411 1992 441 ,
2048 372 2393 447 pensantes
2431 364 2701 445 singulae
2739 363 2934 426 libras
2970 364 3211 441 denas;

15 477 43 536 ὃ
88 480 384 554 patcnam
427 481 795 550 argenteam
840 472 1245 537 chrismalem
1296 490 1452 536 auro
1497 474 1740 537 elusam
1789 494 1815 524 ι
1866 452 2241 556 pensantem
2299 473 2494 536 libras
2550 473 2875 554 quinque;
2944 471 3139 551 phara
3180 476 3216 519 ιι

92 590 397 644 coronata
447 600 513 655 x,
576 588 922 661 pensantes
960 580 1127 661 sing.
1192 580 1306 643 lib.
1347 588 1645 655 octonas;
1692 579 1887 660 phara
1929 597 2094 643 terea
2150 598 2267 654 xx,
2312 584 2659 658 pensantes
2710 576 2965 655 singula
3016 578 3213 641 libras

93 689 325 765 denas;
387 689 686 753 canthara
760 694 1105 752 cerostrata
1159 704 1253 747 xu
1314 703 1502 760 aerea,
1565 704 1748 765 pons.
1813 686 2067 765 singula
2120 686 2309 748 libras
2379 683 2689 761 tricenas;
2758 683 3032 747 fundum
3088 685 3217 748 Va-

92 791 413 855 lerianum
473 792 541 853 in
597 790 920 854 territorio
955 789 1323 865 Sabinensi,
1357 790 1468 871 qui
1501 796 1755 870 prmstat
1786 790 1907 874 sol.
1952 808 2127 852 Lxxx
2161 799 2221 865 °;
2271 789 2543 853 fundum
2595 788 2938 852 stationum
2976 789 3043 850 in
3082 792 3217 850 ter-

92 897 318 961 ritorio
372 896 739 973 Sabinensi,
787 896 901 977 qui
953 903 1209 976 praestat
1255 895 1377 958 sol.
1416 896 1526 971 55;
1578 895 1855 959 fundum
1914 898 2089 960 Duas
2124 896 2313 959 Casas
2368 896 2435 959 in
2490 896 2811 959 territorio
2846 891 3227 968 Sabinensi,

16 1008 44 1067 D
88 1004 205 1086 qui
264 1013 519 1085 praestat
575 1004 698 1068 sol.
729 1024 847 1079 xL;
883 1003 1158 1067 fundum
1196 1004 1623 1067 Percilianum
1656 1005 1977 1068 territorio
2036 1005 2397 1079 Sabinensi,
2456 1003 2568 1085 qui
2612 1008 2865 1085 preestat
2926 999 3046 1064 sol.
3088 1018 3219 1074 xx;

89 1110 371 1174 fundum
436 1111 853 1175 Corbitanum
916 1109 1241 1173 territorio
1323 1111 1619 1187 Corano,
1676 1110 1788 1191 qui
1853 1117 2103 1192 praestat
2176 1110 2295 1173 sol.
2356 1129 2441 1171 xL
2501 1116 2581 1185 τις
2643 1109 2906 1173 domum
2979 1107 3043 1169 in
3096 1107 3225 1169 Ur—

91 1218 171 1280 be
233 1236 381 1281 cum
443 1217 678 1282 balneo
715 1217 987 1281 Sicinini
1045 1218 1334 1297 regione,
1372 1236 1517 1300 quae
1564 1225 1819 1299 praestat
1863 1218 1982 1281 sol.
2034 1237 2294 1295 Lxxxv;
2328 1217 2584 1281 hortum
2617 1217 2783 1281 intra
2820 1216 3043 1280 urbem
3095 1215 3225 1276 Ro-

90 1336 267 1381 mam
326 1318 393 1380 in
460 1318 724 1396 regione
787 1316 1372 1380 Adduoframantes
1456 1336 1505 1390 ε,
1585 1316 1701 1398 qui
1762 1324 2013 1398 praestat
2074 1317 2196 1382 sol.
2274 1336 2403 1392 xv;
2482 1316 2748 1380 domum
2819 1317 2889 1379 in
2956 1311 3223 1393 regione

94 1427 321 1490 Roﬂ‘ea
358 1434 378 1474 ί
418 1426 585 1489 intra
616 1427 876 1499 Urbem,
909 1444 1053 1490 oua)
1091 1432 1345 1506 praestat
1374 1424 1496 1489 soi.
1530 1444 1684 1489 Lvm
1718 1433 1781 1489 et
1819 1425 2039 1488 tremis
2073 1436 2099 1475 ϐ

1049 1526 1147 1590 CA
1160 1528 1261 1588 TA
1272 1527 1528 1589 LOGUS
1568 1527 1712 1589 SUB
1754 1527 2103 1590 LIBEBIO.

22 1632 325 1695 Silvester
356 1630 544 1695 annis
590 1629 815 1712 viginti
856 1647 1009 1705 uno,
1060 1627 1397 1692 mensibus
1431 1627 1759 1691 undecim.
1802 1627 1947 1691 Fuit
1993 1626 2389 1713 temporibus
2437 1623 2869 1701 Constantini,
2902 1643 2936 1689 a
2972 1624 3228 1690 Consu-

15 1754 68 1797 ;u
98 1734 441 1798 Volusiani
482 1744 545 1799 et
577 1734 839 1807 Aniani,
875 1753 955 1797 ex
991 1733 1096 1797 die
1148 1731 1353 1813 pridie
1406 1731 1732 1795 Kalendas
1771 1730 2131 1806 Februarii,
2168 1747 2379 1810 usque
2424 1729 2493 1792 in
2528 1728 2702 1792 diem
2748 1726 2953 1809 pridie
2985 1726 3225 1789 Kalen-

23 1859 159 1903 rum
185 1842 664 1915 Januariarum,
695 1839 1119 1903 Constantino
1151 1846 1212 1903 et
1234 1838 1471 1902 Albino
1507 1836 1914 1904 consulibus.

172 1940 282 2014 35
366 1942 492 2003 Hic
528 1941 675 2022 fecit
711 1941 1124 2003 constitutum
1176 1939 1248 2001 de
1303 1940 1473 2002 omni
1521 1939 1827 2003 Ecclesia.
1883 1940 2097 2003 Etiam
2145 1938 2774 2021 hujus'temporibus
2830 1941 3068 2019 factum
3132 1944 3226 1999 est

106 2047 440 2111 concilium
474 2067 613 2108 cum
648 2048 778 2127 ejus
831 2066 1131 2108 consensu
1162 2048 1229 2109 in
1256 2046 1465 2111 Nicaea
1494 2048 1806 2127 Bithynia:
1832 2047 1884 2123 ⁵,
1925 2056 1982 2111 et
2011 2051 2375 2130 congregati
2433 2057 2579 2110 sunt
2618 2048 2877 2110 trecenti
2916 2045 3114 2108 decem
3162 2050 3226 2107 et

104 2162 236 2215 octo
270 2154 555 2233 episcopi
589 2153 910 2227 catholici,
956 2162 1010 2215 et
1059 2173 1329 2235 quorum
1360 2153 1849 2236 chirographum
1880 2149 2208 2232 cucurrit,
2242 2155 2358 2217 alii
2395 2153 2727 2216 imbecilles
2760 2150 3014 2213 ducenti
3050 2158 3221 2226 octo,

98 2261 205 2340 qui
242 2268 675 2340 exposuerunt
732 2258 915 2340 fidem
972 2260 1303 2340 integram,
1370 2268 1689 2334 sanctam,
1762 2259 2159 2334 catholicam,
2211 2259 2711 2331 immaculatum,
2769 2266 2825 2319 et
2881 2255 3223 2319 damnave-

26 2365 61 2425 5
101 2371 245 2424 runt
315 2364 565 2437 Arium,
626 2361 970 2424 Photinum
1025 2371 1081 2424 et
1137 2363 1517 2441 Sabellium,
1583 2363 1677 2426 vel
1726 2383 2013 2445 sequaces
2077 2383 2311 2428 eorum.
2353 2365 2435 2426 Et
2492 2370 2560 2427 in
2617 2362 2769 2425 urbe
2822 2363 3019 2423 Roma
3074 2377 3224 2422 con-

101 2469 384 2547 gregavit
418 2466 549 2546 ipse
584 2484 723 2527 cum
762 2464 1029 2527 consilio
1076 2466 1350 2545 Augusti
1387 2466 1714 2547 episcopos
1754 2465 2052 2528 ducentos
2082 2470 2486 2547 septuaginta
2516 2473 2766 2545 septem,
2804 2471 2861 2524 et
2899 2462 3220 2524 damnavit

108 2575 333 2636 iterum
381 2572 739 2647 Calixtum,
780 2581 832 2633 et
889 2572 1155 2649 Arium,
1211 2581 1267 2633 et
1315 2573 1638 2647 Fotinum,
1673 2581 1727 2634 et
1761 2570 2101 2634 Sabellium
2123 2593 2143 2641 ,'
2182 2581 2236 2634 et
2273 2573 2604 2635 constituit
2636 2580 2707 2633 ut
2735 2571 3165 2652 presbyterum
3200 2578 3223 2619 ι

108 2681 413 2741 Arianum
466 2679 927 2759 resipiscentem
986 2698 1116 2741 non
1173 2682 1538 2760 susciperet,
1592 2681 1720 2742 nisi
1771 2681 2101 2761 episcopus
2162 2680 2288 2742 loci
2342 2680 2653 2761 designati
2712 2679 2771 2753 i;
2832 2688 2888 2739 et
2957 2678 3231 2739 chrisma

105 2784 175 2846 ab
258 2785 560 2867 episcopo
637 2786 924 2866 conﬁci;
1010 2795 1065 2848 et
1143 2786 1553 2866 privilegium
1620 2787 1933 2867 episcopis
2008 2785 2176 2849 dedit
2273 2796 2343 2851 ut
2423 2788 2817 2868 baptizatum
2894 2788 3232 2867 consigna-

15 2892 69 2952 l0
103 2899 233 2955 rent
289 2897 566 2972 propter
647 2890 1000 2951 ha’reticam
1081 2892 1455 2953 suasionem.
1515 2891 1639 2953 Hic
1692 2900 1753 2956 et
1824 2891 1946 2956 hoc
2026 2893 2355 2955 constituit
2407 2902 2479 2955 ut
2537 2895 2932 2975 baptizatum
3012 2893 3233 2956 liniret

106 2998 432 3079 presbyter
500 2997 834 3059 chrismate
889 2996 1158 3058 levatum
1195 2996 1267 3058 de
1323 3016 1487 3079 aqua
1523 3042 1540 3072 ,
1621 3006 1890 3079 propter
1966 2999 2351 3061 occasionem
2415 3002 2726 3062 transitus
2792 3001 3044 3064 mortis.
3101 3000 3232 3062 Hic

111 3106 435 3168 constituit
491 3114 564 3169 ut
616 3106 835 3170 nullus
897 3105 1096 3169 laicus
1154 3107 1385 3168 crimen
1443 3106 1671 3169 clerico
1747 3106 1981 3187 inferre
2046 3106 2300 3169 audeat.
2366 3105 2492 3168 Hic
2575 3108 2907 3170 constituit
2953 3120 3027 3169 ut
3084 3107 3231 3169 dia-

114 3213 248 3274 coni
306 3210 646 3274 dalmatica
706 3219 1036 3274 uterentur
1099 3212 1165 3275 in
1229 3213 1526 3289 ecclesia,
1588 3220 1650 3276 et
1700 3211 1910 3293 pallio
1960 3211 2280 3274 linostimo
2332 3215 2361 3256 ¹ι
2415 3211 2568 3275 laeva
2612 3231 2832 3279 carum
2896 3221 3230 3292 tegereturt

112 3316 231 3376 Hic
288 3319 626 3381 constituit
711 3327 784 3380 ut
850 3317 1066 3380 nullus
1144 3318 1411 3393 clericus
1468 3327 1739 3401 propter
1805 3338 2056 3382 causam
2138 3318 2477 3400 quamlibet
2541 3319 2611 3381 in
2684 3319 2927 3381 curiam
3014 3320 3233 3381 intro-

15 3418 74 3481 15
114 3419 253 3496 iret,
332 3442 443 3485 nec
481 3431 623 3485 ante
662 3422 946 3505 judicem
1007 3424 1281 3485 cinctum
1346 3443 1597 3486 causam
1667 3424 1948 3500 diceret,
2022 3426 2152 3487 nisi
2209 3427 2278 3487 in
2345 3424 2622 3488 ecclesia.
2707 3426 2833 3489 Hic
2898 3426 3234 3488 constituit

111 3534 179 3589 ut
232 3531 620 3612 sacriﬁcium
684 3530 912 3592 altaris
969 3549 1102 3592 non
1160 3531 1229 3593 in
1287 3531 1489 3593 serico
1538 3548 1734 3612 neque
1805 3531 1873 3591 in
1918 3548 2132 3611 panno
2191 3530 2390 3597 tincto
2457 3529 2897 3603 celebraretur,
2947 3531 3073 3590 nisi
3102 3539 3272 3591 tan-.

116 3640 240 3696 tum
316 3637 386 3698 in
444 3636 645 3702 linteo
701 3656 776 3702 ex
832 3645 1086 3701 terreno
1140 3636 1275 3702 lino
1332 3644 1710 3719 procreato,
1759 3637 1927 3699 sicut
1977 3654 2211 3717 corpus
2265 3635 2521 3697 Domini
2571 3636 2781 3697 nostri
2833 3636 2986 3697 Iesu
3040 3636 3233 3697 Chri-

119 3740 192 3801 sti
254 3741 321 3803 in
378 3744 639 3808 sindone
699 3746 892 3809 lintea
950 3746 1185 3809 munda
1232 3747 1546 3828 sepultum
1612 3756 1742 3824 est,
1798 3749 1890 3810 sic
1948 3747 2139 3809 missa
2201 3743 2637 3809 celebraretur.
2709 3744 2835 3807 Hic
2898 3745 3237 3808 constituit

118 3854 180 3908 ut
241 3850 298 3911 si
360 3852 502 3933 quis
562 3851 941 3917 desideraret
997 3855 1066 3918 in
1129 3854 1414 3918 Ecclesia
1472 3855 1773 3931 militare,
1837 3862 1950 3917 aut
2014 3855 2342 3935 proﬁcere,
2398 3863 2471 3915 ut
2531 3863 2678 3917 esset
2746 3854 3233 3916 lectorlannos

15 3949 72 4013 20
111 3953 353 4019 haberet
388 3978 555 4037 xxx,
608 3962 931 4024 exorcista
965 3961 1094 4024 dies
1124 3983 1289 4039 xxx,
1323 3963 1652 4044 acolythus
1686 3983 1885 4025 annos
1922 3980 2103 4027 xxxv
2132 3977 2197 4037 ιη,
2233 3962 2655 4027 subdiaconus
2690 3983 2887 4026 annos
2918 3984 2981 4037 ν,
3014 3973 3227 4029 custos

114 4072 459 4144 martyrum
496 4088 693 4131 annos
746 4089 784 4131 ν
830 4086 883 4145 ιι,
946 4069 1250 4134 diaconus
1295 4090 1493 4134 annos
1527 4091 1670 4135 xxx
1741 4081 1796 4135 et
1860 4091 1971 4145 vn,
2031 4071 2353 4153 presbyter
2392 4091 2588 4133 annos
2632 4092 2728 4148 ιιι,
2790 4073 3100 4154 probatus
3152 4092 3232 4134 ea:

116 4169 280 4230 omni
325 4181 532 4252 parte,
592 4174 779 4237 etiam
830 4182 887 4236 et
934 4175 1009 4237 ab
1060 4176 1159 4238 his
1214 4179 1326 4259 qui
1381 4186 1525 4240 sunt
1584 4179 1748 4261 foris
1797 4178 2218 4241 testimonium
2249 4178 2469 4241 habere
2504 4175 2756 4254 bonum,
2814 4179 3013 4241 unius
3066 4196 3238 4242 uxo-

118 4273 204 4336 ris
262 4278 497 4356 virum,
557 4298 827 4345 uxorem
884 4301 920 4345 a
981 4284 1310 4348 sacerdote
1367 4284 1793 4349 benedictam.
1858 4285 1942 4345 Et
1994 4284 2084 4346 sic
2130 4283 2212 4345 ad
2262 4284 2543 4346 ordinem
2580 4286 2981 4366 episcopatus
3029 4302 3240 4344 ascen-

116 4378 274 4478 dere,
338 4384 586 4448 nullum
644 4387 906 4470 majoris
962 4388 1058 4451 vel
1109 4392 1366 4471 prioris
1427 4391 1634 4453 locum
1693 4390 2030 4467 invadere,
2114 4392 2245 4455 nisi
2310 4390 2594 4453 ordinem
2675 4402 3026 4472 temporum
3097 4409 3236 4451 cum

15 4482 78 4548 25
110 4489 356 4567 pudore
433 4514 799 4576 cognoscere
873 4499 1151 4560 omnium
1240 4500 1613 4563 clericorum
1697 4501 1909 4563 votiva
1978 4515 2005 4543 ο
2090 4508 2320 4580 grata,
2406 4499 2588 4560 nullo
2678 4497 2929 4561 omnino
3013 4495 3240 4555 clerico

119 4595 209 4656 vel
288 4598 460 4678 ﬁdeli
539 4602 1023 4668 contradicente.
1114 4606 1240 4668 Hic
1319 4606 1753 4670 ordinationes
1841 4606 2355 4689 presbyterorum
2443 4614 2501 4667 et
2592 4606 3015 4670 diaconorum
3098 4600 3244 4682 fecit

124 4711 340 4781 septem
371 4716 397 4757 ι’
419 4725 535 4786 per
567 4727 825 4771 mensem
846 4711 1236 4783 Decembris;
1271 4712 1673 4793 presbyteros
1696 4731 1853 4786 xui,
1889 4712 2191 4777 diaconos
2218 4728 2477 4784 xxxvn,
2511 4714 2843 4795 episcopos
2866 4726 2978 4787 per
3010 4708 3260 4769 diversa

128 4803 257 4869 loca
288 4809 551 4877 diversis
583 4818 967 4897 temporibus
1004 4820 1073 4881 in
1101 4822 1254 4885 urbe
1283 4823 1481 4884 Roma
1513 4842 1773 4888 numero
1807 4841 1985 4886 Lxxv
2018 4840 2073 4886 (ι.

197 4914 306 4988 36
391 4929 412 4957 τ
444 4922 658 5003 Hujus
692 4927 1088 5008 temporibus
1126 4930 1276 4996 fecit
1326 4931 1792 4998 Constantinus
1828 4937 2169 5011 Augustus
2197 4927 2504 4999 basilicas
2548 4931 2738 5011 istas,
2774 4936 2945 5011 quas
2986 4926 3054 4981 εἴ
3093 4933 3281 4983 ονηθ·

126 5018 212 5127 γίι
280 5025 314 5082 :'
356 5024 689 5093 basilicam
751 5032 1400 5113 Constantinianam,
1504 5038 1618 5102 ubi
1680 5044 1899 5124 posuit
1962 5038 2097 5106 ista
2177 5043 2349 5107 dona
2404 5057 2420 5095 :
2482 5034 2837 5127 fastigium
2905 5034 3300 5127 argenteum

124 5123 479 5194 battutile.-
534 5137 706 5194 OllOd
800 5141 986 5194 hahet
1056 5145 1120 5194 in
1192 5147 1402 5194 frnnln
1463 5123 1855 5194 Salvnlhrnm
1925 5146 2268 5194 cntinntnm
2334 5144 2401 5194 in
2468 5123 2789 5194 Spllnvin
2856 5126 3161 5194 pedibus
3225 5142 3313 5194 Vs
