3970 6316
601 247 738 310 1519
1774 244 2134 307 ΑΝΑ8ΤΑ5Π
2171 243 2710 308 BIBLIOTIIECARII
3669 252 3762 313 i530

755 383 938 449 pens.
975 349 1142 448 sing.
1182 361 1375 432 libras
1404 383 1520 444 xv;
1573 382 1877 432 coronam
1935 384 2195 431 auream
2246 373 2393 450 ante
2453 384 2720 448 corpus,
2782 365 2895 430 ubi
2951 371 3047 432 est
3101 363 3762 432 Phamecautharuscum

755 473 1080 554 delphinis
1115 472 1619 553 quinquaginta,
1649 471 1762 553 qui
1791 489 1970 552 pens.
2011 471 2123 534 lib.
2156 489 2332 536 xxxv
2359 473 2587 552 ;phara
2618 480 2920 552 argentea
2951 473 3021 535 in
3049 472 3294 552 gremio
3331 470 3590 535 basilicae
3633 493 3765 538 uni

756 598 901 645 cum
938 577 1300 660 delphinis,
1340 596 1522 658 pens.
1580 577 1745 656 sing.
1785 577 1896 641 lib.
1931 577 2190 654 decem;
2263 577 2341 640 ad
2363 577 2690 642 dexteram
2755 577 3034 642 basilicae
3088 577 3286 659 phara
3354 585 3618 657 argentea
3653 599 3766 656 xxx,

758 704 940 765 pens.
1001 687 1169 765 sing.
1235 685 1348 748 lib.
1412 703 1558 760 VIII;
1593 684 1806 765 ipsum
1852 685 2050 748 altare
2085 691 2352 763 argento
2393 691 2456 748 et
2491 702 2650 748 auro
2687 685 2939 748 clusum
2987 702 3134 748 cum
3159 683 3434 763 gemmis
3483 683 3703 765 prasinis
3727 695 3768 750 et

629 787 710 852 25
753 786 1182 868 hiacynthinis
1211 792 1274 849 et
1303 785 1466 850 albis
1497 804 1621 849 cex
1648 792 1948 849 ornatum
1981 785 2276 867 undique
2309 831 2326 862 ,
2349 804 2532 866 pens.
2571 786 2682 851 lib.
2719 807 2903 864 ceu;
2953 786 3516 851 thimiamaterium
3566 805 3629 852 ex
3661 807 3770 853 auro

751 894 1098 975 purissimo
1131 914 1276 960 cum
1308 897 1582 977 gemmis
1614 896 1907 980 undique
1938 903 2238 962 ornatum
2269 916 2450 962 num.
2482 918 2575 975 LI,
2611 916 2795 980 pens.
2824 897 3078 964 lib.'XV.

829 1011 938 1084 39
978 1003 1137 1066 Item
1180 1003 1250 1066 in
1309 1003 1554 1067 reditus
1617 1002 1898 1082 donum,
1980 1003 2156 1088 quod
2221 1005 2454 1070 obtulit
2523 1005 2986 1070 Constantinus
3051 1006 3389 1084 Augustus
3439 1003 3606 1066 beato
3643 1004 3770 1070 Petro

754 1109 1042 1186 apostolo
1101 1131 1214 1192 per
1277 1111 1615 1177 dimcesem
1667 1114 1953 1179 Orientis
2013 1115 2080 1176 in
2161 1115 2422 1179 civitate
2515 1113 2856 1178 Antiochia
2915 1135 2984 1175 ιε
3022 1112 3289 1176 domum
3342 1112 3609 1189 Datiani,
3655 1134 3770 1196 pra-

751 1220 1024 1276 stantem
1104 1215 1348 1280 solidos
1443 1218 1756 1282 ducentos
1856 1219 2319 1302 quadraginta,
2414 1219 2866 1284 domunculam
2931 1219 3178 1284 inczene
3215 1219 3271 1294 δ,
3339 1225 3617 1299 praestans
3675 1222 3773 1286 soli

750 1317 866 1381 dos
933 1318 1161 1399 viginti
1247 1329 1308 1384 et
1393 1323 1845 1400 trimisiume;
1930 1324 2098 1389 Caele
2179 1326 2246 1388 in
2341 1325 2765 1405 Aphrodisia,
2871 1331 3177 1404 praestans
3275 1321 3514 1388 solidos
3581 1326 3769 1405 viginti;

670 1424 1060 1488 5Balneum
1133 1426 1203 1489 in
1253 1436 1566 1505 cerateas,
1644 1437 1951 1511 praestans
2028 1431 2269 1496 solidos
2335 1449 2502 1509 xm;
2566 1431 2918 1495 Pristinum
2969 1439 2998 1481 ἀ
3072 1430 3186 1495 ubi
3268 1448 3466 1512 supra
3548 1438 3773 1512 praestans

751 1531 997 1595 solidos
1059 1518 1297 1613 'viginti
1397 1544 1546 1599 tres.
1622 1537 1866 1617 Popina
1949 1545 2458 1619 supraprmstans
2535 1538 2779 1603 solidos
2848 1538 3122 1612 decem;
3215 1537 3476 1600 hortum
3537 1537 3771 1610 Maronis,

750 1647 1158 1718 praestantem
1243 1640 1486 1704 solidos
1576 1641 1851 1718 decem;
1938 1643 2197 1707 hortum
2297 1643 2497 1707 alium
2571 1642 2684 1705 ubi
2791 1659 3026 1722 supra,
3123 1648 3524 1721 praestantem
3600 1641 3772 1706 solidos

753 1745 1095 1820 undecim,
1143 1747 1266 1810 sub
1354 1748 1608 1811 civitate
1695 1749 2069 1826 Antiochia;
2160 1749 2487 1831 possessio
2568 1746 2807 1810 Sibillaa
2877 1747 3108 1810 donata
3181 1745 3261 1808 ab
3354 1747 3620 1824 Augusto
3677 1767 3775 1827 pre

757 1860 934 1915 stans
1016 1851 1260 1916 solidos
1343 1873 1670 1930 cccxxm,
1723 1864 1929 1920 certas
2008 1857 2280 1921 decadas
2352 1862 2611 1920 centum
2668 1862 2732 1919 et
2784 1854 3286 1937 quinquaginta,
3338 1860 3654 1918 aromatum
3699 1853 3770 1915 lib.

633 1960 710 2020 10
753 1977 860 2031 cc,
916 1957 1175 2021 nardini
1267 1959 1396 2023 olei
1466 1960 1580 2024 lib.
1633 1981 1742 2037 ec,
1824 1963 2197 2027 balsamum
2256 1964 2371 2027 lib.
2439 1945 2640 2027 xxxv.
2708 1961 2840 2024 Sub
2914 1961 3169 2024 civitate
3238 1959 3631 2031 Alexandria,
3686 1976 3776 2036 pos

749 2065 958 2127 sessio
998 2064 1335 2141 Timialia,
1411 2066 1642 2131 donata
1731 2071 2063 2149 Augusto.
2108 2069 2529 2133 Constantino
2613 2067 2730 2130 ab,
2777 2065 3169 2142 Ambronio,
3245 2071 3550 2146 prmstans
3604 2063 3772 2126 solidos

752 2174 1092 2232 sexcentos
1174 2176 1234 2233 et
1313 2171 1572 2251 viginti,
1657 2182 1856 2239 cartas
1944 2174 2214 2239 decadas
2295 2194 2440 2249 ccc,
2513 2173 2642 2236 olei
2721 2171 2904 2235 nardi
2971 2190 3118 2246 ccc,
3209 2170 3561 2234 balsamum
3643 2170 3773 2230 libras

759 2273 1224 2354 quadraginta,
1287 2285 1571 2342 aromata
1668 2279 1780 2342 lib.
1858 2299 1963 2358 CL,
2035 2280 2303 2344 storacis
2379 2278 2678 2343 lsauricae
2751 2277 3006 2364 lib..1.
3086 2276 3426 2340 Possessio
3505 2274 3770 2338 Eutbimica

757 2378 938 2442 ducis
1032 2391 1338 2462 praestans
1431 2387 1674 2452 solidos
1749 2390 2164 2472 quingentos.
2244 2389 2521 2452 Donavit
2601 2391 2936 2467 Augustus
3045 2385 3509 2449 Constantinus
3582 2400 3771 2466 posses-

636 2487 712 2553 15
757 2489 1007 2554 sionem
1124 2492 1581 2575 PattinOpolim
1665 2504 1976 2576 praestans
2067 2495 2310 2560 solidos
2401 2495 2839 2574 octingentos,
2959 2499 3161 2558 cartas
3219 2475 3226 2482 ’
3281 2488 3544 2556 decadas
3641 2506 3769 2558 cccc,

751 2595 934 2678 Piper
1013 2599 1391 2663 medemnns
1486 2602 1999 2684 quinquaginta,
2083 2620 2304 2666 crocos
2387 2602 2586 2665 libras
2654 2607 2953 2675 centum,
3033 2603 3284 2662 storace
3357 2598 3543 2659 libras
3593 2599 3768 2657 centum

751 2709 812 2766 et
871 2703 1380 2786 quinquaginta,
1429 2717 1709 2772 aromata
1791 2709 1996 2773 cassia
2068 2709 2262 2772 libras
2322 2725 2430 2784 cc,
2488 2706 2617 2772 olei
2673 2705 2858 2770 nardi
2937 2704 3127 2769 libras
3173 2721 3333 2782 ccc,
3426 2702 3658 2767 balsami
3698 2701 3770 2761 lib.

746 2825 826 2882 c,
893 2806 1006 2870 lini
1071 2826 1290 2876 saccos
1372 2820 1663 2891 centum,
1727 2815 1898 2880 casei
1953 2827 1977 2857 ε
2041 2814 2256 2878 sillum
2340 2814 2534 2876 libras
2606 2819 2862 2876 centum
2918 2818 2982 2875 et
3055 2806 3768 2909 quinquaginta,“el_euty

741 2910 1050 2993 Cyprium
1115 2913 1228 2978 lib.
1289 2924 1595 2996 centum,
1654 2937 1971 3001 papyrum
2025 2937 2296 2984 rucanas
2359 2919 2378 2958 ί
2441 2919 2635 2983 libras
2700 2918 2972 2982 mundas
3030 2916 3230 2981 mille.
3292 2903 3769 2989 PosSes'sio'q’uam

629 3017 1015 3084 20'donavit
1082 3022 1356 3103 August.
1443 3025 1770 3091 Constant.
1877 3026 2265 3109 Hybromias
2359 3032 2664 3105 praestans
2731 3024 2977 3088 solidos
3067 3019 3563 3105 quadringentos
3633 3013 3768 3096 quiu-

754 3127 1103 3208 quaginta,
1202 3136 1406 3195 cartas
1487 3131 1756 3197 decadas
1832 3151 1941 3208 cc,
2026 3137 2307 3196 aromata
2374 3130 2596 3194 cassiaa
2683 3129 2797 3192 lib.
2857 3120 3381 3210 quinquaginta,
3429 3123 3545 3186 olei
3592 3113 3768 3182 nardini

748 3233 945 3296 libras
994 3233 1336 3312 ducentas,
1396 3237 1669 3301 balsami
1735 3237 1931 3301 libras
2004 3237 2498 3318 quinquaginta.
2578 3236 2652 3298 In
2717 3233 3048 3317 provincia
3101 3227 3531 3313 Euphratensi
3576 3224 3670 3289 sub
3708 3219 3769 3281 ci-

748 3340 945 3404 vitate
1000 3338 1166 3421 Cyro
1221 3343 1703 3422 possessionem
1771 3344 2260 3408 Armanalanam
2320 3349 2728 3425 praestantem
2839 3339 3085 3405 solidos
3153 3356 3479 3413 cccuxx;
3531 3326 3769 3415 possessio

745 3446 1064 3522 Mobaris,
1132 3449 1438 3522 praestans
1488 3441 1731 3507 solidos
1794 3461 1981 3506 (πρωί.

821 3558 934 3634 ω
977 3561 1004 3601 ι
1048 3548 1290 3613 Eodem
1333 3554 1617 3630 tempore
1670 3547 1824 3614 fecit
1875 3553 2207 3631 Augustus
2273 3543 2738 3634 Constantinus
2800 3547 3131 3613 basilicam
3189 3546 3383 3611 beato
3442 3537 3614 3606 Paulo
3661 3549 3769 3614 δροο

748 3658 914 3722 stolo
981 3677 1061 3723 ex
1120 3657 1536 3737 suggestione
1597 3656 1884 3721 Silvestri
1941 3657 2249 3737 episcopi.
2313 3657 2513 3738 Cujus
2579 3673 2814 3738 corpus
2868 3661 3158 3720 sanctum
3224 3652 3316 3716 ita
3386 3642 3688 3714 recondidit
3725 3639 3766 3699 in

743 3781 868 3827 tere
918 3771 982 3827 et
1053 3762 1410 3839 conclusit,
1470 3761 1635 3826 sicut
1683 3769 1747 3827 et
1805 3762 1971 3826 beati
2026 3762 2198 3826 Petri
2264 3762 2727 3827 Constantinus
2805 3763 3172 3841 Augustus,
3233 3757 3341 3822 cui
3422 3752 3662 3819 basilica;
3694 3745 3769 3808 d0-

745 3887 902 3933 num
975 3869 1096 3934 hoc
1152 3868 1384 3932 obtulit
1434 3890 1450 3930 :
1505 3867 1626 3932 sub
1666 3869 1862 3932 Tarso
1917 3867 2157 3932 Ciliciae
2219 3868 2286 3930 in
2325 3869 2540 3933 insula
2595 3868 2936 3933 Cordionis
2997 3871 3306 3948 praestans
3365 3862 3586 3928 solidos
3629 3854 3766 3920 octin-

663 3977 705 4040 5
747 3984 996 4057 gentos.
1067 3976 1298 4040 Omnia
1358 3975 1531 4039 enim
1600 3993 1748 4038 vasa
1795 3987 2035 4040 sacrata
2063 3995 2292 4054 aurea,
2346 3985 2644 4058 argentea
2704 3983 2813 4042 aut
2861 3993 3026 4042 terea
3089 3977 3175 4039 ita
3242 3973 3487 4056 posuit,
3567 3965 3693 4029 sicut
3727 3960 3764 4020 et

746 4084 816 4147 in
881 4084 1208 4148 basilicam
1264 4083 1467 4148 sancti
1527 4082 1695 4147 Petri
1748 4084 2060 4163 apostoli,
2131 4084 2219 4148 ita
2281 4092 2342 4149 et
2401 4085 2572 4149 beati
2654 4085 2835 4150 Pauli
2887 4082 3157 4165 apostoli
3220 4077 3552 4145 ordinavit.
3599 4068 3689 4134 Sed
3728 4067 3765 4124 cl

748 4208 1000 4254 crucem
1055 4207 1316 4254 auream
1386 4207 1581 4270 super
1640 4189 1851 4253 locum
1901 4191 2071 4254 beati
2134 4192 2315 4254 Pauli
2380 4192 2657 4274 apostoli
2689 4192 2907 4273 posuit
2963 4196 3340 4274 pensantem
3379 4187 3557 4251 libras
3580 4183 3763 4244 centum

746 4300 810 4360 et
869 4294 1360 4378 quinquaginta.
1424 4294 1554 4358 Sub
1619 4294 1875 4358 civitate
1927 4287 2118 4376 Tyria
2182 4299 2512 4378 possessio
2589 4298 2940 4376 comitum,
3009 4304 3312 4380 praestans
3383 4290 3602 4359 solidos
3638 4280 3766 4364 quill'

751 4407 976 4479 gentos
1027 4409 1091 4463 et
1143 4399 1646 4481 quinquaginta;
1710 4401 2036 4480 possessio
2087 4402 2336 4477 Timia,
2394 4412 2699 4484 praestans
2764 4405 3006 4468 solidos
3069 4404 3386 4467 ducentos
3430 4406 3488 4465 et
3528 4394 3764 4478 quinqua‘

629 4507 706 4572 10
746 4508 970 4589 ginta;
1032 4506 1359 4588 possessio
1413 4506 1793 4570 Fronimusa
1857 4516 2165 4589 praestans
2229 4511 2475 4576 solidos
2533 4513 3012 4594 septingentos,
3085 4511 3301 4575 oleum
3371 4506 3663 4573 nardinum
3714 4492 3765 4553 li-

748 4612 893 4676 bras
940 4611 1344 4692 septuaginta
1377 4655 1395 4685 ,
1471 4619 1750 4677 aromata
1822 4614 1974 4678 libr.
2056 4616 2560 4700 quinquaginta,
2641 4619 2847 4684 cassia
2896 4619 3042 4682 libr.
3077 4624 3359 4683 centum.
3416 4612 3535 4677 Sub
3584 4602 3760 4671 civitate

749 4719 1009 4800 ZEgypti
1056 4719 1387 4800 possessio
1439 4720 1753 4802 Cyprias,
1817 4729 2126 4803 praestans
2189 4725 2432 4790 solidos
2491 4727 2933 4808 septingentos
2996 4733 3057 4790 et
3088 4728 3351 4797 decem,
3395 4720 3584 4785 oleum
3610 4703 3761 4774 nardi-

753 4841 907 4887 num
963 4823 1109 4890 libr.
1169 4826 1610 4908 septuaginta,
1675 4828 2030 4893 balsamum
2086 4829 2232 4894 libr.
2314 4831 2602 4911 triginta,
2679 4837 2961 4895 aromata
3037 4829 3179 4892 libr.
3231 4825 3633 4908 septuaginta,
3673 4818 3758 4876 sto-

750 4949 892 4996 race
939 4931 1084 4995 libr.
1134 4931 1431 5012 triginta,
1482 4939 1724 4999 stacten
1781 4934 1893 4997 lib.
1949 4941 2207 4999 centum
2263 4937 2855 5019 etquinquaginta.
2910 4935 3236 5002 Possessio
3284 4933 3514 4998 Basilea
3540 4927 3757 5008 praestans

631 5039 712 5104 15
755 5037 1001 5102 solidos
1049 5039 1442 5121 quingentos
1517 5046 1577 5104 et
1653 5042 2168 5123 quinquaginta,
2249 5051 2530 5108 aromata
2608 5044 2748 5108 libr.
2811 5033 3345 5127 quinquaginta,
3424 5039 3607 5104 oleum
3659 5041 3756 5137 nat-

751 5147 981 5212 dinum
1039 5147 1185 5210 libr.
1247 5147 1612 5228 sexaginta,
1671 5148 2029 5213 balsamum
2092 5149 2239 5214 libr.
2278 5150 2540 5230 viginti,
2588 5166 2810 5214 crocos
2850 5149 2994 5212 libr.
3059 5149 3474 5230 septuaginta.
3511 5140 3753 5204 P05585510

753 5253 968 5318 insula
1025 5253 1406 5330 Machabeo,
1495 5260 1799 5335 praestans
1881 5254 2125 5318 solidos
2201 5256 2593 5336 quingentos
2679 5261 2743 5319 et
2813 5255 3078 5330 decem,
3152 5269 3454 5334 papyrum
3526 5238 3752 5312 mundum

754 5378 1014 5426 racanas
1069 5362 1486 5443 quingentas,
1535 5362 1741 5425 linum
1804 5379 2023 5426 saccos
2071 5370 2416 5427 trecentos.
3662 5375 3665 5379 ‘

1669 5533 1936 5578 NOTULE
1986 5534 2386 5579 MABGINALES
2441 5537 2802 5580 ΕἈΒΒΟΤΤΙ.Δ

663 5647 705 5708 ς.
731 5633 866 5689 Item
895 5634 952 5708 in
980 5633 1177 5708 reditus
1207 5634 1391 5689 domus
1421 5635 1480 5708 Β.
1530 5630 1677 5689 Petri
1727 5634 1919 5708 obtulit
1957 5633 2331 5708 Constantinus
2365 5655 2456 5708 per
2504 5638 2747 5692 diwcescs
2791 5637 3019 5694 Orientis
3048 5636 3160 5691 Iure
3207 5639 3260 5692 iu
3285 5636 3477 5692 civitate
3519 5621 3746 5708 Αηιὶρεξίῇς

590 5702 640 5784 ξ
659 5702 968 5784 Vicenc._C,
992 5705 1366 5784 Magnetibus":
1407 5705 1448 5762 C
1499 5707 1824 5764 trcmissem.
1897 5706 1924 5748 τι
1949 5689 2017 5777 C,
2032 5689 2342 5782 pistrinum.
2365 5689 2386 5708 ’ν
2405 5689 2447 5750 γε
2474 5689 3147 5784 σξὲάέἰόριιῇιιὸῖίέιὶὶζ’ίί
3171 5689 3563 5784 PvapyriicanaS-
3621 5699 3641 5740 ‘
3664 5689 3748 5749 νέα

592 5777 794 5839 Baron.
831 5779 899 5835 ad
927 5794 1054 5836 aint.
1089 5775 1236 5834 Dom.
1268 5775 1392 5836 524.
