3892 5254
31 287 157 349 1521
829 286 1141 343 HISTORIA
1183 286 1269 342 DE
1307 284 1481 342 VITIS
1519 285 1568 339 ιιι

1751 282 1920 340 ὈΝΤ.
1958 311 2029 325 -ο
2065 282 2121 339 S.
2164 281 2569 340 SILVESTEH.
3150 282 3288 344 {5&2

260 407 364 482 ἀι
452 421 478 450 ι
514 402 754 466 Eodem
807 410 1092 484 tempore
1148 401 1295 465 fecit
1351 399 1815 462 Constantinus
1879 400 2211 478 Augustus
2262 396 2589 460 basilicam
2649 394 2719 458 in
2771 394 3005 477 palatio
3060 398 3289 463 Sesso—

184 507 389 582 riano,
452 508 567 571 ubi
622 507 811 570 etiam
875 509 954 570 de
1012 507 1186 587 ligno
1255 515 1488 570 sancta)
1537 507 1749 570 crucis
1815 505 2077 567 Domini
2138 505 2343 567 nostri
2405 505 2560 567 Jesu
2620 501 2860 566 Christi
2919 505 3160 583 posuit,
3219 511 3284 570 et

187 629 344 676 auro
402 619 466 675 et
526 614 795 693 gemmis
858 613 1197 687 conclusit,
1259 614 1369 675 ubi
1420 613 1612 674 etiam
1680 617 1740 675 et
1804 627 2041 673 nomen
2108 609 2391 673 ecclesiae
2438 607 2797 682 dedicavit,
2850 625 2995 688 quae
3051 625 3288 690 cogno-

183 720 470 782 minatur
530 738 737 802 usque
796 722 862 783 in
921 721 1309 783 hodiernum
1372 719 1545 781 diem
1602 716 2033 782 Hierusalem.
2093 717 2164 779 In
2221 733 2351 798 quo
2418 716 2561 778 loco
2617 714 2950 777 constituit
2983 713 3285 780 donum:

107 829 145 890 ὅ
186 826 565 890 candelabra
621 846 814 891 aurea
879 836 939 891 ct
1012 834 1311 907 argentea
1383 832 1530 890 ante
1601 825 1849 905 lignum
1904 830 2197 888 Sanctum
2282 824 2564 887 lucentia
2626 819 2982 885 secundum
3059 839 3289 886 nume-

185 952 327 996 rum
374 932 871 1012 Evangeliorum
930 941 1231 1015 quatuor,
1294 950 1438 1014 quae
1496 936 1933 1012 pensaverunt
2002 930 2255 1008 singula
2318 927 2513 990 libras
2552 928 2847 1007 triginta;
2898 928 3091 1008 phara
3143 947 3292 992 can-

186 1039 363 1102 thara
424 1047 723 1118 argentea
787 1039 1281 1120 quinquaginta,
1339 1055 1482 1119 quae
1533 1041 1967 1117 pensaverunt
2012 1034 2266 1114 singula
2334 1034 2527 1096 libras
2583 1051 2731 1108 xv;
2792 1033 3104 1113 scyphum
3169 1052 3291 1096 au—

185 1165 365 1209 reum
429 1146 877 1226 purissimum,
940 1146 1050 1226 qui
1133 1138 1424 1226 pensavit
1475 1144 1670 1207 libras
1723 1163 1801 1217 x;
1860 1142 2090 1207 calices
2152 1140 2606 1205 ministeriales
2670 1157 2902 1204 aureos
2969 1140 3290 1222 quinque,

186 1260 538 1332 pensantes
604 1254 899 1333 singulos
938 1254 1132 1317 libras
1165 1254 1485 1333 singulas;
1546 1249 1825 1332 scyphos
1887 1256 2227 1329 argenteos
2284 1256 2436 1322 tres,
2503 1256 2848 1329 pensantes
2885 1226 3289 1320 libras'octo;

72 1357 142 1419 10
185 1356 415 1420 calices
490 1358 947 1422 ministeriales
1003 1365 1340 1439 argenteos
1405 1358 1626 1422 decem
1665 1401 1683 1430 ,
1765 1363 2140 1438 pensantem
2228 1354 2424 1418 libras
2514 1354 2744 1429 binas;
2809 1359 3103 1433 patenam
3178 1370 3293 1414 au-

184 1481 384 1538 ream,
438 1473 813 1543 pensantem
880 1464 1076 1528 libras
1130 1454 1398 1541 decem;
1461 1472 1759 1546 patenam
1828 1468 2194 1542 argenteam
2246 1479 2402 1528 auro
2460 1462 2701 1525 clusam
2781 1479 2926 1525 cum
2990 1460 3289 1541 gemmis,

183 1575 558 1649 pensantem
614 1570 809 1634 libras
873 1572 1389 1662 quinquaginta;
1454 1571 1670 1653 ipsum
1740 1576 2032 1634 sanctum
2084 1569 2281 1633 altare
2340 1587 2631 1645 aureum,
2689 1569 2863 1651 quod
2927 1574 3154 1651 pensat
3218 1566 3294 1628 li-

181 1676 330 1737 liras
395 1678 701 1740 ducentas
759 1682 819 1739 et
880 1677 1396 1758 quinquaginta;
1481 1696 1656 1741 amas
1732 1684 2119 1759 argenteas,
2205 1684 2549 1759 pensantes
2622 1677 2818 1741 libras
2887 1676 3140 1756 viginti.
3217 1677 3294 1738 Et

180 1784 401 1846 omnia
457 1800 755 1863 agrorum
819 1784 985 1849 circa
1043 1784 1348 1866 palatium
1407 1785 1696 1850 ecclesiae
1741 1785 1913 1849 dono
1973 1785 2176 1850 dedit.
2224 1786 2383 1849 Item
2444 1785 2770 1867 possessio
2826 1784 3132 1865 Sponsas,
3191 1783 3291 1846 via

70 1888 140 1951 15
182 1888 495 1953 Lavicana
534 1938 550 1967 ,
617 1899 925 1973 praestans
995 1892 1240 1959 solidos
1300 1894 1616 1959 ducentos
1674 1894 2003 1974 sexaginta
2078 1900 2141 1958 et
2214 1894 2399 1968 duo;
2472 1894 2594 1956 sub
2675 1892 2930 1956 civitate
3009 1893 3296 1954 Lauren-

187 1994 349 2056 tium
393 2000 423 2042 ι»
475 2000 803 2095 possessio
856 2001 1095 2075 Patras,
1149 2007 1455 2082 praestans
1495 2002 1742 2067 solidos
1788 2010 2046 2067 centum
2079 2008 2140 2067 et
2172 2002 2436 2083 viginti;
2495 2001 2616 2065 sub
2668 2000 2923 2064 civitate
2969 1998 3295 2080 Nepesina

181 2102 510 2181 possessio
574 2105 901 2185 Anglesis,
966 2114 1275 2188 praastans
1335 2109 1581 2173 solidos
1647 2115 1910 2174 centum
1974 2109 2499 2191 quinquaginta;
2566 2107 2687 2171 sub
2748 2106 3007 2169 civitate
3071 2119 3296 2184 supra-

182 2210 421 2290 scripta
478 2214 810 2292 possessio
844 2217 1119 2295 Terega,
1174 2224 1484 2298 praestans
1541 2217 1786 2282 solidos
1845 2225 2104 2281 centum
2165 2216 2632 2299 quadraginta;
2692 2214 2816 2277 sub
2868 2212 3128 2276 civitate
3187 2228 3298 2273 su-

178 2318 542 2398 prascripta
594 2320 839 2385 Falisca
899 2323 1226 2402 possessio
1297 2324 1640 2402 Herculis,
1708 2343 1852 2407 qua;
1911 2324 2142 2387 donata
2207 2329 2303 2387 est
2364 2324 2660 2401 Augusto
2719 2318 3174 2390 Constantino,
3235 2322 3300 2379 et

66 2421 140 2482 20
182 2422 519 2502 Augustus
573 2428 805 2494 obtulit
858 2432 1145 2496 ecclesiae
1201 2432 1607 2497 Hierusalem
1642 2478 1660 2509 ,
1745 2438 2049 2514 praestans
2104 2431 2346 2495 solidos
2403 2449 2576 2503 cu;
2645 2429 2800 2492 item
2862 2426 2984 2490 sub
3040 2424 3299 2488 civitate

184 2528 429 2592 Falisca
506 2532 831 2613 possessio
905 2530 1235 2612 Nimphas,
1296 2538 1602 2611 praestans
1664 2531 1905 2595 solidos
1958 2539 2215 2595 centum
2283 2537 2345 2594 et
2404 2516 2811 2612 quindecim;
2870 2527 2992 2592 sub
3039 2526 3298 2590 civitate

184 2628 386 2692 Juder
416 2636 742 2712 possessio
771 2633 1056 2712 Angulas
1090 2639 1399 2713 prtestans
1442 2633 1688 2696 solidos
1727 2640 1985 2697 centum
2019 2633 2490 2716 quinquaginta
2532 2638 2685 2695 tres.

257 2739 372 2813 42
457 2742 480 2771 °
539 2734 776 2798 Eodem
814 2742 1104 2817 tempore
1165 2735 1316 2798 fecit
1371 2735 1699 2799 basilicam
1758 2742 1992 2799 sanctae
2056 2736 2355 2816 martyris
2412 2734 2679 2815 Agnetis
2727 2749 2806 2795 ex
2860 2736 3087 2809 rogatu
3133 2727 3302 2791 Con-

181 2833 434 2895 stantite
484 2834 627 2898 tiliae
685 2854 841 2913 sua},
905 2844 966 2900 et
1004 2836 1458 2919 baptisterium
1508 2836 1575 2899 in
1614 2837 1841 2902 eodem
1894 2837 2060 2911 loco,
2125 2837 2238 2902 ubi
2309 2844 2372 2901 et
2428 2835 2744 2915 baptizata
2795 2840 2892 2896 est
2940 2848 3124 2895 soror
3159 2830 3302 2911 ejus

184 2929 558 2998 Constantia
619 2954 763 3000 cum
819 2938 947 3002 ﬁlia
1005 2937 1283 3017 Augusti
1345 2955 1381 2999 a
1438 2936 1749 3001 Silvestre
1811 2937 2139 3019 episcOpo,
2205 2935 2317 2999 ubi
2380 2934 2624 2997 donum
2689 2930 3027 2995 constituit
3100 2928 3225 2991 hoc
3282 2949 3298 2990 :

182 3044 480 3116 patenam
535 3062 613 3107 ex
665 3063 822 3111 auro
873 3046 1223 3126 purissimo
1261 3051 1643 3126 pensantem
1699 3041 1896 3105 libras
1952 3039 2216 3121 viginti;
2272 3039 2536 3103 calicem
2597 3055 2865 3102 aureum
2926 3041 3302 3119 pensantem

106 3136 384 3203 5liliras
443 3144 719 3219 decem;
798 3146 1157 3221 coronam”,
1232 3146 1500 3229 pharum
1580 3144 1959 3208 cantharum
2033 3158 2182 3205 cum
2247 3138 2579 3220 delphinis
2657 3137 2921 3217 triginta
3004 3153 3083 3199 ex
3139 3151 3300 3198 auro

187 3243 560 3321 purissimo,
619 3255 997 3326 pensantem
1043 3249 1242 3313 libras
1278 3246 1696 3330 quindecim;
1762 3251 2026 3325 patenas
2089 3247 2423 3321 argenteas
2473 3239 2659 3311 duas,
2722 3243 3068 3318 pensantes
3131 3235 3301 3315 sing.

190 3339 384 3405 libras
443 3344 710 3424 viginti;
763 3346 991 3409 calices
1038 3354 1375 3426 argenteos
1429 3347 1748 3427 quinque,
1808 3347 2154 3425 pensantes
2205 3341 2443 3420 singul.
2502 3340 2698 3403 libras
2752 3339 3012 3415 decem;
3073 3339 3307 3422 phara-

190 3441 488 3505 canthara
526 3452 831 3523 argentea
886 3446 1169 3524 triginta,
1245 3444 1583 3525 pensantia
1644 3444 1810 3521 sing.
1858 3442 2055 3504 libras
2113 3447 2299 3515 octo;
2356 3439 2861 3519 pharacanthara
2915 3456 3083 3502 aerea
3123 3438 3309 3501 auri-

195 3540 407 3605 chalca
474 3545 921 3625 quadraginta.
994 3546 1354 3610 Cerostrata
1418 3542 1842 3609 aurochalcha
1904 3546 2169 3621 argento
2243 3541 2421 3603 clusa
2482 3540 2758 3618 sigillata
2820 3541 3305 3621 quadraginta;

79 3638 150 3702 10
190 3644 520 3706 lucernam
574 3662 653 3707 ex
715 3663 873 3711 auro
942 3646 1290 3728 purissimo
1354 3645 1656 3708 nixorum
1714 3642 1743 3684 δ
1795 3639 2137 3704 duodecim
2204 3656 2400 3720 super
2450 3638 2721 3715 fontem,
2785 3657 2930 3719 qua!
2994 3641 3306 3721 pensabat

190 3741 337 3807 libr.
389 3764 500 3819 xv,
561 3752 621 3809 et
692 3748 935 3810 donum
971 3745 1041 3809 in
1074 3745 1351 3810 reditum
1390 3744 1555 3808 circa
1598 3742 1924 3807 civitatem
1981 3741 2256 3805 Fidenas
2319 3756 2574 3803 omnem
2637 3758 2881 3803 annum
2933 3753 2958 3782 ο
2998 3746 3308 3831 praestans

192 3845 441 3909 solidos
500 3853 761 3911 centum
826 3853 889 3911 et
951 3845 1281 3925 sexaginta
1391 3844 1510 3908 Via
1591 3842 1830 3907 Salaria
1885 3840 2007 3904 sub
2065 3839 2400 3904 Pavetinas
2464 3857 2677 3924 usque
2748 3861 3009 3910 omnem
3081 3860 3309 3923 agrum

191 3947 253 4009 S.
345 3950 563 4028 Agnes
642 3955 1048 4030 praestantem
1139 3945 1388 4010 solidos
1453 3950 1714 4009 centum
1782 3949 1845 4007 et
1906 3942 2243 4024 quinque;
2317 3958 2540 4020 agrum
2607 3944 2821 4018 Muci,
2897 3950 3309 4027 praestantem

194 4048 440 4113 solidos
500 4052 907 4131 octuaginta;
983 4048 1309 4130 possessio
1356 4046 1797 4128 Vic0pisonis,
1851 4052 2159 4126 praestans
2208 4043 2453 4108 solidos
2515 4045 2830 4111 ducentos
2868 4055 2929 4111 et
2989 4046 3312 4130 quinqua-

73 4150 146 4214 15
187 4153 399 4231 ginta;
439 4170 662 4233 agrum
694 4154 958 4219 Caculas
1001 4152 1021 4194 ί
1051 4159 1458 4234 praestantem
1495 4152 1740 4215 solidos
1771 4156 2060 4214 centum.
3225 4154 3233 4160 ’

263 4252 375 4327 43
452 4259 476 4298 ε
537 4254 777 4318 Eodem
850 4261 1136 4335 tempore
1196 4253 1647 4317 Constantinus
1704 4253 2029 4332 Augustus
2087 4248 2242 4315 fecit
2302 4249 2635 4315 basilicam
2694 4251 2869 4314 beato
2892 4252 2920 4331 ἶ
2952 4250 3310 4316 Laurentio

188 4356 486 4434 martyri,
533 4357 637 4417 via
702 4356 1042 4420 Tiburtina
1106 4357 1175 4417 in
1230 4372 1452 4435 agrum
1504 4354 1809 4416 Veranum
1844 4370 2042 4433 supra
2095 4352 2473 4414 Arenarium
2526 4360 2785 4432 crypta,
2846 4358 2911 4416 et
2972 4368 3187 4434 usque
3222 4351 3300 4414 ad

190 4481 428 4543 corpus
464 4465 532 4526 B.
572 4464 902 4528 Laurentii
936 4464 1235 4545 martyris
1264 4463 1331 4525 in
1365 4480 1492 4544 qua
1526 4459 1678 4525 fecit
1705 4460 1970 4540 gradum
2004 4459 2411 4522 ascensionis
2446 4463 2507 4521 et
2554 4456 3030 4522 descensionis.
3072 4458 3146 4520 1n
3179 4471 3311 4537 quo

190 4562 333 4626 loco
387 4566 747 4627 construxit
799 4565 1109 4639 absidam,
1166 4571 1229 4628 et
1286 4562 1622 4627 exornavit
1684 4560 2110 4626 marmoribus
2169 4558 2671 4642 porpliyreticis,
2720 4565 2783 4621 et
2819 4558 2921 4620 'de
2978 4555 3305 4636 superior'

116 4663 154 4725 5
198 4663 340 4727 loco
412 4663 728 4728 conclusit
788 4668 867 4731 de
911 4674 1203 4747 argento,
1257 4672 1319 4731 et
1374 4664 1695 4730 cancellos
1756 4682 1835 4729 ex
1900 4667 2167 4742 argento
2223 4661 2574 4745 purissimo
2622 4662 2898 4735 ornavit,
2956 4660 3075 4740 qui
3124 4675 3289 4738 pene

194 4766 393 4829 libras
453 4765 652 4842 mille,
725 4774 786 4830 et
841 4772 985 4830 ante
1042 4765 1257 4847 ipsum
1296 4766 1510 4829 locum
1565 4764 1634 4825 in
1699 4770 1919 4845 crypta
1976 4761 2196 4843 posuit
2260 4764 2592 4827 lucernam
2630 4781 2711 4827 ex
2748 4777 2906 4827 auro
2958 4759 3315 4840 purissimo

195 4875 504 4939 nixorum
566 4876 596 4917 ιι
651 4876 897 4951 decem,
964 4882 1342 4956 pensantem
1403 4873 1519 4936 lib.
1587 4872 1905 4957 triginta;
1968 4884 2281 4938 coronam
2348 4873 2722 4944 argenteam
2786 4883 2931 4931 cum
2993 4864 3321 4947 delphinis

195 4981 692 5064 quinquaginta,
750 4989 1129 5063 pensantem
1182 4984 1297 5046 lib.
1362 4980 1661 5061 triginta;
1703 4979 2078 5051 candelabra
2106 4994 2294 5052 aerea
2324 4977 2455 5041 duo
2487 4973 2560 5036 in
2595 4976 2872 5057 pedibus
2913 4971 3127 5044 denis,
3177 4989 3330 5053 pen-

197 5089 402 5167 santia
460 5089 626 5169 sing.
683 5091 829 5154 libr.
873 5098 1216 5155 trecentas.
1265 5093 1432 5155 Ante
1487 5104 1735 5169 corpus
1792 5086 1960 5155 beati
2024 5083 2382 5162 Laurentii
2426 5084 2731 5161 martyris
2774 5084 3035 5161 argento
3096 5074 3338 5138 clusam

85 5194 160 5228 .n
202 5196 569 5228 ηΑηηζΛηΛΜ
604 5196 808 5228 εἶπ’-ζιελ
889 5196 1116 5228 Αεηξιιζη
1171 5209 1451 5228 Α-οηκδιι-νι
1510 5212 1622 5228 nlln

1805 5192 1988 5250 ternis
2032 5188 2354 5250 bvsa:..:a
2394 5188 2715 5228 nrannfnic
2794 5185 3138 5228 noncnntp:
3178 5179 3342 5228 sing-
