3970 6316
565 338 569 343 ’
622 336 761 412 452's
1795 352 2152 416 ANASTASII
2191 356 2736 419 BIBLIOTHECARH
3460 346 3471 351 ’
3689 332 3777 418 isis

779 501 1026 555 santem
1080 490 1226 554 libr.
1276 511 1409 567 xv;
1458 492 1735 572 scyphos
1777 500 2113 571 argenteos
2150 493 2315 555 duos
2345 501 2687 574 pensantes
2732 493 2899 574 sing.
2944 491 3090 556 libr.
3126 495 3389 569 decem;
3425 491 3624 557 calices
3649 501 3779 563 mini-

795 580 1087 658 steriales
1121 603 1456 673 argenteos
1499 594 1743 667 decem,
1782 603 2122 674 pensantes
2155 595 2319 673 sing.
2354 594 2549 658 libras
2584 595 2810 674 viginti
2839 617 2856 670 ;
2888 613 3062 659 amas
3119 602 3452 677 argenteas
3502 595 3652 673 duas,
3676 618 3783 680 peu-

664 698 742 763 15
782 708 998 763 santes
1052 700 1244 763 libras
1296 721 1389 779 x;
1445 701 1637 782 phara
1689 709 1983 780 argentea
2046 701 2300 780 triginta
2353 703 2685 781 pensantia
2734 702 2989 781 singula
3040 698 3184 763 libr.
3235 718 3359 771 xv;
3408 705 3691 769 metretam
3730 722 3781 767 ex

785 822 943 867 auro
1012 823 1288 883 pensans
1342 804 1535 866 libras
1598 804 1855 865 centum
1918 800 2414 885 quinquaginta,
2474 800 2833 883 portantem
2893 801 3264 865 medemnas
3329 803 3476 859 tres.
3529 797 3589 858 In
3630 801 3781 864 eodem

785 894 928 966 loco
987 904 1381 983 possession.
1465 903 1798 983 cujdsdam
1857 902 2211 982 Cyriacetis
2272 902 2597 981 religiosae
2655 901 2956 980 feminae,
3032 919 3225 982 quam
3286 901 3474 963 ﬁscus
3529 918 3785 981 occupave-

785 1014 878 1069 rat
955 1016 1239 1090 tempore
1318 1010 1812 1091 persecutionis.
1882 1008 2548 1087 Veranum_fundum
2618 1016 2921 1088 praestari.
2998 1008 3245 1072 solidos
3299 1013 3545 1069 centum
3591 1010 3784 1090 quadra-

785 1104 989 1189 ginta;
1031 1114 1426 1193 pOSSession.
1481 1114 1659 1194 Aqua
1718 1106 1911 1174 'l‘uria
1968 1110 2043 1172 ad
2078 1111 2240 1173 latus
2298 1116 2594 1190 praestan.
2634 1110 2896 1177 .solidos
2942 1119 3201 1173 centum
3239 1111 3657 1194 quinquaginta
3681 1122 3786 1191 tres;

663 1212 743 1274 20
786 1217 1182 1293 possession.
1249 1217 1546 1298 Augusti,
1609 1214 1930 1279 territorio
1985 1208 2327 1279 Sabincnsi
2361 1261 2376 1290 ,
2463 1222 2758 1295 praestan.
2845 1212 3107 1278 nomine
3164 1204 3641 1281 Christianorum
3688 1221 3788 1283 soli-

787 1315 901 1376 dos
962 1316 1091 1378 cxx
1126 1340 1142 1393 ;
1200 1320 1525 1398 possessio
1582 1316 2020 1381 Sul‘uratarum
2060 1324 2355 1397 praestan.
2391 1318 2634 1381 solidos
2673 1319 3001 1397 sexaginta
3038 1337 3195 1391 sex;
3254 1320 3625 1401 possession.
3661 1323 3787 1386 Mici-

786 1432 902 1478 nas
939 1419 1238 1495 Augusti,
1304 1418 1597 1500 praestari.
1636 1419 1881 1484 solidos
1943 1422 2199 1482 centum
2250 1418 2771 1500 quinquaginta;
2824 1418 3224 1501 possession.
3293 1420 3641 1485 Thermulas
3691 1440 3789 1501 pra-

785 1527 977 1583 stant.
1015 1522 1259 1586 solidos
1292 1524 1667 1605 sexaginta;
1701 1524 2096 1602 possession.
2156 1525 2423 1598 Aranas,
2484 1530 2810 1604 p'rtestant.
2846 1520 3092 1588 solidos
3125 1520 3557 1605 septuaginta;
3614 1539 3791 1603 posses-

786 1623 956 1685 sion.
992 1625 1334 1705 Septimiti,
1370 1618 1696 1705 'prtestant.
1738 1624 1979 1688 solidos
2008 1626 2264 1688 rentum
2302 1625 2583 1704 triginta.
2913 1678 2925 1688 .

862 1728 971 1803 44
1054 1743 1083 1773 α
1137 1731 1400 1796 Eisdem
1452 1734 1854 1813 temporibus
1893 1732 2227 1811 Augustus
2254 1733 2717 1796 Constantinus
2750 1728 2898 1815 fecit
2930 1726 3253 1795 basilicam
3290 1729 3652 1793 beatissimis
3684 1748 3784 1793 mar-

785 1837 1036 1915 tyribus
1095 1838 1466 1900 Marcellino
1527 1839 1890 1918 presbytero
1948 1845 2000 1899 et
2058 1837 2246 1899 Petro
2317 1839 2650 1901 cxorcistw
2697 1840 2866 1902 inter
2921 1836 3097 1901 Duas
3171 1837 3461 1911 Lauros,
3517 1841 3570 1897 et
3615 1854 3793 1899 mauso-

788 1934 985 2008 leum,
1040 1937 1156 1999 ubi
1213 1938 1583 2003 beatissima
1635 1940 2073 2020 materipsius
2105 1942 2354 2022 sepulta
2398 1946 2493 2002 est
2532 1941 2775 2004 Helena
2829 1940 3140 2020 Angusta,
3197 1936 3272 2000 in
3324 1937 3669 2016 sarcophago
3710 1955 3795 2017 por-

787 2039 1146 2117 phyretico,
1199 2043 1299 2104 via
1362 2043 1698 2113 Lavicana,
1740 2044 2042 2106 milliario
2078 2044 2156 2106 ab
2217 2045 2374 2106 urbe
2405 2044 2602 2107 Roma
2659 2045 2874 2108 tertio.
2909 2044 2979 2106 In
3031 2058 3162 2122 quo
3220 2040 3368 2104 loCo
3399 2050 3456 2104 et
3517 2059 3613 2121 pro
3654 2060 3792 2104 amore

705 2136 748 2201 ὅ
791 2141 1015 2203 matris
1068 2160 1202 2204 suae
1257 2149 1320 2206 et
1388 2145 1803 2207 veneratione
1857 2151 2229 2207 sanctorum
2298 2143 2516 2223 posuit
2570 2144 2734 2206 dona
2811 2143 2940 2205 voti
3011 2140 3113 2202 sui
3166 2158 3182 2201 :
3258 2148 3544 2221 patenam
3599 2155 3660 2200 ex
3698 2155 3793 2200 auro

792 2241 1186 2319 purissimo,
1270 2253 1643 2324 pensantem
1705 2244 1901 2307 libras
1959 2244 2214 2323 triginta
2280 2245 2621 2327 quinque;
2683 2242 3063 2308 candelabra
3128 2250 3434 2320 argentea
3482 2258 3618 2304 auro
3677 2241 3787 2301 clusa

788 2349 1068 2419 quatuor
1129 2342 1198 2406 in
1247 2346 1520 2425 pedibus
1570 2367 1688 2419 xu,
1749 2348 2086 2429 pensantia
2133 2347 2390 2426 singula
2452 2347 2650 2410 libras
2696 2346 3053 2417 ducentas;
3113 2358 3421 2405 coronam
3469 2359 3541 2404 ex
3582 2355 3793 2416 auropu-

787 2440 1071 2513 rissimo,
1126 2460 1271 2522 quae
1335 2454 1430 2506 est
1490 2447 1726 2529 pharus
1775 2448 2117 2510 cantharus
2168 2465 2313 2510 cum
2380 2446 2705 2526 delphinis
2766 2450 3027 2508 centum
3082 2449 3143 2505 et
3201 2443 3466 2523 viginti,
3522 2446 3789 2523 pensantem

788 2540 979 2604 libras
1036 2558 1207 2617 xxx;
1258 2544 1488 2606 calices
1548 2562 1776 2607 aureos
1835 2555 1986 2616 tres,
2050 2552 2394 2626 pensantes
2437 2544 2683 2625 singuli
2720 2543 2915 2607 libras
2944 2543 3164 2606 decem
3207 2562 3358 2605 cum
3390 2544 3629 2622 gemmis
3667 2538 3791 2620 prasi-

663 2644 740 2704 10
780 2643 882 2705 nis
939 2651 999 2706 et
1056 2644 1549 2725 hyacinthinis;
1611 2666 1786 2712 amas
1837 2667 2065 2711 aureas
2127 2650 2321 2727 duas,
2389 2657 2733 2730 pensantes
2783 2646 3077 2727 singulas
3134 2646 3335 2708 libras
3390 2664 3501 2720 x1;
3554 2643 3705 2707 altare
3745 2658 3789 2701 ex

790 2754 1055 2824 argento
1132 2750 1522 2829 purissimo,
1582 2768 1860 2831 pensans
1931 2751 2126 2814 libras
2187 2770 2283 2814 cc.
2351 2754 2516 2814 Ante
2591 2749 2959 2830 sepulcrum
3021 2746 3534 2810 beatre‘llelenae
3585 2747 3790 2823 Augusta

788 2851 941 2917 fecit
1005 2873 1083 2918 ex
1140 2856 1396 2919 metallo
1470 2857 1923 2938 porphyretico
1992 2876 2072 2921 ex
2136 2858 2408 2938 sculptis
2476 2857 2757 2934 sigillis,
2823 2855 3329 2936 pbaracanthara
3391 2853 3594 2933 viginti
3642 2866 3790 2914 exar-

791 2964 984 3037 gento
1038 2959 1410 3037 purissimo,
1475 2978 1738 3039 pensau.
1807 2960 2063 3039 singula
2131 2960 2330 3023 libras
2394 2960 2645 3039 viginti.
2711 2959 2870 3021 ltem
2929 2958 2993 3020 in
3058 2958 3331 3020 basilica
3390 2954 3791 3021 sanctorumPe—

796 3061 877 3122 tri
942 3067 1002 3123 et
1063 3060 1421 3124 Marcellini
1477 3062 1718 3123 donum
1767 3063 1941 3143 quod
2007 3060 2185 3123 dedit
2263 3060 2383 3124 tale
2460 3068 2557 3123 est
2617 3080 2630 3119 :
2699 3059 2897 3123 altare
2976 3065 3356 3137 argenteum
3435 3056 3788 3140 purissimum,

674 3162 751 3225 15
794 3180 1071 3241 pensans
1134 3163 1329 3225 libras
1387 3164 1740 3238 ducentas;
1814 3171 2073 3242 patenas
2125 3181 2353 3226 aureas
2412 3161 2793 3241 purissimas
2862 3162 3048 3234 duas,
3110 3167 3457 3241 pensantes
3486 3154 3788 3234 librasquin-

798 3266 1063 3341 decim;
1118 3274 1380 3347 patenas
1440 3273 1772 3343 argenteas
1827 3265 2036 3338 duas,
2103 3272 2447 3344 pensantes
2502 3263 2790 3343 singulas
2850 3262 3047 3325 libras
3104 3281 3224 3335 xv;
3288 3258 3581 3341 scyphum
3610 3269 3788 3318 aureum

800 3371 1107 3448 majorem
1145 3414 1161 3445 ,
1226 3375 1603 3449 pensantem
1670 3367 1864 3428 libras
1919 3365 2192 3443 viginti,
2271 3365 2379 3427 ubi
2456 3382 2694 3427 nomen
2751 3366 3061 3441 Augustas
3134 3362 3544 3441 designatur;
3604 3352 3787 3434 scyphos

798 3477 1136 3550 argenteos
1198 3471 1531 3551 quinque,
1596 3476 1938 3549 pensantes
1995 3467 2233 3548 singuli
2302 3467 2499 3529 libras
2558 3486 2697 3540 xu;
2760 3465 2993 3529 calices
3062 3463 3510 3528 ministeriales
3552 3465 3787 3538 argenteos

798 3570 1050 3651 viginti,
1113 3580 1457 3651 pensantes
1515 3570 1759 3650 singuli
1828 3570 2023 3633 libras
2082 3576 2242 3641 tres;
2289 3586 2466 3632 amas
2520 3582 2853 3648 argenteas
2913 3575 3216 3649 quatuor,
3271 3570 3589 3647 pensantes
3630 3553 3784 3634 singul.

672 3672 758 3739 20
797 3673 991 3737 libras
1041 3694 1169 3752 xv;
1230 3677 1418 3739 annis
1497 3676 1775 3756 singulis
1832 3675 1959 3739 olei
2034 3674 2214 3738 nardi
2282 3674 2496 3755 pistici
2553 3674 2749 3737 libras
2828 3675 3318 3753 noningentas;
3375 3667 3614 3735 balsami
3662 3663 3786 3725 libras

796 3782 1106 3854 centum,
1167 3784 1454 3840 aromata
1517 3777 1858 3840 incensum
1914 3784 2065 3839 ante
2128 3782 2398 3854 corpora
2462 3781 2829 3837 sanctorum
2905 3772 3266 3836 Marcellini
3336 3779 3397 3838 et
3464 3769 3609 3833 Petri
3663 3764 3786 3827 libras

710 3857 736 3883 ’
797 3890 1080 3944 centum.
1162 3884 1458 3946 Fundum
1525 3884 1940 3947 Laurentium
2010 3888 2196 3963 juxta
2261 3882 2533 3945 formam
2586 3891 2612 3932 b
2677 3892 2822 3946 eum
2889 3882 3171 3958 balneo,
3232 3887 3296 3945 et
3366 3896 3598 3943 omnem
3643 3886 3784 3951 agrum

797 3999 831 4042 a
914 3990 1094 4060 porta
1156 3984 1553 4075 Foforritana
1610 4002 1633 4031 ο
1698 3986 1796 4048 via
1884 3984 2211 4047 itineraria
2285 4002 2491 4065 usque
2551 3983 2628 4047 ad
2695 3985 2864 4046 viam
2924 3984 3243 4058 Latinam,
3309 3983 3391 4046 ad
3446 3969 3784 4075 montem

795 4084 971 4149 bium
1025 4090 1077 4151 ἀ.
1137 4070 1285 4171 Ipse
1342 4106 1527 4154 mons
1603 4091 1868 4154 Galbius
1928 4091 2252 4171 possessio
2325 4094 2632 4169 Augustae
2705 4089 2970 4153 Helenae
3039 4095 3352 4169 praestans
3411 4083 3623 4151 solidos
3676 4070 3783 4138 mitte

673 4185 755 4249 25
798 4197 1054 4253 centum
1119 4175 1195 4255 et
1273 4194 1524 4272 viginti.
1608 4195 1891 4257 Insulam
1972 4192 2324 4257 Sardiniam
2397 4208 2542 4254 cum
2616 4191 3143 4271 passessionibus
3203 4190 3501 4253 omnibus
3554 4184 3616 4247 ad
3672 4193 3783 4241 eam-

794 4288 938 4353 dem
1002 4294 1529 4373 pertinentibus,
1601 4296 2007 4378 praestantem
2081 4294 2325 4359 solidos
2388 4292 2567 4356 mille
2632 4296 2692 4356 et
2759 4294 2986 4373 viginti
3044 4299 3368 4373 Quatuor;
3420 4285 3658 4351 insulam
3698 4278 3782 4339 Μοο

793 4410 1026 4455 senum
1081 4412 1228 4458 cum
1288 4396 1814 4476 possessionibus
1871 4398 1948 4460 ad
2000 4398 2291 4460 eamdem
2346 4395 2846 4475 pertinentibus,
2908 4403 3198 4475 praestan.
3270 4392 3508 4456 solidos
3539 4385 3779 4460 octingen-

790 4499 891 4556 tos
964 4500 1027 4557 et
1112 4496 1377 4573 decem;
1455 4501 1733 4564 insulam
1817 4500 2057 4562 Attitiaa
2137 4507 2196 4562 et
2272 4503 2556 4559 montem
2642 4497 3007 4574 Argentarii
3069 4507 3093 4537 ο
3175 4500 3566 4575 praestantem
3615 4480 3774 4548 solidos

790 4606 1160 4665 sexcentos.
1227 4604 1558 4667 Possessio
1614 4604 1681 4665 in
1734 4602 2055 4666 territorio
2118 4600 2482 4671 Sabinensi,
2551 4615 2697 4680 quas
2754 4598 3247 4679 cognominatur
3302 4596 3381 4661 ad
3441 4598 3590 4658 Duas
3637 4587 3775 4654 06585,

666 4697 748 4761 30
788 4702 912 4764 sub
936 4712 1165 4783 monte
1196 4706 1517 4781 Lucretio,
1560 4711 1866 4786 praestans
1902 4703 2144 4766 solidos
2180 4704 2515 4764 ducentos.
3150 4702 3159 4707 “

864 4802 973 4875 45
1062 4804 1082 4844 ί
1134 4808 1373 4871 Eodem
1438 4817 1726 4887 tempore
1782 4806 1935 4871 fecit
1982 4804 2310 4869 basilicam
2371 4801 2838 4867 Constantinus
2905 4816 2984 4867 ex
3032 4801 3446 4880 suggestione
3489 4786 3712 4860 Silvestri
3735 4785 3773 4845 in

787 4908 1043 4973 civitate
1100 4912 1440 4986 Ostiensi,
1520 4914 1702 4993 juxta
1771 4917 2028 4991 portum
2100 4908 2284 4971 urbis
2362 4909 2581 4969 Romae
2619 4950 2635 4981 ,
2703 4906 3043 4970 beatorum
3098 4901 3522 4984 apostolorum
3574 4888 3697 4955 Petri
3737 4888 3773 4945 et

785 5010 990 5085 Pauli,
1053 5022 1117 5076 et
1165 5017 1367 5078 sancti
1436 5018 1703 5103 Joannis
1763 5016 2083 5097 Baptistae,
2137 5013 2250 5075 ubi
2325 5020 2386 5075 et
2447 5011 2693 5076 donum
2763 5010 2999 5074 obtulit
3055 5031 3072 5072 :
3136 5017 3431 5090 patenam
3487 5004 3768 5081 argenteam.

778 5122 1159 5191 pensantem
1220 5116 1413 5181 libras
1497 5119 1795 5198 triginta;
1881 5115 2111 5180 Calices
2169 5121 2509 5194 argenteos
2578 5116 3233 5195 decem,.pensantes
3286 5112 3475 5175 libras
3527 5103 3765 5206 quinti"

697 5212 740 5276 5
782 5230 959 5277 amas
1009 5223 1345 5309 argenteas
1408 5220 1592 5295 duas,
1641 5227 1983 5300 pensantes
2054 5222 2341 5297 singulas
2400 5223 2597 5287 libras
2661 5223 2923 5296 decem;
2986 5219 3179 5301 phara
3249 5221 3529 5293 argentea
3575 5198 3766 5309 tris-inti,

778 5336 1048 5413 pensau.
1106 5306 1363 5399 singula
1431 5321 1630 5386 libras
1694 5324 2032 5404 quinque;
2094 5326 2375 5405 scyphos
2438 5332 2777 5404 argenteos
2837 5326 3046 5400 duos,
3108 5324 3447 5403 pensantes
3498 5295 3765 5413 singutttt‘

774 5406 922 5486 bras
1001 5442 1297 5499 novem;
1377 5435 1667 5506 patenam
1744 5435 2110 5508 argenteam
2199 5428 2607 5493 clirismalem
2694 5427 3142 5505 singularem,
3228 5428 3572 5507 pensantem
3637 5406 3763 5470 libras

777 5520 1042 5599 decem;
1104 5525 1339 5604 pelvim
1396 5544 1475 5590 ex
1527 5535 1789 5608 argento
1855 5527 1932 5591 ad
2000 5527 2419 5607 baptismum,
2492 5534 2872 5607 pensantem
2950 5526 3147 5590 libras
3208 5524 3466 5605 viginti;
3531 5509 3759 5580 insulam,

1720 5698 1985 5742 NOTULE
2014 5698 2422 5747 MARGLNALES
2454 5699 2797 5743 FABROTTI.

682 5808 730 5880 εξ-
758 5794 890 5880 γὶάε
916 5797 1118 5880 Baron.
1147 5800 1247 5854 loc.
1272 5802 1361 5880 cit.
1401 5871 1411 5880 _
1438 5803 1467 5841 ιν
1507 5801 1567 5866 C,
1607 5803 1944 5880 Formia_m_._A
1972 5817 2015 5880 _c
2043 5820 2249 5880 _nmnes
2277 5821 2442 5880 agros
2486 5822 2515 5860 a
2566 5814 2717 5878 porta
2751 5794 3087 5880 Sessortana.
3164 5798 3191 5846 δ
3232 5806 3284 5862 et
3324 5804 3478 5873 usque
3510 5786 3566 5850 int
3599 5770 3757 5844 Μσῧίεδ

612 5862 888 5925 Galbium.
967 5879 991 5908 ο
1031 5884 1152 5924 cum
1182 5879 1363 5926 monte
1387 5862 1729 5942 Argentaria,
1809 5875 1830 5913 ι
1882 5874 2010 5932 Vide
2036 5875 2232 5932 Βηνοη.
2266 5862 2365 5932 lo}.
2399 5879 2487 5932 (η.
2566 5862 2579 5878 ι
