3892 5254
109 297 226 354 1511

875 298 1195 356 HISTORIA
1234 297 1321 354 DE
1361 296 1537 353 VlTlS
1572 295 1738 354 ROM.
1782 295 1978 354 PONT.
2017 327 2090 340 --
2117 297 2172 354 S.
2207 294 2607 353 SILVESTER.’

3207 296 3229 350 1
3241 293 3347 352 542

107 412 269 468 divisit
293 396 492 483 titulos,
623 417 706 472 est
742 410 1016 467 Ecclesias
1067 412 1384 482 paroeciales
1435 412 1660 483 prcsby-
1691 417 1736 476 Λ
1765 413 2016 481 ptimtum
2075 414 2436 481 consignarent
2464 453 2479 477 ,
2518 418 2751 483 promer
2792 411 3088 483 na’reticam
3117 411 3348 468 Tsuasio-

107 484 242 536 teris.
287 482 643 540 Excrescente
679 483 1032 538 multitudine
1079 483 1335 547 tidelimn,
1382 482 1664 537 marcellus

103 553 169 608 25
199 552 364 607 titulos
395 554 447 608 in
482 553 626 610 Urbe
651 554 942 608 constituit.
981 554 1202 608 Reddita
1240 569 1368 623 pace
1414 554 1666 607 Ecclesia:

103 625 363 696 pontiﬁces
387 640 481 696 per
506 636 744 696 tempora
770 640 967 696 ansere
993 625 1174 696 titulos
1199 624 1374 696 Urbis.
1409 625 1666 696 Silvester

101 695 630 750 constituittitulum
670 695 898 764 Equitii,
957 695 1041 748 cui
1091 711 1283 748 nomen
1331 695 1397 748 ab
1452 695 1665 764 Equitio

101 712 361 748 consumit
407 712 614 750 lllllllllll
673 712 898 760 muttit,
957 712 1041 748 Cll!
1091 712 1234 748 neme

101 767 417 836 presbytero.
459 766 508 820 in
540 767 690 833 cujus
718 712 880 819 llundo
902 766 1108 836 positus
1135 774 1234 818 est.

168 835 314 888 Linea
351 836 437 889 14.
478 867 549 878 --
576 839 735 891 Amas
770 835 1041 905 argenteas
1082 836 1214 888 duas
1257 845 1528 904 pensantes
1555 838 1666 890 sin-

97 906 226 974 gulm
246 907 401 959 libras
432 907 615 962 denas.
642 906 827 960 Hamae
854 914 978 960 sunt
1016 921 1139 959 vasa
1166 921 1194 959 e
1231 906 1424 973 quibus
1453 907 1660 962 acetum

99 977 175 1029 vel
208 991 356 1045 aqua,
393 975 630 1031 funditur
677 977 742 1030 ad
778 975 1163 1045 exstinguenda
1215 976 1494 1040 incendia,
1545 977 1579 1028 l.
1609 975 1659 1041 5,

155 1046 442 1110 Sciendum,
473 1045 527 1100 ii.
561 1051 623 1101 de
652 1045 798 1117 Oﬁic.
824 1047 1058 1117 prarfcct.
1090 1045 1255 1115 rigil.;
1281 1046 1313 1098 l.
1348 1046 1660 1111 Qurrsitum,

109 1115 122 1186 ξ
160 1117 376 1180 Acetum,
408 1117 470 1171 de
498 1115 748 1170 Iusti-act.
781 1116 934 1186 legat.
973 1115 1107 1169 Plin.
1145 1117 1234 1182 lib.
1262 1131 1318 1170 ιιι
1340 1157 1352 1178 ,
1379 1117 1537 1185 epist.
1570 1121 1659 1172 55.

91 1186 231 1240 Amas
260 1187 308 1240 in
344 1203 440 1241 usu
467 1187 856 1248 ecclesiastico,
885 1196 1010 1240 sunt
1043 1203 1162 1240 vasa
1200 1202 1228 1240 e
1255 1186 1449 1256 qttibus
1481 1188 1660 1242 vinum

91 1257 173 1310 vel
217 1273 344 1326 aqua
399 1257 636 1312 funditur
677 1259 729 1310 in
784 1256 1004 1310 calicem
1063 1264 1282 1326 propter
1334 1259 1659 1312 sacrilirium

90 1329 277 1381 missre.
308 1329 558 1382 Anastas.
599 1330 650 1382 in
679 1325 952 1381 Beuedicl.
986 1325 1099 1380 illi:
1134 1348 1149 1378 ι
1181 1328 1368 1381 Amam
1401 1344 1560 1380 unam
1595 1344 1660 1384 ex

89 1408 304 1469 argento
343 1400 653 1467 purissimo,
697 1408 1008 1468 pensantem
1038 1397 1199 1450 libras
1231 1398 1432 1451 decem.
1475 1417 1490 1448 ι
1519 1398 1662 1454 Ordo

89 1469 357 1522 Romanus
382 1486 395 1524 :
419 1487 436 1520 ι
464 1471 626 1523 Amas
650 1477 953 1538 argenteas,
982 1469 1361 1530 cantatorium,
1390 1477 1442 1521 et
1467 1479 1658 1525 eanera

85 1555 210 1591 vasa
249 1553 404 1592 aurea
434 1551 488 1593 et
517 1537 787 1609 argenteia.
827 1559 842 1588 ι
876 1537 1000 1609 lude
1037 1540 1226 1591 amula:
1258 1539 1656 1594 din‘tinutimtn.

79 1609 325 1663 Anastas.
360 1611 410 1680 in
451 1608 674 1680 Gregor.
709 1609 767 1663 lll
803 1625 815 1662 :
862 1627 878 1659 ‹
902 1608 966 1680 rln
1002 1609 1474 1680 oratorioamulas
1500 1627 1662 1680 super

83 1691 298 1733 auratas
340 1677 488 1749 paria
514 1677 636 1733 duo.
673 1701 690 1732 ι
721 1680 862 1733 idem
899 1679 949 1732 in
978 1679 1214 1733 Adriano
1251 1679 1269 1732 l
1305 1698 1317 1732 :
1355 1698 1371 1727 ο
1410 1677 1656 1736 Amidam

79 1749 618 1834 oden-toriam_tttiam
669 1759 982 1834 pensantem
1039 1750 1206 1804 libras
1263 1752 1542 1819 sexaginta
1575 1763 1733 1834 .etB

80 1831 301 1890 septem.
336 1841 354 1872 ›
391 1819 684 1876 llamaruni
713 1829 767 1875 et
797 1819 1136 1874 hamularum
1169 1837 1320 1874 usmn
1353 1832 1535 1889 aperte
1575 1823 1656 1876 in-

78 1892 225 1962 dicat
265 1891 406 1946 Ordo
457 1893 770 1946 Romanus:
809 1911 826 1942 ‹
865 1891 1073 1944 Αιιιιιιτρ
1117 1900 1385 1962 argentea:
1435 1896 1500 1946 ad
1535 1895 1657 1947 vina

77 1961 344 2034 fundentia
376 1973 597 2034 parate.
631 1981 648 2014 ι

157 2032 310 2085 Linea
344 2031 429 2087 15.
464 2064 533 2072 -
556 2031 810 2087 Patenam
843 2041 1138 2102 argenteam
1169 2031 1496 2086 clirismalem
1528 2053 1658 2100 auro

75 2102 299 2170 clusum,
325 2113 623 2173 pensantem
646 2104 803 2156 libras
828 2101 1070 2173 quinque.
1097 2101 1295 2157 Patena
1326 2104 1656 2172 chrismatis,

74 2182 163 2227 est
191 2183 375 2243 patena
406 2176 457 2228 in
483 2191 584 2244 qua
622 2175 857 2229 chrisma
891 2176 1274 2243 deponebatur,
1314 2186 1559 2243 paratmn
1592 2179 1657 2230 ad

71 2245 474 2308 ordinationes,
523 2245 606 2299 vel
652 2247 994 2314 baptismum.
1043 2247 1188 2296 Auro
1230 2244 1376 2299 clusa
1427 2247 1655 2312 dicitur,

70 2315 204 2384 quia
240 2315 608 2371 iucludebatur
649 2332 809 2369 aurea
843 2317 996 2369 theca
1028 2315 1282 2370 custodite
1329 2331 1510 2370 causa.
1555 2317 1657 2371 Pa-

71 2397 201 2459 lena
228 2396 309 2459 est
335 2403 429 2459 vas
457 2396 662 2459 patens,
698 2386 886 2459 it_t__quo
920 2386 1194 2459 reponitur
1222 2403 1433 2440 sacrmn
1465 2405 1661 2459 corpus

66 2457 298 2510 Christi.
345 2455 591 2511 Anastas.
642 2458 694 2510 in
726 2455 944 2511 NiCoIao
978 2455 1034 2511 l:
1069 2477 1084 2507 ι
1138 2456 1393 2511 Ρίιιοιιξιιιι
1433 2473 1497 2512 ex
1529 2455 1661 2512 auro

65 2528 367 2596 purissimo
415 2528 560 2582 misit
606 2527 830 2581 Michael
876 2528 1201 2597 Imperator,
1252 2544 1372 2581 cmn
1431 2530 1660 2584 diversis

65 2597 344 2668 lapidibus
372 2598 624 2668 pretiosis
669 2597 826 2668 albis,
862 2599 1094 2668 prasinis
1133 2607 1186 2653 et
1215 2599 1598 2668 hyacinthinis.
1637 2619 1654 2652 ι

62 2667 213 2722 Hinc
239 2678 430 2737 patena
469 2669 620 2723 calici
653 2667 979 2738 adiungitur.
1012 2667 1284 2723 Ditmarns
1311 2668 1403 2724 lib.
1436 2670 1468 2723 6
1497 2689 1508 2724 :
1549 2689 1566 2721 ‹
1597 2671 1661 2726 Et

63 2755 329 2810 magnum
362 2739 581 2810 calicem
627 2754 694 2793 ex
742 2739 929 2794 eodem
959 2739 1173 2795 metallo
1203 2757 1323 2796 cum
1359 2751 1552 2810 patena
1583 2743 1659 2797 si-

60 2811 184 2864 mul
219 2819 271 2862 et
299 2809 472 2864 lislula
499 2810 661 2865 dedit.
702 2830 719 2862 ι

141 2879 321 2952 Linea
356 2880 444 2945 15,
473 2879 662 2947 16.;—-
690 2880 868 2936 Pharo
897 2891 1144 2937 coronata
1175 2882 1349 2936 decem
1389 2892 1660 2952 pensantes

56 2950 214 3024 sing.
251 2951 423 3024 libras
467 2962 699 3024 o_ct_onas.
737 2952 947 3006 Pharus
986 2961 1068 3007 est
1114 2953 1287 3019 majus
1335 2950 1510 3024 lychni
1565 2973 1659 3010 seu

53 3021 381 3075 candelabri
421 3021 503 3075 vel
548 3021 779 3077 lucerna:
825 3038 994 3091 genus
1043 3021 1367 3078 translatitie
1407 3040 1435 3078 a
1481 3027 1660 3081 Pharo

53 3091 452 3155 Alexandrina,
481 3108 598 3160 qua:
637 3093 702 3146 de
741 3102 895 3146 nocte
939 3094 1310 3162 navigantibus
1353 3096 1653 3151 adlucebat.

50 3165 331 3236 Anastas.
379 3141 511 3236 inir.‘
536 3164 634 3218 hoc
683 3163 802 3236 loco
833 3181 844 3236 ς
876 3182 898 3220 ί
933 3141 1162 3217 ΡΙιίιιῗιιιι
1193 3145 1256 3219 ex
1306 3141 1653 3236 aurovpnris:
1683 3141 1733 3204 δ

49 3233 232 3296 Simo,
267 3232 398 3305 item
437 3234 660 3302 pharum
703 3233 1024 3288 cantharum
1073 3250 1136 3289 ex
1185 3251 1316 3289 auro
1365 3232 1658 3305 purissimo

45 3313 195 3378 ante
229 3303 416 3365 altare,
450 3306 632 3378 inquo
655 3305 807 3359 ardet
830 3307 1003 3378 oleum
1029 3306 1308 3361 nardicum
1333 3303 1603 3378 pisticum.
1636 3327 1655 3362 ι

45 3374 140 3446 Et
187 3389 380 3446 rursus
425 3391 436 3425 :
481 3393 499 3425 ί
535 3375 769 3428 Pharum
822 3377 1138 3446 cantharum
1189 3374 1501 3446 argenteum
1537 3395 1658 3434 cum

38 3444 344 3516 delphinis
390 3454 602 3499 centum
651 3455 705 3499 et
749 3446 959 3516 viginti.
1015 3464 1032 3496 ι
1061 3445 1228 3516 fidem,
1263 3444 1332 3500 ἰιι
1362 3448 1603 3502 Adriano
1641 3467 1655 3505 :

42 3535 68 3565 ι
121 3515 366 3569 Fecit‘et
397 3516 565 3569 t‘artun
606 3515 861 3586 majorem
895 3517 944 3568 iu
975 3515 1161 3570 eadem
1215 3515 1360 3570 beati
1391 3516 1535 3571 Petri
1565 3534 1659 3573 cc-

31 3586 233 3639 clesia
285 3586 336 3640 in
380 3597 556 3657 typum
607 3587 816 3650 crucis,
857 3587 948 3655 qui
997 3588 1192 3655 pendet
1220 3598 1342 3641 ante
1377 3589 1661 3710 Bresbyte-

31 3656 230 3710 rium.
263 3656 548 3710 habentem
581 3657 832 3710 candelas
863 3657 1020 3710 1565.
1055 3675 1072 3708 ι
1099 3656 1241 3710 Idem
1284 3659 1334 3710 iu
1421 3660 1655 3710 cncdict.

31 3656 230 3718 rium,
263 3656 548 3710 habentem
581 3657 832 3711 candelas
863 3657 1020 3712 1565.
1055 3675 1072 3708 ι
1099 3656 1241 3712 Idem
1284 3659 1334 3712 iu
1377 3656 1655 3714 Benedict.

21 3726 110 3779 lll
167 3744 237 3797 :74
279 3726 513 3781 Pharum
557 3728 871 3782 cantharum
921 3736 1230 3797 argenteum
1281 3728 1555 3783 sedentem
1605 3731 1656 3784 in

20 3796 298 3879 pedibus
323 3806 575 3879 quatuor,
601 3799 651 3851 in
684 3813 789 3879 quo
818 3796 1036 3879 lucerna
1060 3798 1217 3852 simul
1240 3807 1293 3879 et
1322 3800 1462 3879 cerei
1494 3817 1659 3879 pone-

17 3868 470 3940 lganturrjusta
531 3868 850 3940 lectorium,_
879 3869 1014 3922 miro
1062 3868 1412 3940 Operel'ecit.
1458 3868 1507 3940 νί
1548 3871 1656 3927 Leo

15 3939 337 3994 Ostiensis
369 3938 619 3992 Chronic.
651 3939 804 3994 Cass.
838 3938 929 3993 lib.
966 3955 1047 4005 ιιι,
1081 3938 1198 4008 cap.
1230 3939 1289 3993 51
1330 3955 1343 3992 :
1380 3958 1397 3991 ‹
1425 3939 1574 3997 Fecit
1605 3952 1658 3998 ct

11 4011 298 4079 phorum
328 4025 449 4063 cum
482 4010 545 4062 12
589 4011 926 4064 extrinsecus
971 4011 1366 4079 pertinentibus
1418 4014 1657 4069 turribus

6 4096 139 4133 sex
174 4119 192 4144 ,
247 4089 306 4134 et
337 4079 567 4150 triginta
617 4081 972 4150 lampadibus.
999 4100 1029 4131 η»
1077 4080 1409 4135 Walalridus
1459 4083 1656 4139 Strabo

5 4152 156 4204 Vit.
217 4150 280 4204 S.
322 4147 457 4204 Galli
505 4151 594 4204 lib.
641 4147 865 4220 Il,'cap.
895 4151 994 4214 54,
1042 4150 1182 4220 apud
1230 4151 1352 4206 Sur.
1403 4163 1532 4207 tom.
1565 4153 1653 4212 V:

5 4242 36 4274 ι
95 4221 332 4295 Farum
358 4235 481 4295 qua:
509 4231 631 4295 ante
671 4222 840 4295 altare
870 4223 1039 4295 sancti
1060 4222 1206 4295 Galli
1238 4223 1525 4292 pendebat,
1560 4242 1656 4295 pro

0 4291 420 4348 incendeudis
447 4291 815 4363 luminaribus.
850 4311 866 4343 ι
898 4293 987 4346 Ait
1023 4293 1196 4363 oleum
1240 4291 1268 4345 e
1300 4295 1467 4348 nardo
1508 4291 1656 4363 pisti-

0 4379 205 4426 cum,
241 4363 300 4441 id
330 4362 597 4441 es_t__lidele
618 4405 630 4426 ,
679 4364 1000 4441 pretiosnm,
1034 4362 1294 4441 ιιι-,Μεινοὶ
1348 4365 1436 4430 14,
1464 4362 1651 4441 νάρδου

0 4440 332 4505 πιστικρῦ.
389 4432 701 4505 llierouym.
759 4436 809 4486 in
854 4434 1040 4488 Matth.
1097 4433 1187 4487 lib.
1239 4450 1312 4497 ιν,
1359 4449 1478 4505 Cap.
1523 4432 1592 4491 '26
1636 4455 1649 4491 :

0 4528 16 4559 ι
69 4504 356 4558 Nardum
383 4498 651 4576 pislictu'n.
686 4505 786 4558 hoc
811 4516 890 4558 est
919 4519 1100 4576 verum
1131 4512 1185 4557 et
1230 4498 1440 4575 absque
1462 4509 1602 4561 dolo.
1628 4527 1645 4559 ›
1682 4498 1728 4556 D
1758 4505 1944 4561 Sidon.
1996 4498 2088 4560 lib.
2131 4523 2179 4569 v,
2204 4498 2372 4576 epist.
2420 4498 2449 4558 7
2491 4524 2503 4559 :

15 4578 339 4648 Interdum
370 4577 538 4643 pharo
560 4573 1143 4648 jungiturcantharus,
1174 4577 1315 4644 quod
1351 4573 1444 4632 est
1483 4595 1650 4648 genus

0 4647 220 4707 :uSiS,
253 4646 341 4698 cui
369 4647 760 4714 superponitur
781 4646 1000 4714 pharus.

97 4717 298 4788 Num.
322 4715 411 4781 55,
445 4717 539 4769 lin.
567 4716 619 4770 8.
647 4747 730 4788 7——_
762 4717 824 4768 Et
866 4718 1089 4770 chrisma
1119 4715 1182 4769 ab
1237 4718 1472 4788 episcopo
1528 4737 1648 4774 con-

0 4791 142 4844 ici.
218 4786 580 4861 Consecratio
611 4785 917 4861 chrismatis
949 4785 1273 4861 estordinis
1306 4785 1640 4861 epiScopalis,

0 4878 76 4914 at
125 4859 366 4930 synodo
395 4858 634 4911 Romana
666 4858 848 4930 habita
878 4861 989 4930 sub
1019 4857 1278 4914 Silveslro
1314 4857 1434 4916 can.
1468 4857 1521 4914 4'.
1573 4861 1644 4915 Ea

13 4941 108 4987 st
139 4929 339 5004 s'etita
376 4929 728 5004 presbyteris,
762 4937 815 4981 et
857 4929 979 4983 data
1014 4930 1138 5004 sqlis
1181 4932 1460 5004 episcopis,
1504 4933 1643 5002 quod

25 5002 317 5076 ῐτοιιειῇι
355 5016 471 5070 syn.
501 5000 768 5076 ’μυ-τιμῆς.
821 5015 880 5060 ιι,
919 5017 1018 5076 can
1048 5001 1117 5076 _5,
1160 5011 1213 5054 cl
1255 5000 1643 5076 Carihagftti,

1 5095 62 5130 ςιι
83 5090 157 5125 ιι.
201 5071 304 5145 68,
339 5067 459 5126 can.
491 5067 737 5145 Sijubet,
771 5079 825 5123 et
854 5085 967 5140 seq.
991 5072 1080 5137 ‘26,
1108 5086 1196 5138 qu.
1242 5074 1292 5128 6.
1333 5067 1642 5145 llierimym.

0 5165 42 5199 1
109 5143 362 5212 Suplton
393 5141 832 5218 req-Sacerdotes
880 5158 1112 5218 (pioque,
1159 5145 1248 5218 qui
1283 5149 1406 5204 dant
1447 5141 1648 5217 baptis-

1768 499 1902 535 ncm.
1933 485 2279 552 Consignalio
2309 500 2401 537 seu
2453 481 2789 537 conﬁrmatio
2830 481 3224 550 baptizatOrum
3264 492 3348 541 est

1764 553 1968 606 ordinis
1999 554 2333 624 episcOpalis.
2367 564 2420 607 et
2450 554 2677 622 pertinet
2707 553 2772 624 ad
2804 553 3085 622 episcopos
3114 562 3343 619 tantum,

1765 639 1830 677 ex
1870 631 2073 693 synodo
2097 623 2341 678 Romana
2370 625 2550 678 habita
2579 625 2676 678 sub
2703 623 2978 675 Silvestro.
3018 624 3168 689 Quod
3197 642 3342 680 com-

1768 695 2050 764 probatum
2093 704 2174 748 est
2219 710 2339 748 can.
2383 694 2703 764 I’resbglcris
2743 704 2795 746 et
2833 709 2945 762 scq.
2992 696 3054 764 de
3089 711 3346 757 consecr.,

1764 763 1887 818 dist.
1931 766 1986 826 li,
2019 782 2138 818 can.
2166 765 2241 819 De
2271 767 2373 829 his,
2405 779 2524 820 can.
2563 764 2779 828 Manus,
2817 780 2936 817 can.
2977 763 3268 819 Novissime
3297 773 3350 819 et

1765 850 1916 904 seqq.
1947 837 2009 888 de
2037 853 2293 899 consecr.,
2335 837 2461 890 dist.
2499 835 2551 888 5.
2595 831 2905 906 l‘licronym.
2948 836 3012 888 ad
3055 835 3350 906 Lucifcria-

1764 923 1867 974 nos
1910 923 1921 959 :
1971 924 1988 956 ι
2024 906 2138 959 Non
2185 907 2399 974 quidem
2438 907 2614 960 abnuo
2649 905 2803 958 hanc
2833 920 2950 959 esse
2987 905 3345 960 Ecclesiarum

1763 973 2233 1040 cousuetudinem,
2265 986 2321 1029 ιιι
2361 977 2425 1029 ad
2455 992 2569 1041 eos,
2613 977 2702 1044 qui
2743 975 2898 1046 longe
2945 976 2997 1029 in
3047 977 3348 1031 minoribus

1763 1047 1986 1100 urbibus
2028 1063 2121 1116 per
2162 1047 2504 1117 presbyteros
2531 1055 2582 1105 et
2611 1046 2876 1117 diaconos
2907 1047 3162 1115 haptizati
3200 1056 3347 1114 sunt,

1763 1114 2045 1190 cpiscopus
2083 1114 2586 1172 all—itwoeationem
2635 1117 2803 1172 sancti
2848 1114 3082 1190 Spiritus
3125 1134 3344 1172 mamnn

1764 1188 2111 1256 impositurus
2141 1197 2414 1242 excurrat.
2452 1208 2470 1240 ι

1835 1258 1998 1311 Linea
2028 1258 2108 1310 lO.
2139 1289 2207 1296 —
2249 1258 2350 1312 llic
2391 1268 2437 1311 et
2472 1259 2567 1312 hoc
2606 1259 2890 1323 constituit,
2932 1266 2989 1312 ut
3031 1257 3350 1329 baptizatum

1762 1327 1934 1401 liniret
1956 1329 2218 1398 presbyter
2265 1328 2806 1401 chrismatelevatum
2847 1329 2909 1382 de
2943 1327 3105 1401 aqua,
3134 1340 3344 1401 propter

1764 1399 2089 1451 occasionem
2117 1401 2370 1453 transitus
2408 1399 2610 1453 mortis.
2659 1399 2997 1453 Chrismatio
3035 1399 3141 1453 seu
3166 1402 3352 1454 unctio

1762 1468 2151 1538 baptizatorum
2177 1470 2417 1523 inslituta
2438 1487 2464 1523 a
2491 1470 2746 1524 Silvestro
2773 1480 2991 1538 propter
3015 1472 3349 1526 occasionem

1766 1540 2278 1612 transitusmortis,
2329 1541 2379 1593 id
2437 1550 2516 1595 est
2566 1551 2780 1612 propter
2829 1539 3136 1612 frequentes
3172 1558 3348 1608 casus,

1763 1611 1852 1681 qui
1909 1610 2314 1682 contingebant,
2361 1620 2417 1664 ut
2465 1610 2672 1664 reccns
2702 1611 2954 1679 baptizati
2993 1613 3225 1681 obirent.
3277 1613 3352 1667 De

1763 1695 1870 1748 quo
1903 1682 2205 1734 vicecomes
2231 1683 2293 1734 de
2316 1682 2568 1750 Baptism.
2605 1682 2696 1736 lib.
2737 1699 2791 1746 γ,
2831 1697 2949 1750 cap.
2984 1683 3036 1736 5.

1813 1751 1996 1804 Linea
2029 1753 2114 1805 11.
2143 1780 2214 1790 -—
2237 1751 2340 1804 llic
2367 1754 2650 1805 constituit.
2682 1762 2734 1804 ut
2760 1751 2935 1805 nullus
2965 1751 3129 1807 laicus
3158 1754 3352 1807 crimen

1763 1819 2171 1895 clericoinferre
2195 1823 2409 1895 audeat,
2435 1831 2537 1895 etc.
2569 1823 2643 1895 lix
2672 1825 2875 1895 synodo
2904 1822 3142 1876 Romana
3174 1824 3352 1895 habita

1762 1891 1862 1943 sub
1896 1892 2154 1946 Silvestro
2190 1909 2311 1946 can.
2353 1892 2438 1957 14,
2473 1893 2590 1946 laici
2634 1891 2735 1947 non
2769 1895 3058 1946 audiuntur
3085 1905 3247 1948 testes
3275 1894 3355 1948 vel

1761 1972 2104 2034 accusatores
2148 1964 2410 2034 adversus
2452 1966 2794 2034 episcopum,
2848 1980 2970 2016 can.
3024 1962 3250 2026 Nullus,
3278 1964 3350 2029 2,

1760 2047 1867 2105 qu.
1901 2033 1958 2098 7,
2011 2051 2129 2088 (ιςιιι.
2180 2033 2552 2087 Testimonium
2606 2033 2838 2105 11,7qu.
2894 2035 2944 2100 1,
2999 2034 3126 2105 quia
3162 2035 3356 2104 Oppido

1761 2103 1914 2157 multi
1956 2105 2131 2158 infesti
2165 2106 2242 2158 eis
2264 2107 2519 2170 existunt,
2553 2121 2673 2159 can.
2705 2103 2916 2170 Laicos,
2948 2103 3071 2159 can.
3100 2103 3270 2172 Laici,
3294 2107 3346 2170 ‘2,

1763 2190 1854 2243 qu.
1898 2176 1947 2228 7.

1789 2242 1794 2280 ἓ
1833 2245 1994 2299 Linea
2029 2246 2114 2300 19..
2153 2277 2222 2285 —
2253 2242 2354 2298 Hic
2397 2247 2685 2311 constituit,
2718 2255 2773 2298 ut
2818 2246 3029 2300 diaconi
3063 2245 3348 2301 dalmatica

1762 2327 2030 2370 uterentur
2066 2319 2117 2370 in
2157 2316 2424 2382 Ecclesia,
2453 2328 2498 2371 ct
2525 2316 2684 2387 pallio
2731 2318 2979 2370 linostino
3021 2316 3148 2371 la'ra
3175 2335 3353 2371 eorum

1762 2397 2052 2456 tegeretur,
2105 2399 2211 2442 etc.
2267 2388 2510 2441 Silvestri
2555 2390 2854 2441 institutum
2896 2397 2996 2452 est,
3037 2398 3094 2440 ut
3141 2389 3352 2444 diaconi

1764 2458 2014 2511 Ecclesia:
2042 2458 2298 2513 Romamn
2341 2459 2642 2514 dalmaticis
2677 2469 2956 2512 uterentur
2989 2461 3128 2512 intra
3171 2459 3356 2512 Eccle-

1763 2531 1917 2583 siam.
1946 2528 2167 2584 Ca-leris
2200 2530 2542 2584 interdictum
2569 2539 2651 2583 cst
2678 2545 2773 2583 usu
2805 2529 3128 2593 dalmaticzc,
3155 2531 3256 2583 nisi
3289 2545 3355 2584 ex

1762 2599 2058 2669 privilegio,
2085 2609 2141 2653 ut
2161 2600 2584 2663 Arelatensibus,
2611 2618 2730 2654 can.
2759 2600 3081 2661 Communis,
3105 2599 3173 2652 2i
3203 2601 3353 2666 dist.,

1763 2670 1842 2723 vel
1867 2673 2029 2724 certis
2052 2671 2259 2735 diebus,
2291 2687 2409 2725 can.
2439 2671 2500 2724 de
2522 2670 2756 2740 Jejunio,
2783 2671 2872 2723 76.
2902 2670 3026 2724 dist.
3062 2670 3353 2726 Dalmatica

1763 2751 1845 2794 est
1879 2741 2058 2795 tunica
2086 2742 2203 2796 sine
2241 2742 2468 2796 manicis
2516 2757 2635 2810 qua:
2662 2752 2744 2796 est
2775 2741 2940 2794 vestis
2983 2741 3352 2794 diaconorum.

1761 2811 2048 2880 Augustin.
2097 2813 2296 2879 Qtuesl.
2331 2813 2509 2866 Vcter.
2539 2811 2792 2866 'I‘estam.
2820 2827 2938 2881 cap.
2980 2810 3049 2864 46
3083 2825 3096 2862 :
3135 2830 3150 2860 ‹
3191 2811 3355 2877 Quasi

1763 2896 1870 2936 non
1913 2882 2070 2936 hodie
2116 2883 2325 2938 diaconi
2370 2884 2671 2937 dahnalicis
2715 2881 3008 2934 induantur
3053 2881 3188 2935 sicut
3238 2883 3353 2949 cpi-

1764 2953 1932 3022 scopi.
1961 2971 1978 3004 ›
2007 2953 2364 3007 EtAnunian.
2395 2953 2487 3007 lib.
2522 2969 2649 3007 xxw
2682 2971 2693 3006 :
2724 2971 2741 3001 ί
2777 2951 3106 3005 l’cctoraleln
3140 2951 3354 3005 tunicu-

1766 3021 1871 3077 lam
1899 3025 2013 3078 sine
2046 3024 2273 3078 manicis
2305 3033 2528 3089 textam,
2563 3023 2740 3078 Maras
2766 3023 2982 3091 quidam
3029 3021 3244 3076 nomine
3274 3023 3354 3076 in-

1764 3096 1924 3150 dutus
1965 3105 2068 3159 est,
2101 3105 2160 3148 ut
2201 3095 2469 3165 appellant
2502 3095 2816 3158 Christiani,
2844 3093 3123 3165 diaconus.
3176 3111 3194 3143 ›
3236 3092 3358 3146 Dal-

1769 3167 1980 3220 inatica:
2011 3162 2470 3235 additur'pallitnn
2501 3165 2810 3219 liuostinum
2842 3163 2892 3216 in
2925 3162 3052 3235 hera
3087 3165 3137 3216 in
3164 3174 3354 3217 ornatu

1768 3236 2110 3300 clericorum,
2136 3232 2276 3305 quod
2306 3244 2388 3290 est
2412 3235 2628 3305 pallium
2654 3237 2876 3297 linenm,
2907 3232 3046 3305 alba,
3083 3249 3173 3287 seu
3202 3251 3356 3304 map-

1768 3307 1917 3376 pula,
1951 3322 2053 3376 qua
2084 3303 2374 3360 utebantur
2404 3303 2613 3360 diaconi
2646 3306 2900 3359 Ecclesia:
2927 3303 3200 3367 Romamn,
3232 3303 3353 3360 can.

1766 3377 2056 3439 Diaconus,
2083 3394 2203 3431 can.
2233 3376 2402 3440 Illud,
2432 3378 2500 3431 95
2527 3379 2650 3429 dist.
2687 3380 2795 3429 hoc
2823 3384 2924 3438 est,
2955 3376 3354 3446 oraﬁuniquod

1766 3448 1978 3516 diaconi
2010 3457 2222 3516 gestant
2255 3448 2309 3500 in
2351 3448 2569 3500 sinistro
2605 3449 2850 3510 humero,
2881 3461 3002 3500 can.
3035 3443 3207 3499 Unum
3230 3443 3355 3501 bra-

1765 3516 1926 3580 rium,
1958 3515 2047 3570 25.
2079 3518 2205 3570 dist.

1839 3586 1999 3639 linea
2034 3586 2118 3640 14.
2145 3617 2210 3625 -
2243 3585 2345 3657 llic
2369 3585 2658 3648 constituit,
2687 3593 2742 3637 ut
2773 3585 2947 3657 nullus
2972 3585 3185 3639 clericus
3204 3603 3358 3657 prap-

1765 3665 1844 3710 tcr
1878 3672 2091 3709 causam
2125 3655 2403 3727 quamlibet
2453 3657 2504 3709 in
2551 3657 2748 3708 curiam
2789 3656 3022 3727 introiret
3052 3695 3064 3719 ,
3095 3655 3356 3727 necante

1753 3727 1988 3797 judicent
2018 3724 2242 3781 cinctum
2272 3742 2488 3797 causam
2523 3728 2735 3790 diceret,
2764 3727 2865 3778 nisi
2893 3728 2947 3779 in
2975 3724 3232 3778 Ecclesia.
3276 3727 3355 3781 lix

1762 3800 1968 3868 synodo
2000 3798 2239 3852 Romana
2285 3798 2383 3851 sub
2416 3796 2674 3852 Silvestre
2718 3803 2953 3862 velatur,
2988 3813 3056 3851 ne
3093 3798 3212 3866 quis
3248 3798 3358 3852 clc-

1762 3871 1908 3923 rieus
1934 3870 2325 3940 causaindicat
2347 3870 2486 3940 apud
2506 3870 2740 3940 jtnlicem
2777 3869 3035 3940 cinctum,
3057 3868 3120 3938 id
3135 3871 3254 3940 "est
3274 3869 3354 3922 ci-

1761 3941 1943 4003 vilem,
1974 3955 2096 3994 can.
2131 3937 2328 3993 Nullus
2352 3937 2592 4003 clericus,
2621 3939 2706 4002 11,
2734 3953 2825 4007 qu.
2857 3940 2909 3993 1.
2940 3937 3112 3993 Cincti
3144 3939 3357 4005 iudices

1761 4021 1885 4065 sunt
1916 4012 2265 4080 magistratus
2303 4027 2512 4075 omnes,
2546 4013 2633 4081 qui
2672 4011 2871 4065 habent
2915 4011 3195 4081 imperium
3245 4026 3362 4065 nic-

1764 4083 1905 4146 rui'n,
1956 4078 2045 4151 qui
2091 4081 2360 4134 habebant
2411 4082 2500 4152 jus
2562 4078 2758 4152 cinguli
2801 4093 2863 4152 et
2903 4080 3086 4151 gladii.
3129 4078 3353 4148 Gregor.

1758 4151 2016 4224 Nazianz.
2043 4151 2302 4224 epist..s_46
2334 4155 2397 4204 ad
2419 4151 2731 4206 Africanum
2761 4166 2773 4203 :
2816 4151 2909 4208 κᾶν
2938 4158 3028 4210 τὴν
3060 4154 3357 4224 ἀνοίμαζτον

1759 4223 1905 4298 χρᾶη
1935 4221 2257 4298 ἀρχήνηκᾶν
2278 4231 2367 4283 τήν
2388 4226 2518 4297 μετὰ
2539 4224 2725 4298 diem;
2766 4230 2853 4280 καὶ
2893 4221 3195 4298 τελᾳμῷνοέ.
3237 4222 3357 4298 Sire

1760 4294 2090 4347 incruentum
2132 4294 2404 4363 imperium
2443 4294 2739 4364 gerat,'sire
2776 4312 2894 4348 cum
2944 4295 3127 4364 gladio
3155 4303 3202 4364 et
3228 4295 3360 4364 Acin-

1756 4365 1900 4432 gu’lo.
1932 4365 2068 4418 llinc
2092 4360 2250 4417 cincti
2275 4360 2552 4419 discinctis
2579 4360 2959 4434 opponuntur,
2978 4365 3027 4416 id
3050 4374 3126 4417 est
3147 4360 3361 4428 judiccs

1762 4437 1814 4489 in
1867 4448 1987 4490 actu
2037 4435 2214 4504 positi,
2268 4437 2352 4491 his
2402 4437 2493 4505 qui
2546 4437 2863 4502 magiSIratu
2915 4434 3152 4488 defuncti
3201 4445 3356 4498 Sunt,

2564 4525 2582 4556 ε
2630 4506 2840 4561 Cinctis
2877 4505 3032 4574 jura,
3091 4505 3359 4574 distinctis

1759 4579 2058 4646 privilegia.
2095 4596 2112 4626 ι
2147 4573 2293 4630 idem
2326 4576 2609 4632 constituit
2638 4576 2832 4640 Julius,
2867 4573 2930 4630 de
2963 4589 3068 4644 quo
3095 4573 3353 4646 Anastas.

1759 4643 1814 4701 in
1848 4643 2096 4715 ejus—Vit.
2129 4665 2140 4700 :
2184 4666 2199 4696 ‹
2238 4646 2337 4704 llic
2375 4647 2726 4703 constitutum
2770 4647 2914 4710 fecit,
2949 4653 3008 4699 ut
3046 4643 3222 4697 nullus
3251 4646 3359 4698 clo-

1760 4720 1906 4773 ricus
1951 4735 2165 4772 causam
2206 4720 2504 4785 quamlibet
2551 4717 2606 4769 in
2644 4717 2860 4786 publico
2903 4723 3109 4787 ageret,
3159 4716 3264 4770 nisi
3309 4717 3360 4768 in

1757 4789 2021 4845 Ecclesia.
2062 4809 2079 4840 )

1829 4861 1994 4914 Linea
2024 4859 2107 4912 15.
2140 4887 2211 4896 ——
2251 4858 2354 4918 llic
2381 4857 2674 4924 constituit,
2703 4870 2757 4912 ut
2799 4855 3114 4927 sacrificium
3145 4852 3356 4915 altaris,
3393 4907 3402 4924 ,

1755 4947 1862 4985 non
1887 4934 1939 4984 in
1973 4932 2132 4984 serico
2162 4937 2330 4999 atque
2358 4936 2408 4986 in
2437 4927 2637 4999 panno
2663 4933 2819 4984 tincto
2859 4928 3227 4999 celebraretur,
3260 4927 3358 4999 nisi
3397 4934 3406 4964 ι

1756 5012 1961 5074 tantum
1991 5003 2042 5055 in
2080 4993 2242 5074 linteo
2278 5025 2351 5062 ex,
2389 4993 2592 5055 terreno
2625 4997 2731 5074 lino
2776 5007 3065 5074 procreato.
3104 4993 3364 5074 Synodus

1757 5069 2002 5126 Romana
2043 5072 2140 5126 sub
2167 5069 2466 5140 Sylvcstro
2497 5070 2712 5140 statuit,
2742 5068 2814 5125 ne
2838 5068 3160 5140 sacriﬁcium
3188 5068 3379 5140 misse

1759 5143 2070 5197 celebretur
2113 5143 2162 5195 in
2202 5133 2411 5208 ίηηίηο
2454 5138 2654 5199 serico,
2689 5143 2768 5190 γρ]
2808 5137 2973 5192 uuln”,
3030 5133 3118 5168 οοι
3147 5133 3193 5150 =~
3257 5137 3286 5154 ι·
