3970 6316
170 344 303 404 £385

944 337 1261 398 HISTORIA
1304 339 1393 405 DE
1425 338 1600 394 VITIS
1635 337 1798 393 ROM.
1835 335 2029 393 PONT.
2061 368 2128 378 ν-
2157 339 2212 394 S.
2245 309 2644 394 SILV'ESTER.

3294 339 3428 393 1536

167 463 258 516 dat
303 453 420 524 ejus
465 453 812 524 paenitentia;
875 467 997 508 cum
1052 455 1242 509 scribit
1300 449 1742 524 Constanstinum
1779 453 1820 511 Α
1852 449 2059 524 lib.__dc
2095 449 2293 524 Script.
2320 452 2550 524 _Eccles.
2599 451 2665 505 ad
2700 448 2993 524 sectionem
3038 447 3304 524 Origruis,
3351 450 3426 504 ita

169 521 400 586 tentasse
430 521 630 580 diluere
660 540 758 594 per
802 523 1055 578 lustricas
1098 524 1437 578 ethnicorum
1481 521 1744 589 expiatio-

165 616 262 656 nes
291 597 455 652 totius
500 596 622 648 vitae
645 605 862 663 peccata
897 611 910 646 :
945 609 1081 662 quas
1115 594 1470 662 expiationes,
1499 608 1622 663 cum
1654 608 1762 644 nc-.

165 685 252 725 mo
277 684 340 722 ex
374 667 596 721 deorum
634 662 951 718 Sacrifieulis
980 664 1078 733 ipsi
1115 664 1371 717 exhibere
1413 662 1589 724 vellet,
1625 677 1743 714 mo-

166 741 278 794 nitu
306 736 568 806 :Egyptii,
614 735 751 804 apud
771 733 1119 806 Christianos
1163 733 1556 806 conquirendos
1586 747 1741 806 cura-

164 811 263 863 vit.
300 800 960 872 Caltinmiam'scriptoris
991 804 1182 858 infensi
1226 800 1329 856 non
1381 804 1561 857 minus
1588 800 1745 856 Chri-

159 881 336 934 stiano
365 875 568 932 nomini
617 889 776 943 qttam
808 875 1033 944 principi
1064 873 1386 944 Christianae
1417 872 1539 926 ﬁdei
1564 887 1744 944 asser-

161 950 262 1004 tori
295 957 348 1002 et
377 942 751 1014 amplificatori
773 983 788 1007 ,
811 942 814 943 ⁷
839 942 1208 1000 satis—refellit
1252 944 1519 1012 integrum
1551 942 1747 1014 vicen-

160 1021 352 1081 nium,
406 1012 550 1086 quod
585 1031 707 1070 cum
771 1014 1039 1086 episcopis
1086 1015 1312 1083 aliisque
1373 1012 1745 1086 sacerdotibus

152 1081 482 1145 Christianis
506 1081 818 1156 imperator
841 1081 972 1154 jam'
991 1081 1262 1156 exegerat,
1287 1083 1537 1156 quotidie
1562 1081 1746 1136 confe-

159 1173 284 1213 rens
314 1172 436 1213 cum
476 1154 677 1211 eisdem
707 1155 773 1210 de
807 1156 968 1210 divini
995 1154 1170 1209 cultus
1200 1154 1429 1218 ratione,
1460 1168 1525 1207 ac
1546 1161 1743 1222 myste-

159 1229 275 1292 riis,
305 1236 366 1282 ut
399 1226 624 1296 proinde
666 1225 917 1296 ignorare
946 1241 1061 1296 non;
1099 1234 1299 1294 posset,
1340 1223 1634 1296 remedium
1652 1237 1746 1276 sa-

158 1292 420 1356 crameuti
443 1292 793 1367 ptenitent'ize,
823 1292 1170 1367 peccantibus
1197 1303 1317 1364 post
1339 1292 1589 1367 baptismi
1622 1308 1743 1367 sus.

155 1361 502 1439 ceptioneni,
567 1375 621 1421 et
685 1361 903 1439 culpas__
936 1361 1255 1421 dellentihus
1302 1381 1334 1439 _a
1397 1361 1746 1439 niisecatiune

155 1432 356 1494 Cliristi
384 1453 504 1493 esse
546 1432 816 1506 paratum.
862 1436 986 1490 llaec
1017 1445 1194 1489 tamen
1233 1434 1502 1506 calumnia
1528 1432 1744 1506 Azosimi

157 1509 286 1564 licet
313 1501 607 1578 conlingat,
638 1507 772 1561 falsa
797 1506 1034 1561 remedia
1053 1513 1120 1578 Aet
1151 1504 1482 1560 exsecranda
1511 1501 1688 1578 fuisse
1713 1518 1743 1556 a

155 1579 465 1634 Christiano
500 1573 850 1647 'imperatore
900 1575 1158 1647 quiesita,
1213 1583 1448 1647 attamen
1509 1573 1747 1647 insinuat

156 1663 342 1704 veram
375 1657 429 1702 et
455 1643 635 1702 acrem
668 1643 952 1702 censuram
998 1646 1120 1700 vitae
1155 1660 1266 1700 suae
1291 1661 1321 1698 a
1364 1645 1453 1713 pio
1498 1643 1745 1713 principe

154 1719 403 1774 severius
439 1718 750 1773 excitatam.
846 1729 852 1733 ·

224 1788 347 1868 Non
399 1797 484 1868 est
526 1798 816 1868 propterea
868 1786 1173 1868 mirandum
1215 1785 1278 1867 si.
1317 1784 1588 1868 publicam
1635 1800 1744 1868 pte.-
1777 1803 1818 1862 Β

153 1859 380 1914 nitentis
398 1855 659 1928 principis
676 1857 1100 1928 confessionem,
1124 1856 1239 1928 pari
1266 1855 1742 1928 impudentia,Zo-

151 1929 324 1983 simus
373 1925 445 1984 sit
486 1925 846 1982 calumniatus
877 1942 974 1997 pro
1007 1925 1238 1995 ethnicis
1267 1926 1744 1995 superstitionibus

151 2000 416 2064 scribens,
450 2013 514 2054 ac
565 1997 710 2060 illam
768 1996 951 2050 Ariani
1009 1997 1336 2066 posteriores
1395 1996 1607 2050 diversa
1653 2011 1747 2050 ca-

150 2068 354 2122 lumnia
386 2070 438 2123 in
474 2083 599 2124 suas
634 2075 816 2136 partes
853 2068 1168 2137 pertrahere
1221 2067 1328 2121 sint
1352 2067 1550 2120 conati.
1593 2067 1741 2120 Zosi-

149 2154 270 2194 nius
298 2155 406 2193 noti
439 2138 658 2193 erubuit
707 2136 1018 2208 confingere
1045 2139 1188 2205 pium
1215 2136 1514 2208 principem
1539 2137 1743 2208 studio-

158 2224 276 2264 sum
329 2209 577 2263 abolendi
627 2207 1000 2271 criminis,ad
1053 2207 1391 2269 taurobolia,
1442 2213 1496 2261 et
1553 2207 1744 2276 impias

150 2278 415 2346 ejusmodi
444 2278 815 2341 luStratioues,
838 2277 1234 2348 conquirendas
1261 2293 1290 2329 a
1333 2278 1530 2348 mystis
1547 2277 1745 2348 diente-

151 2365 302 2413 num,
358 2365 416 2404 se
449 2348 826 2405 convertisse:
867 2346 1007 2417 quod
1059 2347 1234 2402 scelus
1287 2346 1471 2415 postea
1502 2346 1745 2402 Julianus

151 2419 508 2490 impiissimus
544 2427 786 2488 apostata
837 2433 1026 2473 revera
1060 2417 1390 2490 perpetravit
1414 2435 1425 2470 :
1449 2417 1553 2490 cui
1596 2417 1750 2490 Zosi-

152 2486 276 2544 mus
303 2498 560 2559 tanquam
580 2486 907 2559 'commystte
935 2502 1031 2543 suo
1057 2486 1394 2559 eoneinebat.
1427 2487 1618 2559 Ariani
1651 2503 1746 2556 pa-

156 2559 291 2615 riter
317 2557 428 2615 non
471 2557 821 2623 erubueruni,
861 2574 1045 2612 veram
1098 2557 1436 2612 Consmntini
1478 2558 1745 2626 paeniten-

155 2630 285 2685 tiam
343 2631 395 2684 in
451 2630 641 2684 falsam
703 2630 1046 2683 iterationem
1104 2627 1368 2697 baptismi
1407 2628 1747 2697 impudenter

155 2710 493 2765 convertere,
525 2709 582 2752 ut
610 2698 926 2754 Constantio
972 2698 1136 2768 impio
1185 2698 1301 2765 ejus
1347 2696 1455 2752 filio
1485 2696 1748 2768 essenta-

156 2780 347 2826 rentur
379 2787 393 2824 :
423 2785 582 2838 quem
614 2769 666 2821 in
710 2769 947 2837 ipsorum
993 2767 1242 2823 hatresim
1283 2776 1610 2836 pertractant
1633 2767 1748 2820 exi-

159 2841 455 2894 stimarunt
487 2839 755 2893 lubentius
799 2854 1143 2893 accessurum
1181 2838 1248 2891 ad
1278 2838 1597 2906 sacrilegam
1626 2851 1748 2905 per-

155 2911 462 2980 eeptionem
479 2909 824 2980 baptismatis
865 2910 935 2962 ab
973 2908 1190 2980 Arianis
1230 2906 1664 2980 adntiuistraudi,
1698 2907 1747 2980 si

155 2975 411 3051 princeps
437 2975 594 3042 filius,
613 2987 843 3051 paterno
871 2978 1137 3051 exemplo,
1163 2977 1361 3051 iterare
1386 2977 1515 3051 illud
1537 2977 1639 3051 sibi
1667 2975 1748 3030 vi-

155 3047 397 3112 deretur,
423 3058 478 3102 et
499 3048 762 3101 crederet.
802 3050 953 3114 Quod
986 3047 1550 3116 itaqtteCzesariensis
1580 3048 1747 3100 Euse-

153 3120 278 3173 bius
314 3117 644 3188 perscripsit,
680 3117 757 3172 vel
800 3118 1151 3188 demestiooﬁ
1174 3115 1388 3188 lavacro
1407 3119 1748 3188 paenitentia:

151 3204 184 3242 a
205 3185 558 3244 Con—stantini)
585 3199 851 3257 percepta:
879 3185 1225 3250 Nicomediae,
1269 3186 1354 3240 vel
1388 3185 1455 3242 de
1481 3188 1749 3242 Constan-

155 3260 251 3316 tini
292 3259 396 3312 lide
443 3257 731 3312 confitente
783 3257 1140 3312 admissorum
1190 3257 1241 3310 in
1284 3257 1391 3310 vita
1432 3258 1744 3320 criminum,

154 3331 289 3383 duas
324 3342 444 3382 esse
487 3328 828 3396 purgationes
881 3341 909 3380 a
956 3327 1175 3381 Christo
1206 3326 1429 3380 Domino
1474 3327 1749 3381 institutas

156 3399 210 3453 in
239 3397 630 3459 Sacramentis,
661 3412 820 3450 unam
853 3397 1152 3458 iterandam
1183 3411 1278 3465 per
1319 3411 1519 3465 arcana
1542 3397 1749 3450 scilicet

155 3468 318 3524 verba
347 3469 398 3521 in
431 3467 738 3522 confitentis
762 3482 826 3520 ac
855 3465 1167 3534 pmniteutis
1187 3464 1556 3529 absolutione,
1584 3466 1745 3518 aliam

156 3555 259 3592 non
290 3537 588 3592 iterandam
620 3551 716 3605 per
745 3537 905 3590 verba
954 3544 1008 3589 et
1053 3535 1322 3605 lavacrum
1357 3535 1410 3587 in
1442 3535 1743 3605 baptismo;

157 3610 208 3663 id
240 3607 313 3662 illi
362 3603 707 3661 detorserant
755 3607 820 3658 ad
868 3605 1056 3659 falsam
1105 3603 1446 3658 iterationem
1494 3603 1744 3672 baptismi

156 3678 512 3732 Constantino
543 3678 680 3744 patri
727 3674 954 3745 afliugen
978 3676 1105 3739 lam,
1134 3684 1191 3728 ut
1210 3689 1434 3745 _veran_t,
1455 3683 1508 3727 et
1531 3673 1747 3745 sacrile-

157 3764 277 3817 gam
307 3743 626 3802 Constantio
660 3746 768 3800 filio
795 3743 1110 3817 suaderent,
1140 3743 1276 3817 vela
1301 3758 1360 3797 se
1381 3743 1491 3817 jam
1513 3743 1746 3817 admini-

155 3813 431 3874 strandam
462 3819 528 3870 ah
547 3817 866 3872 auctoritate
892 3815 1185 3886 superioris
1205 3814 1435 3884 exempli
1457 3813 1745 3870 deductam

154 3904 276 3944 esse
298 3887 587 3956 jactarent.

231 3953 396 4013 Video
423 3957 708 4012 nommllos
745 3957 1036 4026 scriptorcs
1064 3956 1128 4010 de
1175 3955 1504 4026 Arianorum
1539 3953 1747 4026 fraudi-

157 4031 256 4086 bus
280 4031 357 4082 ita
392 4043 513 4082 esse
562 4024 870 4098 persuasos,
914 4037 970 4081 ιιι
1015 4030 1158 4082 hunc
1189 4026 1361 4098 ipsum
1393 4024 1608 4098 Eusebii
1634 4035 1747 4098 tea-

157 4111 267 4154 tum
326 4095 691 4167 suspicentur,
722 4100 844 4151 data
887 4113 1072 4166 opera,
1124 4099 1192 4152 ab
1227 4096 1331 4152 illis
1363 4095 1663 4167 mutilatum
1691 4097 1743 4150 in

158 4171 251 4224 lib.
276 4184 341 4223 ιιι
366 4164 576 4238 deiVita
605 4164 968 4234 Constantini,
1002 4183 1120 4235 cap.
1153 4169 1204 4221 7.
1238 4167 1432 4238 Pagius
1467 4164 1656 4220 Junior
1681 4182 1745 4238 ex

157 4241 321 4316 Petro
349 4238 414 4316 de
437 4236 613 4292 Marco
641 4237 710 4316 ita
750 4239 1049 4316 censuit__in
1087 4236 1360 4316 Breviario
1386 4245 1659 4316 gestorum
1685 4236 1742 4290 S.

157 4308 425 4374 Silvestri,
459 4323 607 4378 num.
646 4307 737 4369 2|,
775 4323 895 4378 pag.
942 4309 1029 4366 77,
1073 4323 1208 4378 cum
1234 4307 1478 4378 Gelasius
1527 4307 1748 4375 Cyzice-

157 4395 276 4444 nus,
304 4379 397 4432 lib.
430 4393 466 4432 ιι
496 4377 744 4432 Ιιὶεῑονίιιι
777 4379 986 4432 concilii
1017 4377 1235 4441 Nic-arui,
1269 4393 1387 4446 cap.
1407 4377 1465 4440 5,
1487 4379 1742 4445 prolitea-

159 4460 245 4504 tur
297 4464 358 4503 se
424 4448 826 4516 transcripsisse
863 4463 929 4501 ex
983 4448 1215 4502 indicato
1257 4447 1470 4502 Eusebii
1523 4447 1640 4500 loco
1691 4457 1745 4501 et

155 4521 335 4590 capite
360 4519 473 4590 haec
505 4520 850 4590 verba,__quae
892 4518 1050 4590 hodie
1082 4520 1133 4571 in
1173 4517 1406 4590 Eusebio
1429 4517 1745 4590 desideran-

159 4587 274 4644 tnr:
318 4609 334 4640 ι
368 4588 486 4656 Ipse
507 4589 650 4642 enim
686 4587 878 4641 llosius
903 4604 968 4642 ex
1001 4587 1267 4656 Ilispaniis
1297 4587 1530 4641 nominis
1556 4597 1611 4640 et
1663 4587 1748 4640 fa-

157 4675 258 4715 ma:
285 4658 603 4715 celebritate
629 4657 872 4728 insignis,
902 4658 994 4728 qui
1028 4658 1274 4711 Silvestri
1315 4658 1550 4780 episcopi
1580 4657 1750 4710 iunxi-

158 4746 258 4780 mm
283 4730 471 4780 Roma:
499 4728 672 4780 locmn
717 4728 1016 4780 obtinebat.
1048 4743 1148 4780 una
1190 4743 1312 4780 cum
1368 4727 1603 4780 {omanis
1629 4743 1745 4780 ore-

158 4746 258 4786 ma:
283 4730 471 4784 Roma:
499 4728 672 4784 locum
717 4727 1016 4792 obtinebat,
1048 4743 1148 4780 una
1190 4743 1312 4780 cum
1347 4727 1603 4780 Romanis
1628 4743 1745 4796 pre-

158 4800 399 4872 sbyteris
423 4800 607 4872 Vitore
631 4807 686 4855 et
715 4798 996 4866 Vincentio
1021 4814 1142 4855 cum
1174 4797 1296 4851 aliis
1332 4797 1514 4851 multis
1543 4797 1600 4851 in
1621 4815 1753 4852 cou-

159 4870 313 4926 sessu
349 4870 438 4924 illo
463 4870 651 4924 adfuit.
683 4890 701 4922 ι

232 4942 503 4996 Praeterea
524 4941 666 4994 idem
692 4939 888 5010 Pagius
907 4938 1095 5010 Iunior
1118 4937 1404 5010 dubitatio
1434 4937 1553 4992 aliis
1582 4938 1742 5010 etiam

161 5009 298 5067 lucis
315 5012 383 5067 de
405 5007 817 5080 interpolatione
842 5020 1021 5064 textus
1040 5009 1279 5064 Eusebii.
1310 5009 1440 5062 Nam
1468 5011 1520 5064 in
1547 5010 1660 5063 Vita

165 5081 423 5145 Fabiani,
461 5099 515 5136 ιι.
545 5079 615 5144 ἐι,
661 5090 943 5149 postquam
988 5080 1291 5148 suspicatus
1340 5090 1423 5132 est
1479 5080 1632 5134 Actis
1684 5079 1742 5132 S.

163 5151 342 5207 Potitii
371 5151 550 5206 addita
583 5152 745 5206 fuisse
771 5149 1045 5218 complura
1072 5149 1312 5204 fabulosa
1331 5191 1344 5211 ,
1380 5150 1655 5204 descendit
1677 5149 1746 5204 ad

166 5221 387 5282 Eusebii
425 5232 658 5285 textum,
691 5223 758 5276 de
785 5235 894 5289 quo
923 5220 998 5275 ita
1031 5219 1220 5275 scribit
1250 5237 1262 5271 :
1298 5219 1450 5284 Quod
1475 5222 1655 5289 (tuine!
1677 5219 1746 5272 ad

168 5292 475 5355 Eusebium,
514 5292 589 5346 vel
611 5294 727 5362 ejus
755 5288 1083 5362 Hisfariuab
1105 5290 1281 5359 aliquo
1309 5288 1747 5362 estinter-pabuli,

167 5364 305 5416 sicut
347 5363 461 5430 ejus
497 5359 791 5416 Chroiu'cou
825 5360 890 5412 ab
909 5359 1255 5430 _Ilierouymo
1275 5397 1289 5423 ,
1329 5359 1403 5430 vel
1431 5371 1565 5411 certe
1592 5359 1743 5430 [uisis

171 5428 468 5486 rumoribus
499 5437 738 5499 ἀρημενος
765 5441 861 5484 est.
895 5428 964 5483 In
993 5430 1249 5483 Chronico
1287 5429 1440 5499 erunt
1467 5429 1707 5499 suppuuil
1728 5467 1743 5492 ,

169 5503 223 5554 in
265 5493 888 5556 cefebrntimae'ludorum
917 5499 1252 5554 saecularium
1298 5493 1745 5566 Pliilippi',';)liira

171 5571 507 5638 yentil.tatem
540 5569 820 5632 redolentia
855 5579 1065 5638 peracta
1113 5573 1432 5638 essehqirod
1477 5567 1748 5638 numifrste

175 5637 422 5721 repugnat
472 5641 762 5721 narrutlioui
810 5637 930 5721 libri
976 5640 1104 5721 texti
1163 5637 1284 5721 ejus
1312 5637 1740 5721 “(listoriw'anbi

175 5705 407 5778 (scilicet
440 5727 556 5779 cap.
605 5710 675 5765 56
711 5709 802 5764 lib.
847 5709 923 5780 vi)
952 5705 1192 5780 afﬁrmat
1227 5706 1530 5780 Philippum
1583 5705 1746 5780 fuisse

175 5777 568 5851 Cbristiamnii,
593 5793 647 5837 et
669 5798 733 5838 cx
762 5777 992 5838 Eusebio
1020 5778 1070 5834 id
1101 5777 1272 5833 hausit
1300 5777 1659 5855 Hieronymus
1691 5779 1740 5831 in

1850 519 2093 576 scribens
2125 539 2137 575 :
2171 539 2187 570 t
2210 519 2288 575 Ad
2320 522 2653 577 Mammmam
2681 519 3223 574 ma-trcmAlcxandi-i
3261 522 3426 588 impie-

1851 592 2045 646 ratoris
2065 591 2366 659 religiosam
2391 591 2643 647 feminam
2663 601 2880 660 rogatus
2898 591 3039 642 venit
3058 589 3425 660 Antiochiam,

1847 670 1902 713 et
1926 677 2136 716 summo
2161 657 2361 717 honore
2391 664 2606 717 habitus
2628 657 2744 723 est;
2757 661 3004 730 quodque
3029 661 3094 712 ad
3123 657 3425 727 Philippum

1849 730 2260 799 imperatorem,
2289 734 2378 800 qui
2411 734 2616 800 priums
2643 733 2708 788 de
2744 728 2957 800 regibus
2990 728 3245 800 Romanis
3271 730 3428 782 Chri-

1847 803 2056 856 stianus
2086 800 2218 866 fuit,
2250 799 2321 856 .et
2365 799 2431 857 ad
2481 813 2706 856 matrem
2736 799 2851 871 ejus
2884 799 3277 871 litterasifecit,
3308 816 3426 866 qua:

1846 887 2018 940 usque
2046 873 2207 926 hodie
2235 883 2484 937 exstant,
2516 873 2638 941 quis
2687 870 2934 940 ignorat?
2973 891 2990 922 ι
3041 870 3295 941 additque
3323 871 3426 924 Pa-

1847 943 1966 1012 gius
1993 961 2006 994 :
2037 961 2054 992 ι
2080 942 2263 1008 Quoad
2281 940 2620 997 Vincentium
2645 940 3426 1012 Lirineuseui,Cassiodornm,

1846 1008 1902 1084 et
1924 1012 2086 1084 alios,
2109 1013 2198 1084 qui
2215 1013 2517 1084 Philippum
2544 1013 2909 1084 Christianum
2925 1008 3092 1084 fuisse
3105 1025 3427 1084 persuasum

1849 1083 2084 1156 habuere
2104 1079 2227 1156 {illi
2257 1085 2309 1137 in
2338 1079 2578 1138 errorem
2612 1083 2769 1138 tracti
2802 1091 2927 1156 sunt
2956 1097 2984 1134 a
3016 1079 3185 1156 Paulo
3215 1080 3424 1145 Orosio,

1847 1151 2019 1224 quiet
2049 1154 2160 1223 ipse
2197 1154 2451 1224 deceptus
2476 1163 2589 1219 est,
2623 1165 2680 1208 ut
2715 1153 2899 1208 statim
2931 1151 3208 1224 ostendo,i
3249 1160 3350 1204 ctc.
3377 1171 3430 1224 ι

1918 1221 2138 1289 Quaa'si
2183 1240 2308 1277 vera
2329 1221 2489 1288 isint,
2521 1241 2626 1278 non
2666 1225 2821 1279 video
2862 1237 2959 1275 cur
2985 1221 3156 1275 critici
3187 1221 3428 1275 nonnulli

1847 1295 1986 1363 apud
2014 1292 2156 1348 Cave
2203 1295 2485 1356 mirentur,
2517 1297 2658 1363 quod
2699 1296 2750 1348 in
2797 1295 3017 1347 decreto
3044 1291 3242 1346 Gelasii
3280 1306 3430 1363 papa:

1848 1361 2086 1424 Historia
2140 1363 2356 1418 Eusebii
2409 1360 2676 1419 referatur
2725 1365 2866 1419 inter
2920 1363 3247 1432 apocrypha.
3290 1360 3425 1432 iNon

1848 1433 1990 1488 eltiztt
2018 1433 2139 1488 ideo
2165 1433 2497 1489 referebatur
2525 1435 2575 1488 iu
2623 1450 2742 1489 eam
2785 1434 3014 1490 classem
3037 1473 3050 1495 ,
3080 1431 3221 1500 Quod
3256 1431 3428 1499 plera-

1847 1519 1954 1573 que
1983 1504 2049 1576 a_b
2070 1504 2310 1576 Eusebio
2365 1504 2530 1559 relata
2561 1514 2881 1576 putarentur
2907 1502 3188 1576 a_veri_tate
3226 1503 3395 1576 aliena
3416 1542 3429 1566 ,

1850 1571 1943 1628 aut
1969 1573 2036 1627 ab
2067 1574 2298 1628 Eusebio
2333 1590 2436 1628 non
2465 1571 2582 1630 esse
2605 1576 2836 1643 scripta;
2872 1573 2964 1627 sed
2987 1574 3111 1642 quia
3134 1571 3279 1643 justa
3297 1574 3428 1626 sub-

1846 1652 1966 1713 erat
2008 1659 2170 1698 causa
2198 1644 2505 1706 dubitandi,
2540 1662 2666 1699 num
2714 1642 2880 1699 textui
2911 1644 3144 1713 genuino
3177 1642 3429 1697 Historiae

1851 1712 2166 1768 Ensehiana:
2192 1713 2367 1781 aliqua
2404 1715 2630 1769 fuissent
2665 1715 2869 1769 intrusa
2902 1712 2971 1767 ab
3003 1715 3252 1776 Arianis,
3279 1721 3372 1765 aut
3398 1729 3428 1765 a

1853 1783 2174 1854 Donatistis,
2232 1785 2662 1854 quandoquidem
2714 1785 2798 1839 isti
2847 1795 3097 1840 auctores
3139 1784 3430 1837 mussitant

1850 1853 2226 1924 iuterpolatum
2277 1853 2776 1924 fuisse’utrmnque
2817 1871 2952 1924 opus
2995 1855 3255 1920 Eusebii,
3312 1863 3430 1906 tum

1846 1923 2154 1977 Chronicou
2183 1924 2422 1988 scilicet,
2454 1936 2565 1978 tum
2597 1923 2902 1980 Historiam.

1920 1991 2116 2048 Verum
2153 1995 2220 2050 de
2242 1996 2585 2064 corruptione
2623 2007 2800 2050 textus
2845 1996 3128 2050 Eusebiani
3151 2038 3164 2060 ,
3196 1996 3297 2049 hac
3325 1993 3430 2048 sal--

1848 2070 1955 2124 tem
1985 2064 2036 2118 in
2064 2075 2215 2136 parte
2238 2064 2487 2120 llistorize
2511 2067 2575 2120 de
2599 2066 2714 2121 Vita
2739 2066 3099 2125 Constantini,
3128 2082 3247 2136 qua:
3269 2065 3438 2134 paulo

1847 2141 1972 2188 ante
2001 2135 2256 2203 producta
2285 2145 2369 2189 est
2405 2138 2472 2189 ab
2501 2137 2862 2190 assertoribus
2901 2136 3145 2204 baptismi
3168 2135 3430 2188 Nicome-

1847 2203 2083 2267 diensis,
2114 2205 2229 2274 ipse
2250 2221 2354 2258 non
2387 2220 2604 2275 queror,
2633 2207 2740 2260 imo
2769 2223 2864 2260 nec
2888 2203 3149 2275 suspicor.
3183 2206 3433 2273 Conque-

1849 2290 1939 2326 ror
1975 2275 2346 2329 tantummodo
2373 2277 2439 2332 de
2478 2276 2821 2345 praejudicata
2872 2277 3316 2344 interpretatione
3366 2289 3432 2326 ac

1848 2345 2158 2416 detorsione
2183 2345 2424 2414 ejusdem
2449 2347 2733 2416 sententiae
2765 2362 2778 2399 :
2807 2347 2894 2401 cui
2923 2347 3262 2416 occasionem
3296 2360 3432 2416 pne:-

1848 2413 1963 2467 buit
2010 2413 2485 2483 (quemadmmlum
2532 2417 2582 2470 iu
2635 2415 2824 2471 Oresio
2870 2415 3161 2471 adnotabat
3210 2413 3430 2483 Pagius)

1849 2499 1978 2539 tisus
1999 2485 2244 2539 translati
2271 2486 2416 2556 verbi
2440 2487 2552 2541 sive
2578 2485 3069 2556 metapltorzejuxta
3093 2485 3432 2556 disciplinain

1849 2557 2068 2626 arcani,
2097 2572 2218 2625 qua:
2250 2555 2335 2626 illa
2366 2566 2526 2610 aetate
2557 2553 2769 2626 vigebat
2798 2553 2929 2611 cum
2968 2571 3147 2611 sermo
3189 2553 3332 2626 chet
3363 2553 3436 2607 de

1850 2623 2237 2697 sacramentis,
2263 2624 2388 2679 dum
2432 2623 2636 2697 prolata
2659 2627 2726 2681 ab
2749 2627 2980 2682 Eusebio
3003 2627 3068 2682 de
3086 2625 3436 2694 susceptione

1849 2696 2103 2749 salutaris
2142 2696 2342 2767 lavacri
2393 2696 2726 2765 pteniteutiae
2772 2713 2869 2767 per
2919 2711 3114 2752 arcana
3169 2699 3328 2767 verba
3377 2703 3438 2747 ct.

1851 2780 2105 2818 manuum
2140 2766 2536 2834 impositioncm
2588 2785 2707 2821 ruat
2765 2766 2988 2822 solemni
3039 2766 3352 2835 precatione
3398 2777 3433 2816 ει

1850 2836 2217 2908 sacerdotibus
2240 2838 2630 2908 administrata:
2658 2837 2885 2908 print-ipi
2910 2837 3186 2908 confitenti
3211 2841 3433 2903 peccata

1852 2905 2016 2976 totius
2043 2905 2168 2960 vita:
2201 2906 2440 2960 referunt
2480 2905 2878 2962 inconsiderate
2907 2907 2970 2960 ad
3001 2906 3354 2976 baptismum;
3380 2913 3438 2958 et

1850 2975 2089 3029 divinum
2120 2976 2455 3046 signaculum
2479 2978 2547 3031 ab
2574 2979 2801 3032 Eusebio
2827 2975 3181 3032 memoratum
3211 2987 3266 3028 et
3289 2977 3434 3027 (Ion-

1851 3046 2090 3118 stantin
2141 3047 2366 3101 inditum
2439 3064 2533 3116 per
2587 3049 2896 3118 episc0pum
2940 3047 3434 3118 Nicomedicnsem

1856 3115 2280 3186 interpretantur
2302 3115 2656 3186 baptismum,
2680 3115 2801 3173 cum
2827 3117 2893 3172 sit
2917 3117 2982 3172 de
3018 3117 3310 3172 chrismate
3337 3130 3436 3170 seu

1853 3187 2280 3242 confirmationis
2324 3199 2664 3242 sacramento
2702 3188 3123 3255 intelligendum.

1925 3256 2001 3309 Ita
2034 3271 2160 3311 vero
2188 3258 2655 3326 interpretandam
2695 3274 2812 3312 esse
2851 3258 3066 3312 Eusebii
3108 3255 3436 3310 sententiam

1853 3323 2231 3397 demonstrare
2255 3323 2349 3382 me
2362 3343 2519 3396 posse
2543 3340 2690 3397 puto.
2719 3328 2826 3382 Nisi
2852 3328 3001 3381 cnim-
3023 3327 3091 3380 ita
3116 3335 3434 3393 experiatur,

1853 3392 2129 3450 fatendum
2183 3406 2326 3451 esset
2363 3392 2657 3454 Eusebium
2688 3400 2739 3452 iit
2777 3397 3007 3451 Historia
3039 3398 3105 3451 de
3136 3392 3253 3448 Vita
3287 3399 3433 3450 Con-

1854 3465 2077 3536 stantini
2108 3468 2438 3536 contrarium
2475 3483 2593 3522 esse
2622 3469 2938 3536 sibimetipsi
2975 3467 3132 3520 aliter
3153 3467 3432 3527 Scribeuti,

1858 3541 1970 3586 tum
1999 3534 2050 3586 in
2084 3535 2385 3599 Chronico,
2420 3546 2530 3589 tum
2579 3539 2631 3590 in
2683 3534 2916 3591 Historia
2949 3537 3334 3593 ecclesiastica.
3378 3536 3434 3589 lu

1855 3601 1960 3656 hac
1987 3603 2130 3656 enim
2174 3603 2410 3674 afﬁrmat
2451 3605 2564 3674 (lib.
2610 3623 2699 3671 vt,
2728 3621 2844 3674 cap.
2883 3605 2974 3674 54)
3003 3606 3306 3672 Philippum
3338 3607 3440 3658 im-

1855 3683 2160 3739 peratorem
2193 3674 2356 3728 fuisse
2385 3673 2774 3728 Christianum.
2817 3676 2956 3729 Idem
2999 3676 3154 3727 tradit
3181 3675 3232 3726 in
3262 3676 3437 3727 Chro—

1856 3743 1979 3797 nico
2023 3744 2340 3815 ad__anuutn
2388 3744 2505 3812 ejus
2537 3745 2742 3814 imperii
2791 3746 3053 3815 primum,
3102 3745 3440 3815 Olympiadis

1857 3827 1986 3873 vero
2012 3813 2119 3867 255
2149 3811 2435 3882 quartum,
2464 3815 2535 3869 ita
2570 3811 2852 3871 scribens:
2885 3835 2900 3863 ι
2933 3815 3209 3883 Philippus
3242 3811 3439 3883 Philip-

1855 3899 1979 3954 pum
1997 3883 2164 3936 filium
2183 3899 2336 3937 sumu
2353 3895 2657 3940 consortem
2684 3887 2830 3954 regni
2851 3885 3000 3944 facit,
3015 3888 3316 3953 primusque
3329 3901 3441 3938 om-

1853 3955 2000 4007 nium
2035 3969 2100 4008 ex
2140 3955 2396 4008 Romanis
2435 3955 2850 4024 imperatoribus
2885 3955 3225 4009 Christianus
3249 3955 3365 4008 fuit.
3406 3975 3426 4007 ι

1850 4025 1984 4078 Cum
2022 4025 2314 4094 igiturbase
2346 4028 2598 4081 tradatet
2619 4028 2672 4080 iit
2703 4044 2796 4080 sua
2821 4026 3436 4080 Historiaecclesiastica

1853 4104 1908 4166 et
1959 4094 2012 4148 iit
2045 4093 2141 4166 Suo
2170 4093 2435 4150 Chronico
2472 4113 2577 4166 qua
2611 4099 2817 4152 ratione
2853 4105 3032 4166 posset
3061 4099 3110 4150 in
3142 4107 3438 4150 memorato

1853 4165 2060 4222 lihrorv
2089 4165 2223 4220 Viue
2242 4165 2603 4234 Constantini,
2645 4184 2763 4236 cap.
2801 4165 2866 4222 (il
2897 4178 2948 4221 et
2978 4167 3065 4232 62,
3109 4183 3171 4220 ea
3208 4183 3432 4223 narrare

1850 4237 1916 4289 de
1961 4236 2225 4304 perceptis
2263 4236 2586 4291 Nicomediae
2625 4240 3002 4301 sacramentis,
3051 4247 3158 4290 tum
3205 4236 3434 4294 subdere

1852 4305 1966 4358 lucc
2002 4307 2197 4360 verba:
2228 4325 2245 4356 ι
2283 4306 2440 4360 Solus
2470 4308 2631 4375 igitur
2660 4324 2724 4362 ex
2765 4309 3016 4362 omnibus
3058 4309 3146 4375 qui
3196 4323 3435 4374 unquam.

1849 4376 2069 4430 fuerunt
2098 4377 2512 4446 itnperatorilnts
2552 4378 2941 4433 Constantinus
2967 4379 3014 4430 in
3045 4379 3243 4430 Christi
3287 4393 3436 4430 mars

1853 4446 2007 4515 tyriis
2051 4457 2269 4501 renatus
2313 4457 2361 4500 et
2406 4461 2694 4504 renovatus
2738 4461 2840 4513 est,
2885 4458 2938 4502 ct
2987 4449 3168 4502 divino
3207 4449 3434 4501 tifjlltlllls

1852 4516 2125 4586 signaculo
2150 4516 2438 4588 exsultavit
2477 4520 2686 4588 spiritu.
2717 4530 3111 4587 renovatusque
3141 4527 3223 4573 est
3259 4532 3322 4571 ac
3349 4519 3433 4571 di-

1854 4589 1978 4658 vina
2009 4588 2126 4642 luce
2156 4587 2414 4657 repletus?
2449 4608 2466 4640 ›
2498 4587 2553 4643 Si
2598 4591 2712 4644 lucc
2755 4590 2886 4644 nihil
2927 4587 3229 4658 significant
3273 4602 3440 4658 quam

1854 4657 2198 4728 baptismum,
2232 4659 2500 4727 quomodo
2537 4660 2680 4714 solus
2711 4661 2851 4714 inter
2879 4657 3230 4728 imperatores
3255 4657 3436 4728 divino

1853 4726 2081 4781 donatus
2119 4726 2412 4797 signaculo,
2445 4729 2487 4784 si
2525 4731 2720 4784 seculo
2747 4729 2914 4783 ferme
2935 4726 3106 4784 solido
3138 4738 3263 4781 ante
3289 4726 3436 4781 Con-

1853 4799 2149 4868 stantinunt
2176 4798 2373 4868 primus
2402 4815 2432 4851 e
2467 4799 2726 4854 Romanis
2753 4798 3164 4868 imperatoribus
3205 4799 3438 4868 baptiza-

1856 4877 1940 4923 tus
1989 4867 2164 4923 fuerat
2206 4866 2481 4937 Pnilippus
2524 4879 2579 4923 et
2615 4866 2955 4925 Christianus
3003 4869 3240 4922 redditus
3279 4867 3435 4936 juxta

1856 4938 2182 4994 Eusebium?
2213 4935 2419 5008 Pugnat
2441 4955 2620 4993 secum
2647 4939 2956 5002 historicus,
2984 4939 3027 4993 si
3060 4935 3344 5006 utrobique
3370 4941 3436 4991 de

1854 5009 2105 5080 baptismi
2144 5017 2350 5080 tantum
2379 5009 2653 5080 signaculo
2679 5011 2991 5063 allirmetur.
3030 5009 3098 5080 At
3124 5012 3167 5062 si
3196 5009 3441 5080 divinum

1854 5077 2188 5156 signaculum
2217 5079 2350 5156 Osismi
2375 5077 2655 5156 ggipayiciu,
2683 5080 2963 5156 etplaiov
2992 5079 3324 5152 φυλακτήριον
3347 5077 3441 5130 Νἰη

1854 5149 2110 5204 comedim
2159 5149 2257 5218 ipsi
2307 5149 2583 5213 collatum,
2628 5149 3445 5218 intelligamussacramentum.

1853 5219 2316 5278 confirmationis.
2362 5220 2446 5273 cui
2496 5219 2823 5287 pcenitentize
2866 5230 3259 5280 sacramentum
3300 5231 3440 5285 prae»

1854 5291 2061 5344 miserit
2092 5289 2253 5358 (quod
2283 5287 2567 5360 Philippus.
2591 5291 2882 5358 imperator
2915 5290 3239 5360 fecissenon
3278 5287 3438 5360 tradi-

1856 5371 1940 5430 tur
1961 5361 2027 5412 ab
2055 5357 2369 5429 historico);
2411 5357 2752 5430 cmnponitur
2788 5371 3073 5428 utrumque
3098 5358 3300 5430 dictum
3332 5357 3440 5430 Eu-

1852 5429 2007 5500 sebii,
2039 5439 2096 5481 ut
2121 5426 2327 5500 primus
2361 5432 2499 5500 inter
2526 5426 3198 5500 imperatoresRomanos,
3241 5429 3290 5500 iu
3337 5426 3438 5500 Eu-

1851 5499 1982 5553 sebii
2029 5499 2317 5563 sententia,
2355 5498 2696 5554 Christianus
2741 5499 2811 5553 sit
2857 5498 3079 5556 effectus
3128 5513 3224 5567 per
3257 5499 3435 5567 bapti-

1851 5585 2025 5624 snunn
2057 5567 2368 5636 Philippus;
2411 5579 2464 5622 et
2512 5573 2655 5624 solus
2697 5571 2837 5625 inter
2879 5572 3232 5639 imperatores
3268 5583 3438 5636 usque

1851 5639 1916 5692 ad
1945 5646 2152 5693 attatcnt
2186 5639 2420 5710 Eusebii,
2452 5639 2760 5697 Christiano
2786 5642 2886 5694 ritu
2927 5639 3201 5710 professus
3227 5640 3438 5708 publice

1851 5710 2220 5779 pteniteutiam
2259 5707 2486 5780 Magnus
2525 5707 3052 5780 Constantinus—pec
3096 5707 3291 5764 arcana
3331 5724 3436 5780 sa.

1850 5781 2126 5835 c.:rdottun
2161 5779 2318 5836 verba
2350 5782 2400 5834 in
2435 5793 2498 5836 eo
2525 5790 2862 5836 sacramento
2890 5779 3166 5860 purgatus,
3196 5779 3442 5859 Spiritus,
