3892 5254
50 339 147 394 389

748 330 1192 393 lllS'l'OlllA‘ilE
1238 331 1413 385 ητις
1452 331 1617 387 ιιυΜ.
1659 332 1863 388 PONT.
1892 363 1958 371 -——
1997 335 2056 387 S.
2101 333 2494 389 SILVESTER.

3139 290 3276 392 ea

49 448 272 508 nrdauis,
313 461 407 512 spe
445 442 718 496 ulterioris
750 441 1042 510 profectus,
1073 442 1144 496 ita
1182 441 1384 495 diﬁ'erri
1423 441 1589 494 indul-
1617 447 1664 506 Α
1695 439 1917 512 lepram,
1963 460 1992 496 a
2037 459 2145 512 quo
2186 442 2500 567 metaphora
2551 441 2946 511 Scripturamm
2991 444 3273 567 desumpta

53 531 182 567 uret-
215 515 521 567 Discinlinaa
553 522 790 567 attamen
817 520 978 567 tenax
1019 512 1270 567 nrovidit.
1311 526 1380 564 ne
1409 513 1590 566 unctio
1701 522 1804 567 est.
1856 513 2009 566 valde
2037 513 2296 567 suspicor.
2349 513 2668 566 ‘onsuetudo
2696 515 2838 567 enim
2869 512 2985 567 eius
3029 523 3179 567 trans
3201 520 3273 567 ati

53 531 182 574 cret.
215 515 521 584 Disciplina:
553 522 790 584 attamen
817 520 978 570 tenax
1019 512 1270 584 providit,
1311 513 1590 584 neunctio

53 595 191 660 liqua
221 582 562 660 omitteretur
591 583 754 660 etiam
795 598 915 636 cum
947 584 1229 660 presbyter
1253 582 1592 660 baptizaret:

52 674 70 716 ι
107 652 347 720 invsterii
392 653 656 708 retinendi
697 667 860 706 causa
909 653 1207 716 constituit,
1257 662 1315 705 ut
1362 652 1597 720 baptiza-

49 749 123 784 am
163 718 347 782 .liniret
389 724 656 794 presbyter
704 724 1002 787 chrismate,
1051 721 1274 779 levatum
1325 721 1390 776 de
1429 718 1597 792 aqua,

60 801 159 853 und
187 805 434 850 occurret
457 795 700 859 sequenti
741 794 999 846 sectione.

50 865 51 870 “
89 871 351 923 l’r:eterea
398 863 738 931 disciplinam
790 862 1044 918 Ecclesiae
1085 863 1354 933 vigentem
1386 879 1513 927 suo,
1546 873 1600 918 et

49 939 264 994 iilvestri
315 935 536 997 saeculo,
563 934 614 986 in
650 934 957 986 chrismatis
999 947 1339 991 sacramento
1372 935 1601 988 admini—

53 1010 241 1064 tramlo
263 1023 368 1060 non
403 1018 614 1076 semper
659 1003 801 1056 illico
845 1012 965 1076 post
1002 1004 1361 1076 baptismum,
1394 1004 1485 1059 sed
1518 1005 1601 1058 in-

49 1078 278 1148 erposito
319 1075 640 1148 quandoque
686 1083 959 1148 tempore,
987 1076 1168 1148 varias
1196 1075 1267 1148 ob
1295 1090 1487 1148 causas
1515 1091 1600 1128 ra-

50 1144 306 1204 ionabiles
325 1144 352 1208 ,ί
373 1146 505 1198 satis
530 1159 844 1212 expressam
876 1144 1096 1198 exhibet
1137 1144 1290 1198 nobis
1319 1145 1377 1198 S.
1410 1144 1603 1198 llieroa

49 1233 218 1292 tylllllS
239 1217 298 1292 iii
326 1215 544 1289 Dialogo
563 1215 824 1292 adversus
843 1213 1217 1292 Luciferianos
1241 1255 1254 1279 ,
1285 1216 1372 1268 ubi
1397 1215 1598 1271 Ortho-

49 1281 191 1344 lorus
217 1286 450 1340 attirmat
481 1281 502 1338 ἴ
533 1302 550 1334 ι
587 1281 739 1339 llanc
767 1298 888 1337 esse
915 1284 1266 1340 ecclesiarum
1309 1296 1600 1340 consuetu-

49 1363 234 1420 iiuem,
262 1365 321 1409 ut
367 1355 434 1409 ad
468 1370 593 1418 eos,
629 1355 722 1423 qui
752 1354 907 1423 longe
950 1356 1002 1408 iu
1047 1355 1344 1410 minoribus
1375 1355 1598 1411 urbibus

49 1446 115 1482 ter
145 1428 490 1497 presbyteros
512 1434 563 1478 et
589 1426 846 1497 diacotios
867 1425 1121 1497 baptizati
1144 1435 1292 1487 sunt,
1315 1426 1598 1497 episc0pus

50 1502 86 1553 id
119 1494 514 1552 invocationem
556 1496 726 1548 sancti
758 1494 1022 1563 Spiritus,
1071 1511 1286 1549 manum
1316 1494 1596 1564 impositu-

50 1586 116 1624 us
148 1576 400 1622 excurrat
438 1586 455 1615 ι
493 1585 503 1617 :
530 1573 583 1618 et
614 1564 770 1632 paulo
801 1575 921 1631 post
952 1566 1052 1619 hoc
1090 1566 1226 1619 idem
1259 1565 1476 1619 nitidius
1505 1581 1599 1619 ex-

49 1641 259 1700 plicans,
289 1639 443 1690 docet
478 1653 491 1688 :
525 1655 541 1685 ι
580 1635 727 1688 llauc
752 1634 1182 1690 observationem
1209 1650 1274 1689 ex
1312 1651 1375 1690 ea
1407 1643 1596 1690 aucto-

50 1711 181 1763 ‘itate
207 1705 564 1769 descendere,
605 1705 746 1774 quod
774 1713 898 1775 post
920 1720 1202 1760 ascensum
1235 1706 1442 1760 Domini
1475 1705 1599 1775 8ρί-

49 1781 157 1833 'itus
199 1787 422 1831 sanctus
463 1776 529 1828 ad
573 1775 846 1844 apostolos
872 1774 1181 1834 descendit,
1215 1785 1274 1828 ut
1313 1774 1524 1830 scilicet
1545 1777 1597 1830 in

49 1849 249 1902 scelesia
280 1847 584 1916 baptizatus
603 1886 615 1905 ,
649 1845 751 1898 nisi
776 1861 870 1914 per
895 1861 1084 1899 manus
1105 1846 1339 1915 episcopi
1374 1862 1478 1900 non
1507 1863 1598 1902 ac-

49 1921 187 1987 tipiat
215 1917 477 1987 Spiritum
509 1925 754 1968 sanctum
790 1916 862 1984 (in
894 1927 1218 1987 sacramento
1245 1916 1380 1984 conﬁ
1394 1919 1606 1987 rotatio-

49 1986 124 2057 uis)
155 1986 316 2056 quem
349 2002 447 2039 nos
479 1986 772 2039 asserimus
804 1988 854 2038 in
880 2001 1007 2057 vero
1043 1986 1364 2054 baptismate
1390 1986 1552 2040 tribui
1589 2003 1601 2039 :

49 2069 79 2110 ξι
109 2056 230 2112 inde
260 2057 500 2120 veniret,
549 2065 607 2106 ut
647 2056 763 2109 sine
793 2056 1086 2109 chrismate
1127 2064 1179 2109 et
1229 2057 1462 2126 episcopi
1486 2057 1604 2126 jus-

50 2131 203 2191 .ione,
239 2141 416 2194 neque
445 2126 727 2194 presbyter
767 2141 942 2195 neque
988 2126 1246 2180 diaconus.
1275 2127 1368 2195 'jus
1413 2126 1608 2181 habeat

50 2197 356 2266 iaptizandi,
381 2197 521 2266 quod
555 2195 885 2263 frequenter,
920 2195 962 2248 si
998 2197 1494 2266 tamennecessitas
1519 2211 1608 2251 co-

49 2265 149 2329 :at,
173 2267 377 2320 scimus
397 2265 554 2317 etiam
580 2266 742 2319 licere
779 2266 949 2318 Iaicis.
986 2285 1003 2316 ι
1041 2265 1333 2334 Baptizatis
1361 2267 1522 2336 igitur
1553 2268 1608 2321 in

65 2338 244 2400 iculis,
284 2347 378 2387 aut
421 2337 471 2388 in
507 2336 780 2399 castellis,
810 2346 903 2388 aut
949 2336 1000 2388 in
1051 2337 1431 2391 remotioribus
1475 2336 1608 2392 locis

49 2424 118 2460 ier
144 2406 497 2476 presbyteros
523 2414 577 2458 et
607 2407 862 2459 diaconos
891 2406 966 2458 ait
986 2407 1204 2460 evenire
1239 2415 1290 2459 ut
1345 2418 1478 2461 ante
1497 2408 1608 2464 vita

50 2478 278 2530 :xcedanl
308 2517 321 2537 ,
354 2491 445 2530 seu
474 2476 776 2541 dormiant,
807 2491 966 2544 quam
999 2491 1098 2545 per
1127 2477 1436 2546 episcopum
1466 2477 1604 2531 invi‘

56 2557 205 2600 antur
238 2565 249 2599 :
295 2546 431 2599 unde
479 2555 658 2614 patet,
690 2562 796 2598 non
825 2546 1075 2599 omnibus
1105 2549 1269 2601 etiam
1319 2546 1516 2601 adultis
1544 2548 1609 2601 il-

49 2619 126 2669 ico
157 2627 278 2685 post
317 2615 672 2682 baptismum,
703 2615 938 2669 conferri
975 2618 1319 2670 consuevisse
1345 2619 1610 2671 chrisma-

55 2688 96 2738 is
118 2694 522 2741 sacramentum
546 2725 559 2748 ,
588 2690 679 2737 sed
705 2702 802 2754 pro
827 2687 973 2738 varia
1003 2687 1408 2755 opportunitate
1429 2687 1610 2741 diﬁ‘er-

50 2758 72 2808 ’ἰ
93 2798 106 2820 ,
139 2756 391 2826 utetiam
423 2755 578 2807 hodie
605 2757 661 2826 lit
690 2773 702 2809 :
735 2757 1186 2822 quemadmodum
1217 2757 1452 2826 Spiritus
1479 2773 1606 2810 san-

50 2837 146 2878 :tus
168 2827 230 2897 in
247 2825 408 2880 Actis
433 2825 796 2897 apostolorum
826 2828 997 2897 datus
1016 2825 1470 2897 pluribus’diebus
1491 2837 1612 2897 post

50 2896 401 2950 ISCBIISiOllCln
470 2895 677 2948 Domini
749 2897 889 2950 hanc
951 2896 1287 2965 disciplinam
1357 2895 1612 2953 Ecclesia:

50 2967 353 3019 'noustravit
403 2965 795 3032 attemperandi
853 2965 1192 3020 collationem
1256 2967 1608 3030 chrismatis,

49 3051 131 3107 seu
157 3034 582 3107 conﬁrmationis
608 3036 932 3107 sacramenti
955 3035 1113 3102 juxta
1151 3038 1608 3107 opportunitatem

55 3105 136 3158 oci
191 3120 264 3176 ac
301 3104 557 3171 temporis
577 3143 592 3167 ,
617 3105 849 3176 caeteris
877 3104 1204 3176 muneribus
1225 3104 1306 3160 ab
1356 3107 1613 3176 epis00po

50 3173 326 3245 ibeumlis,
352 3183 445 3245 aut
484 3174 660 3228 causis
685 3173 958 3245 dilationis
984 3177 1051 3229 ab
1080 3176 1194 3245 ipso
1227 3173 1604 3245 approbaudis.

49 3243 145 3296 \‘on
175 3244 335 3317 igitur
360 3244 753 3317 t'nirurii‘videri
784 3244 976 3317 debet,
1009 3245 1055 3300 si
1097 3243 1310 3300 eadem‘
1332 3247 1616 3317 disciplina

52 3330 162 3367 lSllS
187 3312 270 3366 est
299 3313 490 3367 beatus
511 3312 773 3367 Silvester
801 3315 853 3367 in
884 3317 1210 3370 reservanda
1238 3312 1614 3384 opportuniori

53 3398 182 3446 oco,
214 3392 562 3454 aciteinpore
590 3384 1003 3454 conﬁrmatione
1037 3385 1378 3439 Constantini
1402 3427 1416 3448 ,
1449 3403 1613 3454 quam

54 3470 83 3506 η
113 3452 338 3506 exordio
367 3453 618 3507 Ecclesia:
650 3470 678 3506 a
708 3452 913 3521 Spiritu
945 3464 1135 3508 sancto
1163 3456 1424 3522 apostolis
1453 3452 1614 3515 tradi-

51 3538 135 3593 am
172 3525 549 3593 cognoscebat.

99 3592 256 3646 Stat
297 3593 457 3661 igitur
541 3609 751 3647 summa
829 3595 1092 3648 dictorum
1177 3609 1298 3648 cum
1377 3593 1616 3662 legitimo

49 3677 187 3716 iCllSll
221 3662 546 3716 Eusebianze
587 3663 837 3717 llistoria:
865 3673 919 3716 et
947 3664 1319 3732 Chronologiae
1349 3664 1414 3717 de
1464 3663 1576 3716 Vita
1598 3705 1612 3728 ,

49 3743 184 3785 etate
229 3747 294 3786 ac
351 3733 625 3800 baptismo
674 3734 734 3786 Β.
787 3733 1001 3788 Helenae
1045 3743 1098 3786 et
1138 3733 1514 3798 Constantini,
1563 3743 1616 3789 et

50 3802 351 3874 :ouciliatur
396 3818 538 3874 cuin
572 3802 872 3857 Nestoriani
932 3815 1014 3874 et,
1041 3803 1244 3857 Malala:
1287 3804 1618 3874 chronOgra-

50 3873 183 3937 mia,
235 3881 291 3926 et
333 3872 678 3936 narratione,
724 3883 780 3927 et
829 3889 952 3928 cum
999 3873 1400 3928 Bibliothecarii
1433 3872 1611 3934 teitu,

50 3943 446 4014 isserentibus;
497 3941 824 4010 baptizatum
860 3943 1043 4014 tuisse
1090 3959 1118 3996 a
1143 3943 1436 4014 iSilvestro
1479 3961 1618 4014 papa

49 4013 166 4065 tium
214 4012 377 4077 illum
425 4012 810 4082 imperatorem
857 4013 911 4067 iu
960 4014 1093 4069 urbe
1142 4013 1310 4068 Ruina
1357 4014 1426 4068 ad
1461 4012 1617 4071 Late-

50 4097 240 4135 anum.

98 4153 194 4206 Sin
220 4163 405 4207 autem
435 4153 648 4221 phrasis
679 4153 909 4208 Eusebio
951 4161 1208 4223 usurpata
1240 4155 1458 4208 lavacro
1502 4170 1616 4224 pm-

50 4222 300 4287 iiteiitim,
354 4239 419 4276 ac
469 4225 534 4276 de
581 4224 859 4293 signaculo
888 4222 1316 4284 conﬁrmationis
1350 4222 1614 4277 transi’or-

50 4293 239 4346 nandae
264 4295 384 4361 ejus
423 4297 700 4347 sententia:
725 4311 910 4348 ansam
955 4295 1105 4348 dedit
1132 4296 1365 4359 Arianis,
1411 4296 1462 4348 id
1509 4312 1614 4348 non

49 4372 112 4415 est
141 4363 274 4415 vitio
306 4364 624 4416 vertendum
673 4366 964 4428 historico,
992 4365 1083 4418 sed
1124 4367 1470 4419 abutentibus
1501 4363 1618 4432 ejus

51 4435 255 4504 iistoria
291 4433 345 4504 in
385 4433 740 4504 patrocinium
780 4436 982 4488 erroris
1015 4452 1028 4487 :
1068 4436 1298 4504 posteris
1353 4450 1483 4488 vero
1521 4435 1613 4488 ab-

1701 522 1804 575 est,
1856 513 2009 566 valde
2037 513 2296 581 suspicor.
2323 512 2668 567 Consuetudo
2696 515 2838 567 enim
2869 512 2985 582 ejus
3029 512 3276 572 translati

1702 584 1850 638 verbi
1873 585 1937 654 Ain
1969 582 2266 654 Scripturis
2293 583 2603 654 adpeccata
2636 583 2984 654 signiﬁcanda
3012 586 3274 653 adhibiti,

1702 669 1825 735 onor
1871 652 2074 735 lepram
2106 669 2141 734 a_
2176 652 2782 735 lepraudistiuguere'ad
2814 652 3059 735 “cilicium
3092 652 3277 735 sacer?-

1701 722 1843 778 dotis
1864 723 2112 786 refertur,
2129 723 2198 776 ita
2219 722 2500 778 familiaris
2513 732 2629 776 erat
2642 733 2799 777 aetate
2813 722 3053 779 Silvestri
3070 734 3124 779 et
3139 726 3278 783 Con-

1702 794 1958 864 stantini,
1992 793 2462 864 utecclesiastieis
2511 794 2642 864 viris
2670 795 2870 864 passim
2913 807 3280 852 assumeretur

1701 863 1875 935 etiam
1917 863 1969 916 in
2019 863 2285 935 diotandis
2333 862 2630 935 canonibus
2673 862 3026 918 conciliorum
3077 883 3088 918 :
3135 870 3276 935 quod

1701 933 2047 1004 perspicuum
2082 933 2140 986 ﬁt
2171 933 2468 1003 legentibus
2496 948 2758 988 canonem
2809 935 2874 988 Π
2917 936 3132 989 concilii
3154 933 3276 991 ’Λιι-

1703 1006 1886 1072 cyrani
1916 1007 2016 1058 sub
2047 1004 2337 1063 Silvestro,
2367 1004 2440 1057 ita
2471 1013 2787 1072 conceptum
2806 1045 2819 1066 ,
2850 1020 2914 1058 ac
2936 1005 3127 1060 Latine
3155 1009 3279 1062 red-

1701 1061 1871 1147 ditum
1904 1091 1916 1126 :
1954 1092 1971 1147 ς
2005 1075 2107 1147 Eos
2146 1074 2253 1147 qui
2282 1061 2724 1147 irrationabiliier
2751 1061 2985 1147 viserint
3007 1116 3022 1140 ,
3052 1086 3106 1130 et
3134 1061 3279 1147 lepra

1703 1145 1864 1218 inusti
1896 1144 2137 1218 criminis
2186 1143 2321 1198 alios
2346 1143 2669 1218 pollueriut,
2701 1146 2954 1218 prazcepit
2977 1155 3160 1201 sancta
3181 1143 3285 1218 jsy-

1702 1216 1875 1269 nodus
1903 1216 2041 1268 inter
2069 1229 2163 1268 eos
2188 1229 2378 1278 orare,
2421 1214 2511 1282 qui
2543 1214 2732 1282 spiritu
2769 1214 3144 1283 periclitantur
3179 1214 3279 1269 im-

1702 1287 1920 1356 mundo.
1957 1305 1973 1336 ι
2006 1283 2176 1354 Lepra
2211 1284 2374 1356 igitur
2407 1284 2727 1356 criminum,
2753 1299 2856 1356 non
2899 1285 3046 1354 lepra
3090 1301 3280 1356 corpo-

1702 1354 1779 1412 ris
1807 1356 2118 1408 mundatum
2147 1354 2475 1409 exhibebant
2503 1354 2913 1408 Constantinum
2952 1357 3164 1410 sincera
3188 1354 3283 1411 illa

1701 1426 2022 1479 documenta
2085 1440 2205 1493 quae
2254 1424 2595 1479 describebat
2633 1433 2822 1479 auctor
2875 1426 3098 1481 secundi
3126 1437 3280 1482 cata-

1701 1495 1805 1561 logi
1824 1536 1838 1558 ,
1866 1503 1920 1548 et
1943 1510 2061 1548 cum
2090 1511 2155 1550 eo
2178 1494 2629 1549 Bibliothecarius
2656 1495 2707 1548 in
2733 1497 2836 1550 hoc
2862 1511 3120 1562 numero,
3154 1499 3278 1551 dum

1701 1565 2075 1630 afﬁrmabant,
2131 1581 2160 1618 a
2221 1565 2481 1619 Silvestre
2532 1580 2670 1634 papa
2725 1566 3057 1635 baptizatum
3119 1568 3283 1623 fuisse

1701 1637 2114 1690 Constantinum
2170 1636 2502 1705 Augustum,
2556 1654 2574 1686 ‹
2629 1651 2787 1704 quem
2834 1639 3044 1690 curavit
3099 1637 3281 1692 Domi—

1703 1722 1804 1760 nus
1833 1722 1928 1775 pcr
1960 1707 2279 1774 baptismum
2307 1723 2337 1758 a
2370 1705 2537 1774 lepra.
2576 1724 2594 1757 ι
2622 1706 2756 1763 Acta
2781 1705 3025 1762 Silvestri
3060 1724 3165 1762 non
3199 1709 3280 1762 in-

1703 1775 1963 1845 terpolata
1983 1816 1996 1838 ,
2046 1775 2323 1845 probabile
2367 1777 2651 1829 admodum
2694 1785 2812 1839 est,
2841 1777 2972 1830 nihil
3002 1778 3137 1830 ultra
3169 1779 3284 1832 lucc

1711 1846 1875 1901 verba
1902 1844 2066 1900 fuisse
2095 1846 2405 1914 complexa;
2450 1860 2572 1899 cum
2605 1845 2737 1904 nihil
2761 1846 2846 1900 his
2887 1846 3143 1916 adiecerit
3171 1849 3281 1902 Au-

1712 1927 1832 1971 ctor
1863 1917 2078 1970 secundi
2108 1917 2336 1986 calalogi
2362 1956 2376 1977 ,
2423 1916 2662 1984 nihilque
2693 1917 2959 1971 addiderit
2986 1919 3281 1973 Bibliothe-

1711 1987 1893 2040 carius
1925 1986 2151 2040 ﬁdeliter
2175 1986 2541 2041 transcribens
2565 1986 2802 2055 phrasim
2841 1989 3038 2056 passim
3075 1988 3285 2041 adhibi-

1712 2065 1825 2129 tam
1849 2072 1945 2129 per
1981 2071 2099 2111 eam
2122 2057 2527 2129 mtatenretiaoi
2561 2057 2612 2108 in
2639 2071 2848 2129 canone
2871 2058 3083 2112 concilii
3106 2058 3284 2129 Ancy-

1712 2127 1851 2180 rani.
1889 2125 2050 2180 Vetus
2091 2125 2627 2198 arcauiddisciplina,
2679 2127 2754 2198 in_
2783 2129 3054 2198 mysteriis
3100 2125 3284 2182 sacra-

1711 2205 2015 2251 mentorum
2055 2195 2383 2260 tractandis,
2434 2206 2591 2266 caute
2639 2195 2885 2266 proloqui
2937 2199 3187 2261 studens,
3230 2207 3286 2253 et

1708 2266 2060 2336 profanorum
2119 2266 2290 2320 oculis
2354 2265 2630 2322 occultare
2706 2266 2940 2320 ﬁdelium
3009 2269 3281 2322 sanctiora

1712 2337 2065 2410 theoremata,
2119 2338 2194 2390 ita
2235 2345 2550 2410 assueverat
2584 2337 2662 2410 uti
2704 2337 2979 2410 translatis
3019 2338 3281 2410 ejusmodi

1713 2405 2097 2478 locutionibus,
2125 2407 2393 2476 expressis
2417 2407 2469 2459 in
2495 2406 2692 2478 divinis
2736 2406 2954 2478 litteris,
2984 2405 3061 2461 ut'
3081 2409 3282 2478 passim

1710 2491 1803 2538 eas
1830 2477 2110 2548 adhiberet
2143 2487 2395 2546 tanquam
2413 2476 2912 2548 preprias,siveﬁut
2941 2476 3284 2548 propriarum

1710 2546 2136 2618 tequipollentes,
2168 2555 2221 2600 ct
2245 2547 2567 2618 quandoque
2596 2547 2648 2618 in
2673 2547 3026 2618 signiﬁcando
3045 2546 3287 2618 expedi-

1714 2617 1908 2687 tiores,
1969 2617 2124 2687 juxta
2181 2617 2444 2687 itumitum
2487 2618 2548 2670 Β.
2594 2617 2876 2687 Augustini
2922 2618 2975 2676 in
3017 2617 3169 2672 libris
3219 2619 3286 2673 de

1710 2685 1984 2758 Doctrina
2007 2685 2497 2758 Cliristiana._ﬂaec
2532 2685 2724 2740 deinde
2774 2688 3019 2758 dogmata
3065 2687 3282 2758 ﬁguris,

1711 2770 1775 2812 ac
1801 2756 2078 2810 translatis
2104 2757 2308 2810 inclusa
2341 2755 2585 2810 ﬁdelibus
2606 2755 3286 2827 distincte’exponebantur

1710 2842 1807 2894 per
1833 2827 2144 2881 sacerdotes
2172 2842 2381 2881 arcente
2407 2827 2658 2880 doctrina:
2681 2827 2936 2896 mysteriis
2962 2829 3241 2881 instructos
3269 2843 3282 2879 :

1711 2911 1848 2963 quos
1870 2897 2031 2950 etiam
2058 2896 2368 2966 adhibuisse
2390 2895 2804 2966 Constantinum
2829 2897 2897 2950 ab
2919 2898 3036 2966 ipso
3058 2913 3285 2954 convcr-

1711 2966 1879 3020 sionis
1921 2966 2076 3021 initio
2121 2965 2278 3020 docet
2307 2965 2588 3020 Eusebius.
2630 2966 2894 3035 Tempora
2922 2965 3051 3021 vero
3099 2968 3290 3023 subsc-

1711 3047 1836 3089 cuta
1889 3037 2258 3108 exmmysticis
2314 3051 2377 3108 ac
2423 3035 2811 3108 metaphoricis
2871 3036 3282 3102 locutiouibus,

1714 3107 2017 3174 compendii
2048 3105 2229 3166 causa,
2263 3105 2580 3161 substitutis
2613 3107 2956 3228 propriorum
2992 3109 3284 3161 verborum

1720 3175 1862 3228 usui.
1893 3191 2080 3228 ansam
2110 3178 2434 3228 ouandooue
2487 3177 2613 3228 obtu
2639 3184 2800 3228 erunt
2849 3176 3163 3228 lectoribus.
3203 3192 3284 3228 se-

1720 3175 1862 3239 nsui,
1893 3191 2080 3230 ansam
2110 3178 2434 3244 quandoque
2487 3175 2800 3231 obtulerunt
2849 3176 3163 3241 lectoribus,
3203 3192 3292 3232 se-

1718 3247 1925 3314 quioris
1972 3247 2272 3314 prtesertim
2313 3245 2489 3299 artatis
2515 3286 2529 3310 ,
2573 3260 2781 3316 suoque
2825 3256 2997 3300 marte
3033 3247 3179 3300 ausis
3225 3261 3294 3302 ea

1718 3317 2103 3386 interpretari;
2140 3324 2197 3368 ut
2226 3316 2436 3386 ineptas
2485 3319 2825 3386 narrationes
2860 3317 3187 3371 deducerent
3221 3331 3290 3372 ex

1717 3385 1965 3456 ignorata
2003 3386 2053 3438 vi
2090 3385 2334 3439 translati
2372 3386 2519 3439 verbi
2543 3425 2556 3448 ,
2606 3385 2764 3456 longe
2791 3385 3003 3441 diverso
3032 3401 3189 3440 sensu
3220 3386 3289 3440 ab

1717 3453 1808 3530 illo
1837 3457 2010 3523 primo
2039 3457 2302 3530 scriptore
2331 3455 2586 3530 adhibiti,
2631 3453 3141 3530 ac'perciperetura
3165 3471 3288 3511 sero

1715 3523 1897 3591 aliquo
1927 3523 2313 3590 transcriptore
2343 3541 2354 3575 :
2387 3525 2476 3591 qui
2505 3525 2698 3578 deinde
2724 3523 2890 3581 ausus
2938 3540 3057 3580 sese
3103 3528 3153 3579 in
3194 3541 3291 3580 au-

1716 3601 1921 3672 ctorem
1965 3592 2174 3672 erigere
2219 3592 2562 3672 admirabilis
2609 3594 2836 3672 alicujus
2879 3595 3119 3649 historia:
3168 3596 3289 3672 aliis

1717 3662 1999 3732 ignorataz,
2050 3662 2279 3732 iuventa
2335 3676 2432 3715 sua
2500 3663 2831 3726 venditabat,
2889 3673 2980 3718 aut
3032 3665 3289 3718 assuebat

1716 3731 1959 3787 veterum
1989 3731 2410 3797 narrationibus,
2440 3731 2512 3785 ita
2545 3741 2604 3787 ut
2635 3734 2688 3787 in
2717 3733 2988 3795 nonnullis
3008 3734 3285 3790 codicibus

1718 3803 1932 3857 additus
1956 3803 2257 3871 reperiatur
2286 3817 2543 3857 numerus
2567 3804 2726 3858 trium
2754 3803 2977 3865 millium
3001 3803 3288 3858 infantium

1719 3873 1786 3926 ad
1825 3873 2077 3941 balneum
2113 3872 2455 3932 Constantini
2487 3873 2647 3943 lepra:
2674 3875 2972 3944 parandum
2998 3873 3292 3929 crudeliter

1720 3944 2149 4016 mactaudorum,
2181 3956 2395 4016 quema
2416 3944 2690 4016 codicibus
2738 3945 3013 4016 castigatis
3041 3959 3290 4000 resecan-

1719 4013 1846 4091 dum
1879 4013 2245 4091 censuitcura
2271 4011 2578 4091 diligentior
2606 4011 2968 4091 posterorum.

1791 4082 2074 4159 Quidpiam
2105 4083 2268 4156 igitur
2289 4082 2489 4159 simile
2509 4082 2999 4159 procusunrt‘uisse
3045 4086 3292 4157 suspicor

1719 4169 1782 4236 ex
1814 4153 2076 4236 plirasiet
2115 4153 2427 4236 metaphora
2471 4153 2628 4235 {forte
2669 4173 2762 4236 per
2790 4157 3104 4236 inpiismiim
3139 4153 3295 4210 'mun-

1721 4225 1859 4277 data?
1883 4224 1934 4277 in
1962 4223 2185 4296 historia
2206 4224 2544 4296 constantinj
2585 4241 2614 4277 a
2645 4223 2959 4296 s'impliciori
2991 4227 3171 4293 aliquo
3194 4243 3283 4280 ar-

1722 4296 1866 4348 tilicc
1890 4295 2294 4363 scquiorismvi,
2311 4308 2374 4347 ac
2393 4293 2522 4348 illud
2551 4293 2814 4358 vetusuus
2837 4297 3289 4363 additamentum,

1721 4365 1862 4433 quod
1897 4363 2076 4434 minus
2102 4363 2288 4419 felices
2314 4365 2634 4434 interpretes
2664 4366 2903 4421 historiae
2952 4367 3296 4432 Eusebianm,

1720 4434 2018 4506 siveeliam
2050 4433 2237 4489 Ariani
2269 4433 2492 4506 studiosi
2537 4435 2654 4504 ejus
2709 4445 3054 4506 corruptores
3101 4452 3294 4505 procu-

50 4517 158 4578 rsus
188 4502 276 4556 ille
305 4503 674 4578 imprudenter
697 4505 972 4573 imposuit,
1001 4500 1122 4560 cuin
1148 4504 1476 4578 illegitimam
1501 4504 1616 4574 pla-
1646 4500 1696 4557 D
1718 4505 1950 4578 dendum
1976 4515 2246 4578 curarunt
2273 4505 2325 4559 in
2358 4500 2586 4578 gratiam
2618 4507 2849 4578 gregalis
2871 4500 2959 4561 sui
2989 4500 3292 4578 Constantii

49 4573 324 4638 giariorum
361 4574 720 4627 detorsioncm
743 4614 758 4636 ,
809 4589 904 4642 pro
951 4584 1098 4628 recto
1128 4573 1420 4629 scribentis
1446 4590 1612 4628 sensu

49 4643 390 4695 idiniserunt.
419 4642 622 4712 lmponi
668 4653 846 4714 autem
871 4645 1156 4714 posteris,
1197 4645 1431 4714 sequiori
1479 4660 1618 4712 pra!-

50 4714 213 4764 ertim
261 4719 450 4772 (etate,
499 4729 603 4766 non
653 4714 752 4766 fuit
803 4713 1016 4768 dillicile
1068 4715 1171 4770 hac
1225 4713 1285 4768 in
1350 4714 1614 4778 historia,

51 4790 218 4854 'exata
252 4790 332 4833 tot
376 4781 582 4854 artibus
627 4783 1002 4854 luereticorum
1049 4801 1062 4838 :
1111 4785 1304 4854 quibus
1345 4784 1618 4838 .tribuitur

52 4850 259 4905 nutatio
326 4851 562 4905 nominis
627 4852 926 4909 Constantii
985 4854 1037 4908 in
1091 4850 1501 4910 Constantinum
1562 4856 1615 4908 in

53 4919 495 4998 esturthanasii
522 4925 587 4998 de
609 4921 1096 4998 Synodis,necno_n
1127 4926 1431 4989 Ambrosii,
1469 4925 1618 4979 Zosi-

50 4990 133 5051 ni,
189 4990 472 5053 Socratis,
530 4990 816 5049 Sozdnicni
851 4990 992 5049 loca
1061 4995 1112 5048 in
1180 4999 1398 5050 dubimu
1463 5012 1615 5052 revo-

50 5069 141 5139 ata
164 5100 176 5121 ,
204 5068 258 5111 et
286 5076 314 5110 a
345 5059 575 5144 Baronio
602 5077 828 5142 excussa
846 5107 861 5131 ,
886 5067 960 5144 uti
987 5081 1050 5144 ex
1086 5066 1244 5136 Pugio
1288 5066 1626 5138 adnotabam

1721 4577 1787 4630 de
1841 4575 2125 4648 baptist
2169 4575 2601 4648 Nicomediensi,
2629 4575 2848 4648 sumpta
2894 4577 3184 4632 occasione
3230 4594 3298 4632 ex

1722 4646 2034 4720 metaphora
2065 4645 2306 4720 _Euscbii
2329 4685 2343 4707 ,
2393 4659 2496 4720 qua
2527 4645 3177 4720 spiritus—purgationem
3203 4664 3300 4718 per

1719 4714 2158 4784 exomOlogesim,
2193 4732 2285 4774 seu
2326 4716 2696 4783 pwniteutiam
2746 4714 2951 4778 nbntiite
2980 4714 3218 4781 lavacri;
3249 4730 3305 4773 et

1721 4794 2120 4853 sacramentum
2198 4786 2618 4844 conlirtnatiouis
2671 4803 2768 4858 per
2813 4786 3134 4858 vocabulum
3202 4789 3302 4858 ipsi

1721 4869 2144 4932 communicenm
2174 4858 2456 4932 baptismo,
2476 4855 2835 4932 neinpediviui
2858 4855 3144 4932 signaculi,
3167 4855 3308 4921 Θείας

1724 4925 2021 5001 “mam
2045 4925 2112 4978 de
2142 4925 2498 5001 Coristantino
2521 4925 2743 5001 loquens
2769 4925 3050 5001 expressit.

1795 4995 1991 5065 Neque;
2026 5009 2091 5048 ex
2146 5000 2337 5060 verbis
2363 4995 2608 5054 Chronici
2657 4995 2940 5054 Eusebiani
2979 4995 3033 5048 in
3093 4997 3346 5055 adtlita-'

1723 5063 1905 5144 mento
1953 5063 2610 5144 llieronymi.quidquam
2642 5069 2945 5144 _p_roﬁcien_t
3005 5076 3320 5126 assertores
